{"gold_per_floor":[109,109,65,65,75,75,91,121,121,153,153,153,153,178,178,252,252,222,66,266,283,295,295,306,323,349,368,299,309,159,159,159,231,231,249,266,28,28,38,38,54,65,65,84,84,103,18,29,29,29,29],"floor_reached":52,"playtime":4234,"items_purged":["Strike_G","Strike_G"],"score":1656,"play_id":"19eeef6b-aed9-4b90-ab57-af322456605a","local_time":"20190418094029","is_ascension_mode":true,"campfire_choices":[{"data":"Footwork","floor":6.0,"key":"SMITH"},{"data":"Noxious Fumes","floor":15.0,"key":"SMITH"},{"data":"Terror","floor":23.0,"key":"SMITH"},{"data":"Noxious Fumes","floor":32.0,"key":"SMITH"},{"data":"Noxious Fumes","floor":45,"key":"SMITH"},{"data":"Survivor","floor":49,"key":"SMITH"}],"neow_cost":"NONE","seed_source_timestamp":603742377708192,"circlet_count":0,"master_deck":["AscendersBane","Defend_G+1","Defend_G+1","Defend_G+1","Defend_G+1","Defend_G+1","Strike_G+1","Strike_G+1","Strike_G+1","Survivor+1","Neutralize+1","Flying Knee","Footwork+1","Terror+1","Noxious Fumes+1","Envenom+1","Leg Sweep+1","Backflip+1","Noxious Fumes+1","Dodge and Roll+1","Noxious Fumes+1","Cloak And Dagger+1","Acrobatics+1","Dodge and Roll+1","Cloak And Dagger+1","PiercingWail+1","Blade Dance+1","Backflip+1"],"special_seed":0,"relics":["Ring of the Snake","Art of War","Kunai","Bird Faced Urn","Unceasing Top","Toxic Egg 2","Coffee Dripper","Orichalcum","Pen Nib","Lizard Tail","TwistedFunnel","Darkstone Periapt"],"potions_floor_usage":[44,50,51],"damage_taken":[{"damage":5.0,"enemies":"Small Slimes","floor":1.0,"turns":6.0},{"damage":0.0,"enemies":"Cultist","floor":5.0,"turns":4.0},{"damage":1.0,"enemies":"Jaw Worm","floor":7.0,"turns":4.0},{"damage":9.0,"enemies":"Lagavulin","floor":8.0,"turns":5.0},{"damage":12.0,"enemies":"Gremlin Nob","floor":10.0,"turns":4.0},{"damage":0.0,"enemies":"Exordium Thugs","floor":11.0,"turns":2.0},{"damage":14.0,"enemies":"3 Sentries","floor":14.0,"turns":9.0},{"damage":28.0,"enemies":"Slime Boss","floor":16.0,"turns":8.0},{"damage":19.0,"enemies":"2 Thieves","floor":18.0,"turns":4.0},{"damage":13.0,"enemies":"Shell Parasite","floor":21.0,"turns":6.0},{"damage":3.0,"enemies":"Snecko","floor":22.0,"turns":7.0},{"damage":5.0,"enemies":"Sentry and Sphere","floor":24.0,"turns":7.0},{"damage":20.0,"enemies":"Snake Plant","floor":25.0,"turns":6.0},{"damage":6.0,"enemies":"Centurion and Healer","floor":27.0,"turns":8.0},{"damage":10.0,"enemies":"Sentry and Sphere","floor":29.0,"turns":6.0},{"damage":15.0,"enemies":"Champ","floor":33.0,"turns":13.0},{"damage":6.0,"enemies":"3 Darklings","floor":35.0,"turns":10.0},{"damage":20.0,"enemies":"3 Shapes","floor":36.0,"turns":6.0},{"damage":16.0,"enemies":"3 Darklings","floor":39.0,"turns":8.0},{"damage":15.0,"enemies":"Maw","floor":41.0,"turns":8.0},{"damage":0.0,"enemies":"4 Shapes","floor":42.0,"turns":7.0},{"damage":11,"enemies":"Transient","floor":44,"turns":6},{"damage":0,"enemies":"Maw","floor":46,"turns":7},{"damage":0,"enemies":"Spire Growth","floor":48,"turns":6},{"damage":32,"enemies":"Donu and Deca","floor":50,"turns":10},{"damage":36,"enemies":"Awakened One","floor":51,"turns":17}],"seed_played":"-4893125411755954490","potions_obtained":[{"floor":4.0,"key":"SmokeBomb"},{"floor":4.0,"key":"Strength Potion"},{"floor":8.0,"key":"Explosive Potion"},{"floor":14.0,"key":"FearPotion"},{"floor":25.0,"key":"EssenceOfSteel"},{"floor":27.0,"key":"PowerPotion"},{"floor":29.0,"key":"Regen Potion"},{"floor":35.0,"key":"FearPotion"},{"floor":39.0,"key":"SteroidPotion"},{"floor":42.0,"key":"Swift Potion"}],"is_trial":false,"path_per_floor":["?","$","?","M","?","?","?","M","?","M","?","?","M","$"],"character_chosen":"THE_SILENT","items_purchased":["Footwork","Noxious Fumes","Acrobatics+1","Cloak And Dagger+1","TwistedFunnel","Regen Potion"],"campfire_rested":0,"item_purchase_floors":[3,19,30,37,37,47],"current_hp_per_floor":[54,54,54,54,54,54,53,44,44,34,36,36,36,28,28,6,51,38,38,38,33,38,38,41,29,29,33,33,33,33,33,33,45,61,65,53,53,66,60,60,53,59,59,58,58,66,66,66,66,40,29],"gold":29,"neow_bonus":"RANDOM_COMMON_RELIC","is_prod":false,"is_daily":false,"chose_seed":false,"campfire_upgraded":6,"win_rate":0,"timestamp":1555598429,"path_taken":["M","?","?","?","M","R","M","E","T","E","?","?","?","E","R","BOSS","M","$","?","?","M","R","M","M","T","M","?","?","$","?","R","BOSS","M","M","$","?","?","?","M","M","T","M","R","M","$","M","R","BOSS","BOSS"],"build_version":"2019-01-23","purchased_purges":2,"victory":true,"max_hp_per_floor":[66,66,66,66,66,66,66,66,66,66,66,66,66,66,66,66,66,66,66,66,66,66,66,66,66,66,66,66,66,66,66,66,66,66,66,66,66,66,66,66,66,66,66,66,66,66,66,66,66,66,66],"card_choices":[{"not_picked":["Blade Dance","Prepared"],"picked":"Flying Knee","floor":1.0},{"not_picked":["Bane","Deflect"],"picked":"Terror","floor":5.0},{"not_picked":["Poisoned Stab","Blade Dance"],"picked":"Bouncing Flask","floor":7.0},{"not_picked":["Dagger Throw","Dodge and Roll"],"picked":"Noxious Fumes","floor":8.0},{"not_picked":["Expertise","Bane"],"picked":"Envenom","floor":10.0},{"not_picked":["Deadly Poison","All Out Attack"],"picked":"Leg Sweep","floor":14.0},{"not_picked":["Flying Knee","Distraction+1"],"picked":"Backflip+1","floor":18.0},{"not_picked":["Underhanded Strike","Flying Knee"],"picked":"Dodge and Roll+1","floor":21.0},{"not_picked":["Storm of Steel+1","Deadly Poison+1","Accuracy"],"picked":"SKIP","floor":22.0},{"not_picked":["Tactician+1","Dagger Spray","Quick Slash"],"picked":"SKIP","floor":24.0},{"not_picked":["Dagger Spray","Blade Dance+1"],"picked":"Noxious Fumes","floor":25.0},{"not_picked":["Underhanded Strike","Sucker Punch"],"picked":"Cloak And Dagger+1","floor":27.0},{"not_picked":["Flying Knee+1","Sucker Punch+1","Skewer"],"picked":"SKIP","floor":29.0},{"not_picked":["Footwork","Flying Knee"],"picked":"Dodge and Roll+1","floor":35.0},{"not_picked":["Poisoned Stab","Accuracy","Concentrate+1"],"picked":"SKIP","floor":36.0},{"not_picked":["Acrobatics+1","Underhanded Strike+1","Well Laid Plans+1"],"picked":"SKIP","floor":39.0},{"not_picked":["Sucker Punch","Quick Slash"],"picked":"PiercingWail+1","floor":41.0},{"not_picked":["Outmaneuver+1","Underhanded Strike","Deadly Poison+1"],"picked":"SKIP","floor":42.0},{"not_picked":["Outmaneuver+1","Underhanded Strike","Deadly Poison+1"],"picked":"SKIP","floor":42.0},{"not_picked":["Backflip+1","Flying Knee+1"],"picked":"Blade Dance+1","floor":44},{"not_picked":["Glass Knife","Poisoned Stab"],"picked":"Backflip+1","floor":46},{"not_picked":["Quick Slash","Flechettes","Dash"],"picked":"SKIP","floor":48}],"player_experience":448361,"relics_obtained":[{"floor":8.0,"key":"Kunai"},{"floor":9.0,"key":"Bird Faced Urn"},{"floor":10.0,"key":"Unceasing Top"},{"floor":14.0,"key":"Toxic Egg 2"},{"floor":26.0,"key":"Orichalcum"},{"floor":43.0,"key":"Darkstone Periapt"}],"event_choices":[{"damage_healed":0.0,"max_hp_gain":0.0,"max_hp_loss":0.0,"gold_gain":0.0,"event_name":"Upgrade Shrine","player_choice":"Upgraded","floor":2.0,"gold_loss":0.0,"damage_taken":0.0,"cards_upgraded":["Neutralize"]},{"damage_healed":0.0,"max_hp_gain":0.0,"max_hp_loss":0.0,"gold_gain":0.0,"event_name":"Lab","player_choice":"Got Potions","floor":4.0,"gold_loss":0.0,"damage_taken":0.0},{"damage_healed":0.0,"max_hp_gain":0.0,"max_hp_loss":0.0,"gold_gain":0.0,"event_name":"Living Wall","player_choice":"Grow","floor":12.0,"gold_loss":0.0,"damage_taken":0.0,"cards_upgraded":["Envenom"]},{"damage_healed":0.0,"max_hp_gain":0.0,"max_hp_loss":0.0,"gold_gain":0.0,"event_name":"Shining Light","player_choice":"Ignored","floor":13.0,"gold_loss":0.0,"damage_taken":0.0},{"damage_healed":0.0,"max_hp_gain":0.0,"max_hp_loss":0.0,"gold_gain":250.0,"event_name":"The Joust","player_choice":"Bet on Owner","floor":20.0,"gold_loss":50.0,"damage_taken":0.0},{"damage_healed":0.0,"max_hp_gain":0.0,"max_hp_loss":0.0,"gold_gain":0.0,"event_name":"WeMeetAgain","player_choice":"Paid Gold","floor":28.0,"gold_loss":69.0,"damage_taken":0.0,"relics_obtained":["Pen Nib"]},{"damage_healed":0.0,"max_hp_gain":0.0,"max_hp_loss":0.0,"gold_gain":0.0,"event_name":"Back to Basics","player_choice":"Simplicity","floor":31.0,"gold_loss":0.0,"damage_taken":0.0,"cards_upgraded":["Defend_G","Defend_G","Defend_G","Defend_G","Defend_G","Strike_G","Strike_G","Strike_G"]},{"cards_removed":["Bouncing Flask"],"damage_healed":13.0,"max_hp_gain":0.0,"max_hp_loss":0.0,"gold_gain":0.0,"event_name":"Bonfire Elementals","player_choice":"Offered Uncommon","floor":38.0,"gold_loss":0.0,"damage_taken":0.0}],"is_beta":false,"boss_relics":[{"not_picked":["Orrery","Runic Pyramid"],"picked":"Coffee Dripper"},{"not_picked":["Velvet Choker","Tiny House"],"picked":"Lizard Tail"}],"items_purged_floors":[19,30],"is_endless":false,"potions_floor_spawned":[7,8,14,25,27,29,35,39,42,48],"ascension_level":20}