{"gold_per_floor":[111,111,111,130,44,70,84,84,84,116,116,133,153,82,82,155,155,135,152,163,65,65,65,84,84,107,107,167,181,209,309,309,387,387,397,1396,454,454,454,486,504,517,517,528,360,360,388,414,426,438,450,462,37,65,65],"floor_reached":56,"playtime":3635,"items_purged":["Normality","Normality","Strike_B"],"score":2084,"play_id":"c577ae3d-1b26-4d92-9dd4-bec398ca7e9c","local_time":"20190318120038","is_ascension_mode":true,"campfire_choices":[{"data":"Defragment","floor":11.0,"key":"SMITH"},{"data":"Defragment","floor":15.0,"key":"SMITH"},{"floor":23.0,"key":"REST"},{"data":"Coolheaded","floor":25.0,"key":"SMITH"},{"data":"Coolheaded","floor":27.0,"key":"SMITH"},{"data":"Capacitor","floor":32.0,"key":"SMITH"},{"floor":49.0,"key":"RECALL"},{"data":"Loop","floor":52.0,"key":"SMITH"}],"neow_cost":"NONE","seed_source_timestamp":2043662795616805,"circlet_count":0,"master_deck":["AscendersBane","Strike_B","Defend_B","Defend_B","Defend_B+1","Defend_B+1","Zap","Dualcast","Sweeping Beam","Defragment+1","Defragment+1","Go for the Eyes","Reboot","BootSequence","Conserve Battery","Go for the Eyes","Capacitor+1","All For One","Coolheaded+1","Defragment","Coolheaded+1","Doom and Gloom","Stack+1","Core Surge","Chill","Biased Cognition","Reinforced Body+1","Heatsinks","Loop+1","Ball Lightning","Consume","Defragment"],"special_seed":0,"relics":["Cracked Core","NeowsBlessing","Meat on the Bone","War Paint","Strawberry","Velvet Choker","Nilry\u0027s Codex","DataDisk","Tiny Chest","Regal Pillow","Incense Burner","Matryoshka","Runic Pyramid","Turnip","Emotion Chip","Lee\u0027s Waffle","StoneCalendar","Ornamental Fan","Bag of Preparation","Cables","MawBank","OrangePellets","Oddly Smooth Stone"],"potions_floor_usage":[55],"damage_taken":[{"damage":0.0,"enemies":"Cultist","floor":1.0,"turns":1.0},{"damage":0.0,"enemies":"Jaw Worm","floor":4.0,"turns":1.0},{"damage":0.0,"enemies":"3 Sentries","floor":6.0,"turns":1.0},{"damage":2.0,"enemies":"2 Louse","floor":7.0,"turns":2.0},{"damage":25.0,"enemies":"Gremlin Nob","floor":10.0,"turns":5.0},{"damage":5.0,"enemies":"Lots of Slimes","floor":12.0,"turns":3.0},{"damage":0.0,"enemies":"Blue Slaver","floor":13.0,"turns":4.0},{"damage":27.0,"enemies":"Slime Boss","floor":16.0,"turns":12.0},{"damage":17.0,"enemies":"2 Thieves","floor":18.0,"turns":4.0},{"damage":12.0,"enemies":"Shell Parasite","floor":19.0,"turns":6.0},{"damage":6.0,"enemies":"Snake Plant","floor":20.0,"turns":9.0},{"damage":5.0,"enemies":"3 Cultists","floor":24.0,"turns":4.0},{"damage":24.0,"enemies":"Slavers","floor":28.0,"turns":6.0},{"damage":0.0,"enemies":"Cultist and Chosen","floor":29.0,"turns":7.0},{"damage":0.0,"enemies":"Book of Stabbing","floor":30.0,"turns":6.0},{"damage":5.0,"enemies":"Colosseum Slavers","floor":31.0,"turns":5.0},{"damage":7.0,"enemies":"Colosseum Nobs","floor":31.0,"turns":4.0},{"damage":5.0,"enemies":"Champ","floor":33.0,"turns":16.0},{"damage":14.0,"enemies":"3 Shapes","floor":35.0,"turns":4.0},{"damage":27.0,"enemies":"Nemesis","floor":40.0,"turns":13.0},{"damage":0.0,"enemies":"3 Darklings","floor":41.0,"turns":7.0},{"damage":0.0,"enemies":"Spire Growth","floor":42.0,"turns":6.0},{"damage":3.0,"enemies":"Sphere and 2 Shapes","floor":44.0,"turns":4.0},{"damage":23.0,"enemies":"Reptomancer","floor":47.0,"turns":7.0},{"damage":2.0,"enemies":"Transient","floor":48.0,"turns":5.0},{"damage":14.0,"enemies":"Donu and Deca","floor":50.0,"turns":12.0},{"damage":25,"enemies":"Shield and Spear","floor":54,"turns":11},{"damage":51,"enemies":"The Heart","floor":55,"turns":16}],"seed_played":"-1976255731763981573","potions_obtained":[{"floor":4.0,"key":"Fruit Juice"},{"floor":8.0,"key":"Fruit Juice"},{"floor":8.0,"key":"Fruit Juice"},{"floor":10.0,"key":"AttackPotion"},{"floor":12.0,"key":"EssenceOfSteel"},{"floor":18.0,"key":"Weak Potion"},{"floor":28.0,"key":"FearPotion"},{"floor":31.0,"key":"Poison Potion"},{"floor":40.0,"key":"Regen Potion"},{"floor":42.0,"key":"Energy Potion"},{"floor":47.0,"key":"EssenceOfSteel"}],"is_trial":false,"path_per_floor":["M","$","?","M","$","E","M","?","T","E","R","M","M","$","R","B",null,"M","M","M","$","?","R","M","R","T","R","E","M","E","?","R","B",null,"M","?","$","?","?","E","M","M","T","M","$","T","E","M","R","B",null,"R","$","E","B",null],"character_chosen":"DEFECT","items_purchased":["Defragment","Go for the Eyes","Capacitor","Coolheaded","Doom and Gloom","Turnip","Emotion Chip","Lee\u0027s Waffle","Heatsinks","Loop","OrangePellets","Consume","Defragment"],"campfire_rested":1,"item_purchase_floors":[5,5,14,21,21,37,37,37,37,45,53,53,53],"current_hp_per_floor":[64,64,64,64,64,64,62,67,67,54,54,54,54,54,54,39,80,63,51,57,57,36,63,58,58,58,58,46,58,58,58,58,53,83,69,69,100,100,95,68,68,82,82,79,79,79,56,54,54,52,84,84,84,59,20],"gold":65,"neow_bonus":"THREE_ENEMY_KILL","is_prod":false,"is_daily":false,"chose_seed":false,"campfire_upgraded":6,"win_rate":0,"timestamp":1552924838,"path_taken":["M","?","?","?","?","E","M","?","T","E","R","M","M","$","R","BOSS","M","?","M","$","?","R","M","R","T","R","E","M","E","?","R","BOSS","M","?","$","?","?","E","M","?","T","M","$","?","E","M","R","BOSS","R","$","E","BOSS"],"build_version":"2019-03-15","purchased_purges":3,"victory":true,"max_hp_per_floor":[71,71,71,71,71,71,71,76,76,88,88,93,93,93,93,93,93,93,93,93,93,93,93,93,93,93,93,93,93,93,93,93,93,93,93,93,100,100,95,95,95,95,95,95,95,95,95,95,95,95,95,95,95,95,95],"card_choices":[{"not_picked":["Cold Snap","Turbo"],"picked":"Sweeping Beam","floor":1.0},{"not_picked":["Barrage","Turbo"],"picked":"Defragment","floor":4.0},{"not_picked":["Turbo","Lockon"],"picked":"Reboot","floor":6.0},{"not_picked":["Ball Lightning","Stack"],"picked":"BootSequence","floor":7.0},{"not_picked":["Aggregate","Turbo"],"picked":"Conserve Battery","floor":10.0},{"not_picked":["Stack","Rip and Tear"],"picked":"Go for the Eyes","floor":12.0},{"not_picked":["White Noise","Streamline","Leap"],"picked":"SKIP","floor":13.0},{"not_picked":["Reboot","Creative AI"],"picked":"All For One","floor":16.0},{"not_picked":["Conserve Battery","BootSequence","Double Energy"],"picked":"SKIP","floor":18.0},{"not_picked":["Consume","Darkness"],"picked":"Coolheaded","floor":19.0},{"not_picked":["Storm","Stack"],"picked":"Defragment","floor":20.0},{"not_picked":["Beam Cell","Go for the Eyes"],"picked":"Stack+1","floor":24.0},{"not_picked":["Auto Shields","Sweeping Beam"],"picked":"Core Surge","floor":28.0},{"not_picked":["Redo","Conserve Battery","Static Discharge"],"picked":"SKIP","floor":29.0},{"not_picked":["Consume","Coolheaded"],"picked":"Chill","floor":30.0},{"not_picked":["Fission","Machine Learning"],"picked":"Biased Cognition","floor":33.0},{"not_picked":["Barrage","Stack+1"],"picked":"Reinforced Body+1","floor":35.0},{"not_picked":["Streamline","Turbo","Conserve Battery"],"picked":"SKIP","floor":40.0},{"not_picked":["Thunder Strike","Stack","Conserve Battery"],"picked":"SKIP","floor":41.0},{"not_picked":["Streamline","Conserve Battery","Steam"],"picked":"SKIP","floor":42.0},{"not_picked":["Chaos+1","Cold Snap","Heatsinks"],"picked":"SKIP","floor":44.0},{"not_picked":["Steam Power","Steam"],"picked":"Ball Lightning","floor":47.0},{"not_picked":["Buffer","Stack","Steam+1"],"picked":"SKIP","floor":48.0},{"not_picked":["Ball Lightning+1","Cold Snap","Sweeping Beam"],"picked":"SKIP","floor":54}],"player_experience":821437,"relics_obtained":[{"floor":6.0,"key":"Meat on the Bone"},{"floor":9.0,"key":"War Paint"},{"floor":10.0,"key":"Strawberry"},{"floor":22.0,"key":"Nilry\u0027s Codex"},{"floor":26.0,"key":"DataDisk"},{"floor":28.0,"key":"Tiny Chest"},{"floor":30.0,"key":"Regal Pillow"},{"floor":31.0,"key":"Incense Burner"},{"floor":31.0,"key":"Matryoshka"},{"floor":40.0,"key":"StoneCalendar"},{"floor":43.0,"key":"Ornamental Fan"},{"floor":46.0,"key":"Bag of Preparation"},{"floor":46.0,"key":"Cables"},{"floor":47.0,"key":"MawBank"},{"floor":54,"key":"Oddly Smooth Stone"}],"event_choices":[{"cards_removed":["Strike_B"],"damage_healed":0.0,"max_hp_gain":0.0,"max_hp_loss":0.0,"gold_gain":0.0,"event_name":"Wheel of Change","player_choice":"Card Removal","floor":3.0,"gold_loss":0.0,"damage_taken":0.0},{"damage_healed":0.0,"max_hp_gain":0.0,"max_hp_loss":0.0,"gold_gain":0.0,"event_name":"Lab","player_choice":"Got Potions","floor":8.0,"gold_loss":0.0,"damage_taken":0.0},{"damage_healed":0.0,"max_hp_gain":0.0,"max_hp_loss":0.0,"gold_gain":0.0,"event_name":"Cursed Tome","player_choice":"Obtained Book","floor":22.0,"gold_loss":0.0,"damage_taken":21.0},{"damage_healed":0.0,"max_hp_gain":0.0,"max_hp_loss":0.0,"gold_gain":0.0,"event_name":"Colosseum","player_choice":"Fight","floor":31.0,"gold_loss":0.0,"damage_taken":0.0},{"damage_healed":0.0,"max_hp_gain":0.0,"max_hp_loss":0.0,"gold_gain":0.0,"event_name":"Colosseum","player_choice":"Fought Nobs","floor":31.0,"gold_loss":0.0,"damage_taken":0.0},{"damage_healed":0.0,"max_hp_gain":0.0,"max_hp_loss":0.0,"gold_gain":999.0,"event_name":"MindBloom","player_choice":"Gold","floor":36.0,"gold_loss":0.0,"damage_taken":0.0,"cards_obtained":["Normality","Normality"]},{"cards_removed":["Strike_B"],"damage_healed":0.0,"max_hp_gain":0.0,"max_hp_loss":0.0,"gold_gain":0.0,"event_name":"Falling","player_choice":"Removed Attack","floor":38.0,"gold_loss":0.0,"damage_taken":0.0},{"damage_healed":0.0,"max_hp_gain":0.0,"max_hp_loss":5.0,"gold_gain":0.0,"event_name":"Winding Halls","player_choice":"Max HP","floor":39.0,"gold_loss":0.0,"damage_taken":0.0}],"is_beta":true,"boss_relics":[{"not_picked":["FrozenCore","Eternal Feather"],"picked":"Velvet Choker"},{"not_picked":["Sozu","White Beast Statue"],"picked":"Runic Pyramid"}],"items_purged_floors":[37,45,53],"is_endless":false,"potions_floor_spawned":[4,10,12,13,18,19,28,31,40,42,47],"ascension_level":15}