{"gold_per_floor":[12,30,30,44,61,61,86,106,106,122,149,72,72,72,72,72],"floor_reached":16,"playtime":1493,"items_purged":[],"score":134,"play_id":"21722ad3-9160-4a74-8f46-01591534b5db","local_time":"20190419130409","is_ascension_mode":true,"campfire_choices":[{"data":"Dodge and Roll","floor":6,"key":"SMITH"},{"floor":13,"key":"REST"},{"data":"Noxious Fumes","floor":15,"key":"SMITH"}],"neow_cost":"NO_GOLD","seed_source_timestamp":673530451678984,"circlet_count":0,"master_deck":["Defend_G+1","Defend_G+1","Defend_G","Defend_G","Defend_G","Strike_G","Strike_G","Strike_G","Strike_G","Strike_G","Survivor","Neutralize+1","Dagger Spray","Dodge and Roll+1","Poisoned Stab","Acrobatics","Backflip","Glass Knife","Escape Plan+1","Infinite Blades","Noxious Fumes+1","Leg Sweep+1","Regret"],"relics":["Ring of the Snake","Gambling Chip","Dream Catcher","Toxic Egg 2","Sundial","War Paint"],"potions_floor_usage":[8,11,16],"damage_taken":[{"damage":1,"enemies":"Jaw Worm","floor":1,"turns":3},{"damage":0,"enemies":"Cultist","floor":2,"turns":4},{"damage":0,"enemies":"2 Louse","floor":4,"turns":3},{"damage":0,"enemies":"Lots of Slimes","floor":5,"turns":2},{"damage":18,"enemies":"3 Sentries","floor":7,"turns":9},{"damage":16,"enemies":"Gremlin Gang","floor":8,"turns":7},{"damage":0,"enemies":"2 Fungi Beasts","floor":10,"turns":3},{"damage":3,"enemies":"Lagavulin","floor":11,"turns":5},{"damage":61,"enemies":"Slime Boss","floor":16,"turns":5}],"seed_played":"3254109875323702772","potions_obtained":[{"floor":7,"key":"Block Potion"},{"floor":8,"key":"Strength Potion"},{"floor":10,"key":"Weak Potion"}],"is_trial":false,"path_per_floor":["M","M","?","M","M","R","E","M","T","M","E","$","R","?","R","B"],"character_chosen":"THE_SILENT","items_purchased":["Noxious Fumes"],"campfire_rested":1,"item_purchase_floors":[12],"current_hp_per_floor":[69,69,69,69,69,69,51,35,35,35,32,32,53,53,53,0],"gold":72,"neow_bonus":"ONE_RARE_RELIC","is_prod":false,"is_daily":false,"chose_seed":false,"campfire_upgraded":2,"win_rate":0,"timestamp":1555675449,"path_taken":["M","M","?","?","M","R","E","M","T","M","E","$","R","?","R","BOSS"],"build_version":"2019-01-23","purchased_purges":0,"victory":false,"max_hp_per_floor":[70,70,70,70,70,70,70,70,70,70,70,70,70,70,70,70],"card_choices":[{"not_picked":["Slice","Blade Dance"],"picked":"Dagger Spray","floor":1},{"not_picked":["Slice","Blur"],"picked":"Dodge and Roll","floor":2},{"not_picked":["Prepared","Underhanded Strike"],"picked":"Poisoned Stab","floor":4},{"not_picked":["Setup","Flying Knee"],"picked":"Acrobatics","floor":5},{"not_picked":["Prepared","Sucker Punch"],"picked":"Backflip","floor":7},{"not_picked":["Expertise","Dagger Spray"],"picked":"Glass Knife","floor":8},{"not_picked":["Flying Knee","Slice"],"picked":"Escape Plan+1","floor":10},{"not_picked":["Reflex+1","Dagger Throw"],"picked":"Infinite Blades","floor":11},{"not_picked":["Noxious Fumes","Skewer"],"picked":"Leg Sweep+1","floor":13}],"player_experience":153290,"relics_obtained":[{"floor":7,"key":"Dream Catcher"},{"floor":9,"key":"Toxic Egg 2"},{"floor":11,"key":"Sundial"}],"event_choices":[{"damage_healed":0,"gold_gain":0,"player_choice":"Upgraded","damage_taken":0,"max_hp_gain":0,"max_hp_loss":0,"event_name":"Upgrade Shrine","floor":3,"gold_loss":0,"cards_upgraded":["Neutralize"]},{"damage_healed":0,"gold_gain":0,"player_choice":"Box","damage_taken":0,"relics_obtained":["War Paint"],"max_hp_gain":0,"max_hp_loss":0,"event_name":"Big Fish","floor":14,"gold_loss":0,"cards_obtained":["Regret"]}],"is_beta":false,"boss_relics":[],"items_purged_floors":[],"is_endless":false,"potions_floor_spawned":[7,8,10],"killed_by":"Slime Boss","ascension_level":4}