{"gold_per_floor":[118,28,55,73,88,118,43,43,43,43,21,37,68,98,98,226,226,241,255,180,180,201,240,240,276,276,31,31,56,56,56,56,176,176,190,210,210,5,30,30,66,91,114,114],"floor_reached":44,"playtime":2704,"items_purged":["Strike_B","Strike_B","Strike_B"],"score":801,"play_id":"2dcfcb6d-957c-409c-8246-a09a89892e0b","local_time":"20181130142026","is_ascension_mode":true,"campfire_choices":[{"data":"Defragment","floor":8,"key":"SMITH"},{"data":"Go for the Eyes","floor":15,"key":"SMITH"},{"data":"Lockon","floor":24,"key":"SMITH"},{"data":"Dualcast","floor":28,"key":"SMITH"},{"data":"Coolheaded","floor":30,"key":"SMITH"},{"floor":32,"key":"RECALL"},{"floor":40,"key":"REST"}],"neow_cost":"NONE","seed_source_timestamp":2259229965681,"circlet_count":0,"master_deck":["AscendersBane","Defend_B","Defend_B","Defend_B","Defend_B","Zap+1","Dualcast+1","Doom and Gloom+1","Defragment+1","Conserve Battery","Coolheaded+1","Go for the Eyes+1","Lockon+1","Auto Shields","Reboot","Leap+1","Cold Snap","Conserve Battery","Chill","Undo+1","Madness","Madness","Blizzard","Self Repair+1","Go for the Eyes+1","Parasite"],"relics":["Cracked Core","Bag of Preparation","Bottled Lightning","PreservedInsect","Golden Idol","Oddly Smooth Stone","Odd Mushroom","Velvet Choker","Lantern","Singing Bowl","DataDisk","White Beast Statue","Meat on the Bone","Strawberry"],"potions_floor_usage":[16,18,23,33,35,41,44],"damage_taken":[{"damage":1,"enemies":"Cultist","floor":1,"turns":3},{"damage":7,"enemies":"Jaw Worm","floor":4,"turns":3},{"damage":1,"enemies":"Small Slimes","floor":5,"turns":4},{"damage":31,"enemies":"Lagavulin","floor":6,"turns":6},{"damage":0,"enemies":"Blue Slaver","floor":12,"turns":3},{"damage":8,"enemies":"Gremlin Nob","floor":13,"turns":3},{"damage":16,"enemies":"The Mushroom Lair","floor":14,"turns":3},{"damage":0,"enemies":"Hexaghost","floor":16,"turns":8},{"damage":0,"enemies":"3 Byrds","floor":18,"turns":2},{"damage":0,"enemies":"Shell Parasite","floor":19,"turns":7},{"damage":0,"enemies":"Chosen and Byrds","floor":22,"turns":7},{"damage":18,"enemies":"Book of Stabbing","floor":23,"turns":5},{"damage":10,"enemies":"Slavers","floor":25,"turns":6},{"damage":0,"enemies":"Snake Plant","floor":29,"turns":5},{"damage":13,"enemies":"Collector","floor":33,"turns":13},{"damage":20,"enemies":"Orb Walker","floor":35,"turns":5},{"damage":0,"enemies":"3 Shapes","floor":36,"turns":5},{"damage":14,"enemies":"Maw","floor":39,"turns":11},{"damage":16,"enemies":"Reptomancer","floor":41,"turns":9},{"damage":0,"enemies":"Writhing Mass","floor":42,"turns":9},{"damage":82,"enemies":"Giant Head","floor":44,"turns":12}],"seed_played":"4564924912235921722","potions_obtained":[{"floor":1,"key":"FearPotion"},{"floor":5,"key":"LiquidBronze"},{"floor":13,"key":"LiquidBronze"},{"floor":14,"key":"FocusPotion"},{"floor":16,"key":"FairyPotion"},{"floor":18,"key":"AttackPotion"},{"floor":22,"key":"Strength Potion"},{"floor":33,"key":"SkillPotion"},{"floor":35,"key":"LiquidBronze"},{"floor":36,"key":"Fire Potion"},{"floor":39,"key":"SkillPotion"},{"floor":41,"key":"Strength Potion"},{"floor":42,"key":"LiquidBronze"}],"is_trial":false,"path_per_floor":["M","$","T","M","M","E","$","R","T","?","$","M","E","?","R","B",null,"M","M","?","?","M","E","R","E","T","$","R","M","R","?","R","B",null,"M","M","?","$","M","R","E","M","T","E"],"character_chosen":"DEFECT","items_purchased":["Defragment","Conserve Battery","Go for the Eyes","DataDisk","Blizzard"],"campfire_rested":1,"item_purchase_floors":[2,2,11,27,38],"current_hp_per_floor":[67,67,67,60,59,28,28,28,28,28,28,28,20,4,4,4,53,53,53,53,53,53,35,35,27,27,27,27,29,29,29,29,18,61,41,43,33,33,19,42,36,60,67,0],"gold":114,"neow_bonus":"UPGRADE_CARD","is_prod":false,"is_daily":false,"chose_seed":false,"campfire_upgraded":5,"win_rate":0,"timestamp":1543567826,"path_taken":["M","$","?","M","M","E","$","R","T","?","?","M","E","?","R","BOSS","M","M","?","?","?","E","R","E","T","$","R","M","R","?","R","BOSS","M","M","?","?","M","R","E","?","T","E"],"build_version":"2018-11-15","purchased_purges":3,"victory":false,"max_hp_per_floor":[75,75,75,75,75,75,75,75,75,69,69,69,69,69,69,69,69,69,69,69,69,69,69,69,71,71,71,71,73,73,73,73,75,75,75,77,77,77,77,77,77,79,86,86],"card_choices":[{"not_picked":["Skim","Undo"],"picked":"Doom and Gloom","floor":1},{"not_picked":["Rip and Tear","Rebound","Doom and Gloom"],"picked":"SKIP","floor":4},{"not_picked":["Turbo","Storm","Scrape"],"picked":"SKIP","floor":5},{"not_picked":["Hologram","Rebound"],"picked":"Coolheaded","floor":6},{"not_picked":["Scrape","FTL"],"picked":"Lockon","floor":12},{"not_picked":["Stack","Redo","Sweeping Beam"],"picked":"SKIP","floor":13},{"not_picked":["Hologram","Turbo"],"picked":"Auto Shields","floor":14},{"not_picked":["Thunder Strike","Creative AI"],"picked":"Reboot","floor":16},{"not_picked":["Doom and Gloom","Cold Snap"],"picked":"Leap+1","floor":18},{"not_picked":["Hello World","Undo"],"picked":"Cold Snap","floor":19},{"not_picked":["Stack","Melter"],"picked":"Conserve Battery","floor":22},{"not_picked":["Tempest+1","Hologram"],"picked":"Chill","floor":23},{"not_picked":["Recycle","Meteor Strike","Steam Power"],"picked":"Singing Bowl","floor":25},{"not_picked":["Stack+1","Redo","Leap"],"picked":"Singing Bowl","floor":29},{"not_picked":["Multi-Cast","Creative AI","Buffer"],"picked":"Singing Bowl","floor":33},{"not_picked":["Sweeping Beam+1","Coolheaded+1"],"picked":"Undo+1","floor":35},{"not_picked":["Sweeping Beam+1","Coolheaded","Recycle+1"],"picked":"Singing Bowl","floor":36},{"not_picked":["Hello World+1","Gash+1"],"picked":"Self Repair+1","floor":39},{"not_picked":["Stack+1","Thunder Strike"],"picked":"Go for the Eyes+1","floor":41},{"not_picked":["Heatsinks","Coolheaded+1","Ball Lightning+1"],"picked":"Singing Bowl","floor":42}],"player_experience":796344,"relics_obtained":[{"floor":3,"key":"Bag of Preparation"},{"floor":6,"key":"Bottled Lightning"},{"floor":9,"key":"PreservedInsect"},{"floor":13,"key":"Oddly Smooth Stone"},{"floor":14,"key":"Odd Mushroom"},{"floor":23,"key":"Lantern"},{"floor":25,"key":"Singing Bowl"},{"floor":41,"key":"Meat on the Bone"},{"floor":43,"key":"Strawberry"}],"event_choices":[{"damage_healed":0,"gold_gain":0,"player_choice":"Lose Max HP","damage_taken":0,"relics_obtained":["Golden Idol"],"max_hp_gain":0,"max_hp_loss":6,"event_name":"Golden Idol","floor":10,"gold_loss":0},{"damage_healed":0,"gold_gain":0,"player_choice":"Fought Mushrooms","damage_taken":0,"max_hp_gain":0,"max_hp_loss":0,"event_name":"Mushrooms","floor":14,"gold_loss":0},{"cards_removed":["Strike_B"],"damage_healed":0,"gold_gain":0,"player_choice":"Gave Gold","damage_taken":0,"max_hp_gain":0,"max_hp_loss":0,"event_name":"Beggar","floor":20,"gold_loss":75},{"damage_healed":0,"gold_gain":0,"player_choice":"Upgraded","damage_taken":0,"max_hp_gain":0,"max_hp_loss":0,"event_name":"Upgrade Shrine","floor":21,"gold_loss":0,"cards_upgraded":["Doom and Gloom"]},{"damage_healed":0,"gold_gain":0,"player_choice":"Ignored","damage_taken":0,"max_hp_gain":0,"max_hp_loss":0,"event_name":"Ghosts","floor":31,"gold_loss":0},{"damage_healed":0,"gold_gain":0,"player_choice":"Embrace Madness","damage_taken":10,"max_hp_gain":0,"max_hp_loss":0,"event_name":"Winding Halls","floor":37,"gold_loss":0,"cards_obtained":["Madness","Madness"]}],"is_beta":true,"boss_relics":[{"not_picked":["Inserter","Calling Bell"],"picked":"Velvet Choker"},{"not_picked":["Fusion Hammer","Coffee Dripper"],"picked":"White Beast Statue"}],"items_purged_floors":[7,27,38],"is_endless":false,"potions_floor_spawned":[1,5,13,14,16,18,22,33,35,36,39,41,42],"killed_by":"Giant Head","ascension_level":10}