{"path_per_floor":["M","?","?","$","?","R","E","M","T","M","M","$","M","M","R","B",null,"M","M","?","M","M","R","E","M","T","E","$","?","R","M","R","B",null,"M","M","M","$","M","E","R","E","T","?","R","M","E","M","R"],"character_chosen":"DEFECT","items_purchased":["Apotheosis","Sunder","Turbo","Coolheaded","Defragment","Multi-Cast","Blind","Capacitor","Leap"],"gold_per_floor":[114,114,289,25,25,25,51,69,152,168,178,4,19,30,30,132,132,151,161,161,174,190,190,223,235,235,263,9,9,9,23,23,121,121,135,147,166,2,16,43,43,71,71,71,71,82,115,115,115,115],"floor_reached":50,"campfire_rested":2,"playtime":2243,"current_hp_per_floor":[68,68,68,68,68,68,70,72,72,74,63,63,65,63,63,31,64,57,54,54,50,65,65,57,56,56,11,11,36,58,61,61,47,68,67,68,69,69,61,23,45,62,62,62,62,75,70,70,70,0],"items_purged":["Doubt","Regret"],"gold":115,"score":952,"play_id":"6f93f09c-1aa1-4fd3-ad6c-9708228b04a7","local_time":"20180508201923","is_prod":false,"is_daily":false,"chose_seed":false,"is_ascension_mode":true,"campfire_upgraded":3,"timestamp":1525781963,"path_taken":["M","?","?","?","?","R","E","M","T","M","?","$","M","M","R","BOSS","M","M","?","M","M","R","E","M","T","E","?","?","R","M","R","BOSS","M","M","M","$","M","E","R","E","T","?","R","M","E","M","R","BOSS"],"build_version":"2018-05-07","seed_source_timestamp":184665886383345,"purchased_purges":2,"victory":false,"master_deck":["Defend_B","Defend_B","Dualcast","AscendersBane","Buffer+1","Apotheosis+1","Hologram","Go for the Eyes","Static Discharge+1","Sunder","Capacitor","Reboot","Glacier","Undo","Bite","Bite","Bite","Bite","Bite","Conserve Battery+1","Amplify","Storm","Defragment","Self Repair+1","Turbo","Coolheaded","Defragment","Multi-Cast","Tempest","Machine Learning","Reprogram","Doom and Gloom+1","Cold Snap+1","Blind","Capacitor","Leap","White Noise","Defragment+1","Leap+1","Auto Shields","Barrage+1"],"max_hp_per_floor":[75,75,75,75,75,75,75,75,75,75,75,75,75,75,75,75,75,75,75,75,75,75,75,75,75,75,75,75,75,75,75,75,75,75,75,75,75,75,75,75,75,75,75,75,75,75,75,75,75,75],"relics":["Cracked Core","NeowsBlessing","Orichalcum","Tiny Chest","Black Star","Peace Pipe","Sundial","The Courier","Centennial Puzzle","Symbiotic Virus","Lizard Tail","Omamori","Anchor","Cables","Kunai","Bottled Tornado","Lantern","Juzu Bracelet"],"card_choices":[{"not_picked":["Impulse","Sweeping Beam"],"picked":"Buffer","floor":1.0},{"not_picked":["Ball Lightning","Turbo"],"picked":"Hologram","floor":7.0},{"not_picked":["Barrage","Beam Cell"],"picked":"Go for the Eyes","floor":8.0},{"not_picked":["Skim","Streamline"],"picked":"Beam Cell","floor":10.0},{"not_picked":["Auto Shields","Axe Kick"],"picked":"Static Discharge","floor":11.0},{"not_picked":["Barrage","Axe Kick"],"picked":"Capacitor","floor":13.0},{"not_picked":["Redo","Loop"],"picked":"Reboot","floor":14.0},{"not_picked":["Rainbow","All For One"],"picked":"Biased Cognition","floor":16.0},{"not_picked":["Axe Kick","Rebound"],"picked":"Glacier","floor":18.0},{"not_picked":["Capacitor","Rebound"],"picked":"Undo","floor":19.0},{"not_picked":["Stack","Lockon"],"picked":"Conserve Battery","floor":21.0},{"not_picked":["Barrage","Aggregate"],"picked":"Amplify","floor":22.0},{"not_picked":["Rebound","Blizzard"],"picked":"Storm","floor":24.0},{"not_picked":["Coolheaded","Beam Cell"],"picked":"Defragment","floor":25.0},{"not_picked":["Stack","Conserve Battery"],"picked":"Self Repair","floor":27.0},{"not_picked":["Ball Lightning","Turbo"],"picked":"Tempest","floor":31.0},{"not_picked":["Nova","Rainbow"],"picked":"Machine Learning","floor":33.0},{"not_picked":["Blizzard","Stack"],"picked":"Reprogram","floor":35.0},{"not_picked":["Turbo","Axe Kick"],"picked":"Doom and Gloom","floor":36.0},{"not_picked":["Axe Kick","Turbo"],"picked":"Cold Snap","floor":37.0},{"not_picked":["Leap","Turbo"],"picked":"White Noise","floor":39.0},{"not_picked":["FTL","Streamline"],"picked":"Defragment","floor":40.0},{"not_picked":["Gash","Streamline"],"picked":"Leap","floor":42},{"not_picked":["Go for the Eyes","Skim"],"picked":"Auto Shields","floor":46},{"not_picked":["Hello World","Scrape"],"picked":"Barrage","floor":47}],"player_experience":964096,"potions_floor_usage":[48,50],"damage_taken":[{"damage":0.0,"enemies":"Jaw Worm","floor":1.0,"turns":1.0},{"damage":0.0,"enemies":"Gremlin Nob","floor":7.0,"turns":1.0},{"damage":0.0,"enemies":"Cultist","floor":8.0,"turns":1.0},{"damage":0.0,"enemies":"2 Louse","floor":10.0,"turns":3.0},{"damage":12.0,"enemies":"Blue Slaver","floor":11.0,"turns":4.0},{"damage":0.0,"enemies":"3 Louse","floor":13.0,"turns":2.0},{"damage":4.0,"enemies":"Exordium Wildlife","floor":14.0,"turns":3.0},{"damage":34.0,"enemies":"Hexaghost","floor":16.0,"turns":9.0},{"damage":9.0,"enemies":"Chosen","floor":18.0,"turns":4.0},{"damage":12.0,"enemies":"3 Byrds","floor":19.0,"turns":6.0},{"damage":16.0,"enemies":"Snake Plant","floor":21.0,"turns":4.0},{"damage":15.0,"enemies":"Cultist and Chosen","floor":22.0,"turns":7.0},{"damage":26.0,"enemies":"Gremlin Leader","floor":24.0,"turns":5.0},{"damage":10.0,"enemies":"Snecko","floor":25.0,"turns":6.0},{"damage":73.0,"enemies":"Slavers","floor":27.0,"turns":5.0},{"damage":16.0,"enemies":"Sentry and Sphere","floor":31.0,"turns":6.0},{"damage":45.0,"enemies":"Automaton","floor":33.0,"turns":8.0},{"damage":23.0,"enemies":"Orb Walker","floor":35.0,"turns":4.0},{"damage":20.0,"enemies":"3 Shapes","floor":36.0,"turns":7.0},{"damage":18.0,"enemies":"Sphere and 2 Shapes","floor":37.0,"turns":3.0},{"damage":20.0,"enemies":"Flame Bruiser 2 Orb","floor":39.0,"turns":6.0},{"damage":156.0,"enemies":"Giant Head","floor":40.0,"turns":11.0},{"damage":21,"enemies":"Nemesis","floor":42,"turns":9},{"damage":0,"enemies":"Maw","floor":46,"turns":5},{"damage":19,"enemies":"Giant Head","floor":47,"turns":9},{"damage":0,"enemies":"Sphere and 2 Shapes","floor":48,"turns":1},{"damage":81,"enemies":"Time Eater","floor":50,"turns":7}],"event_choices":[{"event_name":"Bonfire Elementals","player_choice":"BASIC","floor":2.0,"damage_taken":0.0},{"event_name":"Liars Game","player_choice":"agreed","floor":3.0,"damage_taken":0.0},{"event_name":"Big Fish","player_choice":"Box","floor":5.0,"damage_taken":0.0},{"event_name":"Vampires","player_choice":"Became a vampire (Vial)","floor":20.0,"damage_taken":0.0},{"event_name":"The Library","player_choice":"Heal","floor":29.0,"damage_taken":0.0}],"boss_relics":[],"potions_floor_spawned":[7,8,11,13,19,21,22,25,33,37,39,46,47],"seed_played":"7256840439008574175","killed_by":"Time Eater","ascension_level":10,"is_trial":false}