{"gold_per_floor":[119,269,279,130,130,163,8,8,31,31,31,54,74,86,86,86],"floor_reached":16,"playtime":602,"items_purged":["Doubt"],"score":172,"play_id":"a849599b-c33d-458d-91b7-5938524871b9","local_time":"20190403202238","is_ascension_mode":true,"campfire_choices":[{"floor":8,"key":"REST"},{"data":"Consume","floor":10,"key":"SMITH"},{"floor":15,"key":"REST"}],"neow_cost":"TEN_PERCENT_HP_LOSS","seed_source_timestamp":3459491284034890,"circlet_count":0,"master_deck":["AscendersBane","Strike_B","Strike_B","Defend_B","Defend_B","Defend_B","Defend_B","Zap","Dualcast","Consume+1","Ball Lightning","Echo Form","Biased Cognition","Machine Learning","Coolheaded"],"relics":["Cracked Core","Bag of Preparation","Blue Candle","Art of War","Happy Flower","Odd Mushroom"],"potions_floor_usage":[12,12],"damage_taken":[{"damage":4,"enemies":"Small Slimes","floor":1,"turns":4},{"damage":3,"enemies":"Jaw Worm","floor":3,"turns":5},{"damage":25,"enemies":"3 Sentries","floor":6,"turns":9},{"damage":20,"enemies":"The Mushroom Lair","floor":12,"turns":3},{"damage":0,"enemies":"Cultist","floor":13,"turns":3},{"damage":3,"enemies":"Blue Slaver","floor":14,"turns":4},{"damage":41,"enemies":"Slime Boss","floor":16,"turns":7}],"seed_played":"133766799102976451","potions_obtained":[{"floor":1,"key":"FearPotion"},{"floor":3,"key":"FearPotion"},{"floor":6,"key":"AttackPotion"}],"is_trial":false,"path_per_floor":["M","?","M","$","?","E","$","R","T","R","$","?","M","M","R","B"],"character_chosen":"DEFECT","items_purchased":["Echo Form","Art of War"],"campfire_rested":2,"item_purchase_floors":[4,7],"current_hp_per_floor":[60,60,57,57,39,14,14,33,33,33,33,13,13,10,29,0],"gold":86,"neow_bonus":"REMOVE_TWO","is_prod":false,"is_daily":false,"chose_seed":false,"campfire_upgraded":1,"win_rate":0,"timestamp":1554337358,"path_taken":["M","?","M","$","?","E","$","R","T","R","?","?","?","?","R","BOSS"],"build_version":"2019-03-15","purchased_purges":1,"victory":false,"max_hp_per_floor":[64,64,64,64,64,64,64,64,64,64,64,64,64,64,64,64],"card_choices":[{"not_picked":["Tempest","Fusion"],"picked":"Consume","floor":1},{"not_picked":["Coolheaded","Lockon"],"picked":"Ball Lightning","floor":3},{"not_picked":["Sweeping Beam","Stack"],"picked":"Biased Cognition","floor":6},{"not_picked":["Barrage","Skim"],"picked":"Machine Learning","floor":13},{"not_picked":["Stack","Melter"],"picked":"Coolheaded","floor":14}],"player_experience":902246,"relics_obtained":[{"floor":6,"key":"Blue Candle"},{"floor":9,"key":"Happy Flower"},{"floor":12,"key":"Odd Mushroom"}],"event_choices":[{"damage_healed":0,"gold_gain":150,"player_choice":"AGREE","damage_taken":0,"max_hp_gain":0,"max_hp_loss":0,"event_name":"Liars Game","floor":2,"gold_loss":0,"cards_obtained":["Doubt"]},{"damage_healed":0,"gold_gain":0,"player_choice":"Success","damage_taken":18,"relics_obtained":["Bag of Preparation"],"max_hp_gain":0,"max_hp_loss":0,"event_name":"Scrap Ooze","floor":5,"gold_loss":0},{"damage_healed":0,"gold_gain":0,"player_choice":"Fought Mushrooms","damage_taken":0,"max_hp_gain":0,"max_hp_loss":0,"event_name":"Mushrooms","floor":12,"gold_loss":0}],"is_beta":true,"boss_relics":[],"items_purged_floors":[4],"is_endless":false,"potions_floor_spawned":[1,3,6],"killed_by":"Slime Boss","ascension_level":15}