{"gold_per_floor":[115,127,202,221,221,221,246,265,265,265,265,293,166,166],"floor_reached":14,"playtime":553,"items_purged":["Force Field"],"score":127,"play_id":"c392421e-bbab-40aa-93f9-80de763407e5","local_time":"20180728123516","is_ascension_mode":true,"campfire_choices":[{"data":"Barrage","floor":6,"key":"SMITH"},{"data":"Hologram","floor":10,"key":"SMITH"}],"neow_cost":"NONE","seed_source_timestamp":7017255885550,"circlet_count":0,"master_deck":["Strike_B","Strike_B","Defend_B","Defend_B","Defend_B","Defend_B","Zap+1","Dualcast","Glacier","Barrage+1","Hologram+1","Leap","Seek","Compile Driver"],"relics":["Cracked Core","Bag of Marbles","Matryoshka","Calipers"],"potions_floor_usage":[14,14],"damage_taken":[{"damage":0,"enemies":"Small Slimes","floor":1,"turns":2},{"damage":0,"enemies":"2 Louse","floor":2,"turns":4},{"damage":0,"enemies":"Cultist","floor":4,"turns":3},{"damage":20,"enemies":"3 Sentries","floor":7,"turns":8},{"damage":10,"enemies":"Exordium Wildlife","floor":8,"turns":5},{"damage":7,"enemies":"Lagavulin","floor":12,"turns":7},{"damage":26,"enemies":"Gremlin Nob","floor":14,"turns":3}],"seed_played":"-5598949288982716298","potions_obtained":[{"floor":2,"key":"SpeedPotion"},{"floor":7,"key":"FocusPotion"},{"floor":8,"key":"Dexterity Potion"}],"is_trial":false,"path_per_floor":["M","M","?","M","?","R","E","M","T","R","?","E","$"],"character_chosen":"DEFECT","items_purchased":["Compile Driver"],"campfire_rested":0,"item_purchase_floors":[13],"current_hp_per_floor":[68,68,57,57,57,57,37,27,27,27,27,20,20,0],"gold":166,"neow_bonus":"UPGRADE_CARD","is_prod":false,"is_daily":false,"chose_seed":false,"campfire_upgraded":2,"win_rate":0,"timestamp":1532761516,"path_taken":["M","M","?","M","?","R","E","M","T","R","?","E","$","E"],"build_version":"2018-07-26","purchased_purges":1,"victory":false,"max_hp_per_floor":[75,75,75,75,75,75,75,75,75,75,75,75,75,75],"card_choices":[{"not_picked":["Conserve Battery","Beam Cell"],"picked":"Glacier","floor":1},{"not_picked":["Beam Cell","Undo","Steam Power"],"picked":"SKIP","floor":2},{"not_picked":["Conserve Battery","Sunder"],"picked":"Barrage","floor":4},{"not_picked":["Buffer","Gash"],"picked":"Hologram","floor":7},{"not_picked":["Rebound","Compile Driver"],"picked":"Leap","floor":8},{"not_picked":["Leap","Melter"],"picked":"Seek","floor":12}],"player_experience":344453,"relics_obtained":[{"floor":7,"key":"Bag of Marbles"},{"floor":9,"key":"Matryoshka"},{"floor":12,"key":"Calipers"}],"event_choices":[{"event_name":"World of Goop","player_choice":"Gather Gold","floor":3,"damage_taken":0},{"event_name":"Purifier","player_choice":"One Purge","floor":5,"damage_taken":0},{"event_name":"Transmorgrifier","player_choice":"Transform","floor":11,"damage_taken":0}],"is_beta":true,"boss_relics":[],"items_purged_floors":[13],"is_endless":false,"potions_floor_spawned":[2,7,8],"killed_by":"Gremlin Nob","ascension_level":6}