{"gold_per_floor":[112,112,129,54,54,82,97,114,114,126,158,158,158,182,182,280,280,301,37,56,71,71,71,71,121,145,145,168,2,2,16,16,109,109,130,130,145,170,184,184,517,517,517,517,530,530,544,0,0,0,0],"floor_reached":52,"playtime":3931,"items_purged":["Strike_G","Strike_G","Strike_G"],"score":1728,"play_id":"0ce0edec-7813-4bd2-abbb-d81f85d4e9a3","local_time":"20190420123305","is_ascension_mode":true,"campfire_choices":[{"data":"Noxious Fumes","floor":15.0,"key":"SMITH"},{"data":"Footwork","floor":23.0,"key":"SMITH"},{"data":"Footwork","floor":30.0,"key":"SMITH"},{"data":"Crippling Poison","floor":32.0,"key":"SMITH"},{"data":"Corpse Explosion","floor":40.0,"key":"SMITH"},{"data":"Neutralize","floor":42.0,"key":"SMITH"},{"floor":44.0,"key":"REST"},{"data":"Backflip","floor":46,"key":"SMITH"},{"floor":49,"key":"REST"}],"neow_cost":"NONE","seed_source_timestamp":787243662254068,"circlet_count":0,"master_deck":["AscendersBane","Defend_G","Defend_G","Defend_G","Defend_G","Defend_G","Survivor","Neutralize+1","Noxious Fumes+1","Backflip+1","Footwork+1","Crippling Poison+1","Die Die Die","Leg Sweep","Footwork+1","Blur","PiercingWail","Adrenaline","Corpse Explosion+1","Footwork+1","Leg Sweep+1","Escape Plan"],"special_seed":0,"relics":["Ring of the Serpent","NeowsBlessing","Boot","Ornamental Fan","Anchor","Letter Opener","Centennial Puzzle","Cursed Key","Red Mask"],"potions_floor_usage":[45,50,51,51],"damage_taken":[{"damage":0.0,"enemies":"Small Slimes","floor":1.0,"turns":1.0},{"damage":0.0,"enemies":"Cultist","floor":3.0,"turns":1.0},{"damage":0.0,"enemies":"Lagavulin","floor":6.0,"turns":1.0},{"damage":0.0,"enemies":"Jaw Worm","floor":7.0,"turns":7.0},{"damage":0.0,"enemies":"Blue Slaver","floor":8.0,"turns":6.0},{"damage":0.0,"enemies":"3 Louse","floor":10.0,"turns":4.0},{"damage":33.0,"enemies":"Gremlin Nob","floor":11.0,"turns":5.0},{"damage":0.0,"enemies":"Gremlin Gang","floor":14.0,"turns":4.0},{"damage":13.0,"enemies":"The Guardian","floor":16.0,"turns":12.0},{"damage":6.0,"enemies":"Spheric Guardian","floor":18.0,"turns":6.0},{"damage":2.0,"enemies":"Chosen","floor":20.0,"turns":8.0},{"damage":0.0,"enemies":"Snecko","floor":21.0,"turns":8.0},{"damage":1.0,"enemies":"Snake Plant","floor":28.0,"turns":6.0},{"damage":3.0,"enemies":"Shelled Parasite and Fungi","floor":31.0,"turns":8.0},{"damage":40.0,"enemies":"Collector","floor":33.0,"turns":15.0},{"damage":0.0,"enemies":"3 Shapes","floor":35.0,"turns":5.0},{"damage":14.0,"enemies":"3 Darklings","floor":37.0,"turns":3.0},{"damage":0.0,"enemies":"Maw","floor":38.0,"turns":11.0},{"damage":0.0,"enemies":"Jaw Worm Horde","floor":39.0,"turns":5.0},{"damage":0,"enemies":"3 Darklings","floor":45,"turns":6},{"damage":0,"enemies":"Writhing Mass","floor":47,"turns":8},{"damage":8,"enemies":"Donu and Deca","floor":50,"turns":11},{"damage":4,"enemies":"Awakened One","floor":51,"turns":27}],"seed_played":"-2686850897328748435","potions_obtained":[{"floor":3.0,"key":"GamblersBrew"},{"floor":6.0,"key":"SteroidPotion"},{"floor":10.0,"key":"GhostInAJar"},{"floor":14.0,"key":"Poison Potion"},{"floor":16.0,"key":"Explosive Potion"},{"floor":20.0,"key":"Ancient Potion"},{"floor":28.0,"key":"SkillPotion"},{"floor":38.0,"key":"EntropicBrew"},{"floor":39.0,"key":"GamblersBrew"},{"floor":45,"key":"SkillPotion"}],"is_trial":false,"path_per_floor":["?","M","?","?","?","M","?","?","?","?","?","M","?","?"],"character_chosen":"THE_SILENT","items_purchased":["Leg Sweep","Footwork","Blur"],"campfire_rested":2,"item_purchase_floors":[19,19,29],"current_hp_per_floor":[59,59,59,59,52,52,52,52,52,52,19,19,60,60,60,47,57,51,51,49,49,49,49,49,49,49,49,48,48,48,45,45,5,46,46,46,32,32,32,32,32,32,32,50,50,50,50,50,60,52,48],"gold":0,"neow_bonus":"THREE_ENEMY_KILL","is_prod":false,"is_daily":false,"chose_seed":false,"campfire_upgraded":7,"win_rate":0,"timestamp":1555781585,"path_taken":["M","?","?","$","?","E","M","M","T","M","E","?","?","M","R","BOSS","M","$","?","M","?","R","?","?","T","?","M","$","R","M","R","BOSS","M","?","M","M","?","R","?","R","T","R","M","R","M","?","R","BOSS","BOSS"],"build_version":"2019-01-23","purchased_purges":3,"victory":true,"max_hp_per_floor":[66,66,66,66,66,66,66,66,66,66,66,60,60,60,60,60,60,60,60,60,60,60,60,60,60,60,60,60,60,60,60,60,60,60,60,60,60,60,60,60,60,60,60,60,60,60,60,60,60,60,60],"card_choices":[{"not_picked":["Deflect","Quick Slash"],"picked":"Terror","floor":1.0},{"not_picked":["Blade Dance","Backstab"],"picked":"Noxious Fumes","floor":3.0},{"not_picked":["Concentrate","Eviscerate"],"picked":"Backflip","floor":6.0},{"not_picked":["Sucker Punch","Flechettes","Slice"],"picked":"SKIP","floor":7.0},{"not_picked":["Blade Dance","Cloak And Dagger"],"picked":"Dash","floor":8.0},{"not_picked":["Acrobatics","Prepared","Phantasmal Killer"],"picked":"SKIP","floor":10.0},{"not_picked":["Outmaneuver","Endless Agony"],"picked":"Footwork","floor":11.0},{"not_picked":["Endless Agony","Concentrate"],"picked":"Crippling Poison","floor":14.0},{"not_picked":["A Thousand Cuts","Unload"],"picked":"Die Die Die","floor":16.0},{"not_picked":["Dagger Throw","Crippling Poison","Accuracy"],"picked":"SKIP","floor":18.0},{"not_picked":["Bane","Quick Slash","Backflip"],"picked":"SKIP","floor":20.0},{"not_picked":["Well Laid Plans","Setup","Finisher"],"picked":"SKIP","floor":21.0},{"not_picked":["Backflip","Blade Dance","Underhanded Strike"],"picked":"SKIP","floor":28.0},{"not_picked":["Outmaneuver","Bane"],"picked":"PiercingWail","floor":31.0},{"not_picked":["Tools of the Trade","Unload"],"picked":"Adrenaline","floor":33.0},{"not_picked":["Blur","PiercingWail","Masterful Stab"],"picked":"SKIP","floor":35.0},{"not_picked":["Outmaneuver+1","Cloak And Dagger"],"picked":"Footwork+1","floor":37.0},{"not_picked":["Predator","Bane"],"picked":"Leg Sweep+1","floor":38.0},{"not_picked":["Deadly Poison","Bane+1","Poisoned Stab"],"picked":"SKIP","floor":39.0},{"not_picked":["Flying Knee","Accuracy"],"picked":"Escape Plan","floor":45},{"not_picked":["Sucker Punch","Bane","Underhanded Strike"],"picked":"SKIP","floor":47}],"player_experience":457106,"relics_obtained":[{"floor":6.0,"key":"Ornamental Fan"},{"floor":9.0,"key":"Anchor"},{"floor":11.0,"key":"Letter Opener"},{"floor":26.0,"key":"Centennial Puzzle"}],"event_choices":[{"cards_removed":["Terror"],"damage_healed":0.0,"max_hp_gain":0.0,"max_hp_loss":0.0,"gold_gain":0.0,"event_name":"WeMeetAgain","player_choice":"Gave Card","floor":2.0,"gold_loss":0.0,"damage_taken":0.0,"relics_obtained":["Boot"]},{"cards_removed":["Strike_G"],"damage_healed":0.0,"max_hp_gain":0.0,"max_hp_loss":0.0,"gold_gain":0.0,"event_name":"Golden Wing","player_choice":"Card Removal","floor":5.0,"gold_loss":0.0,"damage_taken":7.0},{"damage_healed":0.0,"max_hp_gain":0.0,"max_hp_loss":6.0,"gold_gain":0.0,"event_name":"Golden Idol","player_choice":"Lose Max HP","floor":12.0,"gold_loss":0.0,"damage_taken":0.0,"relics_obtained":["Golden Idol"]},{"cards_removed":["Dash"],"damage_healed":41.0,"max_hp_gain":0.0,"max_hp_loss":0.0,"gold_gain":0.0,"event_name":"Bonfire Elementals","player_choice":"Offered Uncommon","floor":13.0,"gold_loss":0.0,"damage_taken":0.0},{"cards_removed":["Strike_G"],"damage_healed":0.0,"max_hp_gain":0.0,"max_hp_loss":0.0,"gold_gain":0.0,"event_name":"Back to Basics","player_choice":"Elegance","floor":22.0,"gold_loss":0.0,"damage_taken":0.0},{"damage_healed":0.0,"max_hp_gain":0.0,"max_hp_loss":0.0,"gold_gain":50.0,"event_name":"Nest","player_choice":"Stole From Cult","floor":25.0,"gold_loss":0.0,"damage_taken":0.0},{"damage_healed":0.0,"max_hp_gain":0.0,"max_hp_loss":0.0,"gold_gain":0.0,"event_name":"Vampires","player_choice":"Ignored","floor":27.0,"gold_loss":0.0,"damage_taken":0.0},{"damage_healed":0.0,"max_hp_gain":0.0,"max_hp_loss":0.0,"gold_gain":0.0,"event_name":"Match and Keep!","player_choice":"1 cards matched","floor":36.0,"gold_loss":0.0,"damage_taken":0.0,"cards_obtained":["Corpse Explosion"]},{"damage_healed":0.0,"max_hp_gain":0.0,"max_hp_loss":0.0,"gold_gain":333.0,"event_name":"The Moai Head","player_choice":"Gave Idol","floor":41.0,"relics_lost":["Golden Idol"],"gold_loss":0.0,"damage_taken":0.0},{"damage_healed":0,"gold_gain":0,"player_choice":"Paid","damage_taken":0,"relics_obtained":["Red Mask"],"max_hp_gain":0,"max_hp_loss":0,"event_name":"Tomb of Lord Red Mask","floor":48,"gold_loss":544}],"is_beta":false,"boss_relics":[{"not_picked":["HoveringKite","Orrery"],"picked":"Ring of the Serpent"},{"not_picked":["WristBlade","Busted Crown"],"picked":"Cursed Key"}],"items_purged_floors":[4,19,29],"is_endless":false,"potions_floor_spawned":[3,6,10,14,16,20,28,38,39,45],"ascension_level":20}