{"path_per_floor":["M","M","M","M","?","R","M","E","T","E","R","M","?","$","R","B",null,"M","?","$","M","M","R","E","R","T","M","M","M","$","M","R","B",null],"character_chosen":"DEFECT","items_purchased":["Self Repair","Go for the Eyes","Capacitor","Blizzard","Fire Potion","Capacitor","Dexterity Potion"],"gold_per_floor":[17,29,45,62,137,137,152,186,212,244,244,262,262,81,81,178,178,188,188,13,32,47,47,76,76,76,91,110,129,28,41,41,139,139,139],"floor_reached":35,"campfire_rested":2,"playtime":1471,"current_hp_per_floor":[88,88,85,63,52,52,45,31,31,24,50,50,72,72,72,20,70,48,43,43,40,32,32,31,31,31,30,26,6,6,18,30,37,42,0],"items_purged":["Parasite"],"gold":139,"score":539,"play_id":"23aaf178-700a-474c-89de-107a2de0f3e9","local_time":"20180502134952","is_prod":false,"is_daily":false,"chose_seed":false,"is_ascension_mode":true,"campfire_upgraded":4,"timestamp":1525240192,"path_taken":["M","M","M","M","?","R","M","E","T","E","R","M","?","?","R","BOSS","M","?","$","M","?","R","E","R","T","M","M","M","$","M","R","BOSS","M"],"build_version":"2018-05-01","seed_source_timestamp":608237812117846,"purchased_purges":1,"victory":false,"master_deck":["Strike_B","Strike_B","Strike_B","Strike_B","Defend_B","Defend_B","Defend_B","Defend_B","Zap+1","Dualcast","Sweeping Beam","Coolheaded","Reprieve+1","Leap","Cold Snap","Blaster","Static Discharge","Nova","Self Repair","Go for the Eyes","Echo Form","Rip and Tear","Ghostly","Ghostly","Ghostly","Ghostly","Ghostly","Capacitor+1","Blizzard+1","Sweeping Beam+1","Consume+1","Ball Lightning","Clumsy","Static Discharge","Creative AI","Capacitor","Skim+1","Echo Form"],"max_hp_per_floor":[89,89,89,89,89,89,89,89,89,89,89,89,89,86,86,86,86,86,43,43,43,43,43,43,43,43,43,43,43,43,43,43,43,43,43],"relics":["Cracked Core","Du-Vu Doll","Anchor","Dream Catcher","Cursed Key","Ancient Tea Set","Pantograph","Runic Dome"],"card_choices":[{"not_picked":["Conserve Battery","Rebound"],"picked":"Sweeping Beam","floor":1.0},{"not_picked":["Barrage","Beam Cell"],"picked":"Coolheaded","floor":2.0},{"not_picked":["Tempest","Doom and Gloom"],"picked":"Reprieve","floor":3.0},{"not_picked":["Cold Snap","Sweeping Beam"],"picked":"Leap","floor":4.0},{"not_picked":["Skim","Undo"],"picked":"Cold Snap","floor":8.0},{"not_picked":["Go for the Eyes","Barrage"],"picked":"Blaster","floor":10},{"not_picked":["Beam Cell","Reprogram"],"picked":"Static Discharge","floor":11},{"not_picked":["Axe Kick","Beam Cell"],"picked":"Nova","floor":12},{"not_picked":["Redo","Creative AI"],"picked":"Echo Form","floor":16},{"not_picked":["Rebound","Force Field"],"picked":"Rip and Tear","floor":18},{"not_picked":["Recycle","Barrage"],"picked":"Sweeping Beam","floor":21},{"not_picked":["Beam Cell","Static Discharge"],"picked":"Consume","floor":22},{"not_picked":["Beam Cell","Coolheaded"],"picked":"Ball Lightning","floor":24},{"not_picked":["Coolheaded","Consume"],"picked":"Static Discharge","floor":27},{"not_picked":["Beam Cell","Stack"],"picked":"Creative AI","floor":29},{"not_picked":["Beam Cell","Barrage"],"picked":"Skim","floor":32},{"not_picked":["Amplify","Redo"],"picked":"Echo Form","floor":33}],"player_experience":929194,"potions_floor_usage":[16,16,27,27],"damage_taken":[{"damage":1.0,"enemies":"2 Louse","floor":1.0,"turns":3.0},{"damage":0.0,"enemies":"Small Slimes","floor":2.0,"turns":2.0},{"damage":3.0,"enemies":"Cultist","floor":3.0,"turns":4.0},{"damage":22.0,"enemies":"Exordium Wildlife","floor":4.0,"turns":7.0},{"damage":7.0,"enemies":"2 Fungi Beasts","floor":7.0,"turns":4.0},{"damage":14.0,"enemies":"3 Sentries","floor":8.0,"turns":6.0},{"damage":7,"enemies":"Lagavulin","floor":10,"turns":10},{"damage":0,"enemies":"Large Slime","floor":12,"turns":5},{"damage":65,"enemies":"Hexaghost","floor":16,"turns":11},{"damage":29,"enemies":"3 Byrds","floor":18,"turns":4},{"damage":17,"enemies":"Spheric Guardian","floor":21,"turns":6},{"damage":15,"enemies":"Snake Plant","floor":22,"turns":6},{"damage":1,"enemies":"Gremlin Leader","floor":24,"turns":8},{"damage":8,"enemies":"Cultist and Chosen","floor":27,"turns":6},{"damage":18,"enemies":"Slaver and Parasite","floor":28,"turns":7},{"damage":20,"enemies":"Snake Plant","floor":29,"turns":4},{"damage":2,"enemies":"Centurion and Healer","floor":31,"turns":9},{"damage":13,"enemies":"Champ","floor":33,"turns":11},{"damage":43,"enemies":"3 Darklings","floor":35,"turns":3}],"event_choices":[{"event_name":"World of Goop","player_choice":"Gather Gold","floor":5.0,"damage_taken":0.0},{"event_name":"Mushrooms","player_choice":"Healed and dodged fight","floor":13,"damage_taken":0},{"event_name":"Ghosts","player_choice":"Became a Ghost","floor":19,"damage_taken":0}],"boss_relics":[{"not_picked":["Runic Pyramid","Orrery"],"picked":"Cursed Key"},{"not_picked":["Calling Bell","Astrolabe"],"picked":"Runic Dome"}],"potions_floor_spawned":[1,8,10,12,18,21,24,33],"seed_played":"-2655318477996638587","killed_by":"3 Darklings","ascension_level":5,"is_trial":false}