{"path_per_floor":["M","M","?","M","?","R","E","M","T","M","$","?","$","?","R","B",null,"M","$","?","?","?","R","M","R","T","E","R","?","T","?","R"],"character_chosen":"DEFECT","items_purchased":["Question Card","Turbo","Double Energy","Leap"],"gold_per_floor":[117,134,284,303,303,303,334,351,351,364,23,23,2,2,2,98,98,112,32,32,32,32,32,51,51,51,76,76,1,1,1,1,1],"floor_reached":33,"campfire_rested":4,"playtime":1202,"item_purchase_floors":[11,11,11,13],"current_hp_per_floor":[62,62,62,60,60,60,32,32,32,16,16,5,5,5,24,4,63,27,27,27,43,43,43,43,66,66,11,34,34,34,13,36,0],"items_purged":["Doubt","Normality"],"gold":1,"score":453,"play_id":"37778a61-5714-45da-859c-176d1170020e","local_time":"20180520223319","is_prod":false,"is_daily":false,"chose_seed":false,"is_ascension_mode":true,"campfire_upgraded":2,"timestamp":1526826799,"campfire_choices":[{"data":"Zap","floor":6,"key":"SMITH"},{"floor":15,"key":"REST"},{"data":"Defragment","floor":23,"key":"SMITH"},{"floor":25,"key":"REST"},{"floor":28,"key":"REST"},{"floor":32,"key":"REST"}],"path_taken":["M","M","?","M","?","R","E","M","T","M","$","?","?","?","R","BOSS","M","$","?","?","?","R","M","R","T","E","R","?","?","?","R","BOSS"],"build_version":"2018-05-18","seed_source_timestamp":296997939237,"purchased_purges":2,"victory":false,"master_deck":["Strike_B","Strike_B","Strike_B","Defend_B+1","Defend_B","Defend_B+1","Defend_B","Zap+1","Dualcast","AscendersBane","Go for the Eyes","Capacitor","Glacier","Reprogram","Barrage","Darkness","Undo","Turbo","Double Energy","Leap","Decay","Defragment+1","White Noise","Seek"],"max_hp_per_floor":[71,71,71,71,71,71,71,71,71,71,71,71,71,64,64,64,78,78,78,78,78,78,78,78,78,78,78,78,78,78,78,78,78],"relics":["Cracked Core","War Paint","Anchor","The Courier","Question Card","Bloody Idol","Calling Bell","Juzu Bracelet","Darkstone Periapt","Mango","Unceasing Top","Mummified Hand","Girya","Nilry\u0027s Codex"],"card_choices":[{"not_picked":["Turbo","Rebound"],"picked":"Go for the Eyes","floor":1},{"not_picked":["Aggregate","Coolheaded"],"picked":"Capacitor","floor":2},{"not_picked":["Cold Snap","Streamline"],"picked":"Glacier","floor":4},{"not_picked":["Fusion","BootSequence"],"picked":"Barrage","floor":7},{"not_picked":["Sweeping Beam","Conserve Battery"],"picked":"Darkness","floor":8},{"not_picked":["Cold Snap","Hologram"],"picked":"Undo","floor":10},{"not_picked":["Axe Kick","Rebound","Self Repair"],"picked":"Defragment","floor":18},{"not_picked":["Sunder","Go for the Eyes","Genetic Algorithm"],"picked":"White Noise","floor":24},{"not_picked":["Beam Cell","Force Field","Sweeping Beam+1"],"picked":"Seek","floor":27}],"player_experience":1037449,"potions_floor_usage":[10,18,27,27,33],"damage_taken":[{"damage":2,"enemies":"2 Louse","floor":1,"turns":3},{"damage":0,"enemies":"Small Slimes","floor":2,"turns":3},{"damage":2,"enemies":"Jaw Worm","floor":4,"turns":3},{"damage":28,"enemies":"3 Sentries","floor":7,"turns":15},{"damage":0,"enemies":"3 Louse","floor":8,"turns":3},{"damage":16,"enemies":"Gremlin Gang","floor":10,"turns":4},{"damage":20,"enemies":"The Guardian","floor":16,"turns":15},{"damage":36,"enemies":"Chosen","floor":18,"turns":10},{"damage":5,"enemies":"Shell Parasite","floor":24,"turns":8},{"damage":60,"enemies":"Slavers","floor":27,"turns":15},{"damage":40,"enemies":"Automaton","floor":33,"turns":6}],"relics_obtained":[{"floor":7,"key":"Anchor"},{"floor":9,"key":"The Courier"},{"floor":17,"key":"Juzu Bracelet"},{"floor":17,"key":"Darkstone Periapt"},{"floor":17,"key":"Mango"},{"floor":26,"key":"Unceasing Top"},{"floor":27,"key":"Mummified Hand"},{"floor":30,"key":"Girya"},{"floor":31,"key":"Nilry\u0027s Codex"}],"event_choices":[{"event_name":"Liars Game","player_choice":"agreed","floor":3,"damage_taken":0},{"event_name":"Transmorgrifier","player_choice":"Transform","floor":5,"damage_taken":0},{"event_name":"Scrap Ooze","player_choice":"unsuccessful","floor":12,"damage_taken":11},{"event_name":"Golden Idol","player_choice":"Lose Max HP","floor":14,"damage_taken":0},{"event_name":"Forgotten Altar","player_choice":"Gave Idol","floor":20,"damage_taken":0},{"event_name":"The Library","player_choice":"Heal","floor":21,"damage_taken":0},{"event_name":"Drug Dealer","player_choice":"Ignored","floor":22,"damage_taken":0},{"event_name":"Beggar","player_choice":"Gave Gold","floor":29,"damage_taken":0},{"event_name":"Cursed Tome","player_choice":"Obtained Book","floor":31,"damage_taken":0}],"boss_relics":[{"not_picked":["Tiny House","Philosopher\u0027s Stone"],"picked":"Calling Bell"}],"items_purged_floors":[11,19],"potions_floor_spawned":[2,7,8,16,24],"seed_played":"-3820723801131551206","killed_by":"Automaton","ascension_level":15,"potions_obtained":[{"floor":2,"key":"SteroidPotion"},{"floor":7,"key":"FocusPotion"},{"floor":8,"key":"FocusPotion"},{"floor":16,"key":"PowerPotion"},{"floor":24,"key":"GamblersBrew"}],"is_trial":false}