{"gold_per_floor":[110,120,133,133,147,174,174,206,230,230,260,260,273,337,337,337],"floor_reached":16,"playtime":546,"items_purged":[],"score":214,"play_id":"8396adec-f57b-49b3-857c-382df09eae17","local_time":"20190419194116","is_ascension_mode":true,"campfire_choices":[{"floor":7.0,"key":"REST"},{"floor":10.0,"key":"REST"},{"data":"Spot Weakness","floor":15.0,"key":"SMITH"}],"neow_cost":"NONE","seed_source_timestamp":1011635497628263,"circlet_count":0,"master_deck":["AscendersBane","Strike_R","Strike_R","Strike_R","Strike_R","Defend_R","Defend_R","Defend_R","Defend_R","Bash","Pummel","Infernal Blade","Shockwave","Thunderclap","Ghostly Armor","Spot Weakness+1","Evolve","Shrug It Off"],"special_seed":0,"relics":["Burning Blood","Darkstone Periapt","Lantern","Pen Nib","Potion Belt","SsserpentHead"],"potions_floor_usage":[],"damage_taken":[{"damage":6.0,"enemies":"Cultist","floor":1.0,"turns":4.0},{"damage":2.0,"enemies":"Small Slimes","floor":2.0,"turns":3.0},{"damage":0.0,"enemies":"2 Louse","floor":3.0,"turns":2.0},{"damage":36.0,"enemies":"Exordium Thugs","floor":5.0,"turns":6.0},{"damage":26.0,"enemies":"Gremlin Nob","floor":6.0,"turns":4.0},{"damage":32.0,"enemies":"Lagavulin","floor":8.0,"turns":10.0},{"damage":5.0,"enemies":"Gremlin Nob","floor":11.0,"turns":3.0},{"damage":10.0,"enemies":"Red Slaver","floor":13.0,"turns":2.0},{"damage":0.0,"enemies":"3 Louse","floor":14.0,"turns":3.0},{"damage":41,"enemies":"Hexaghost","floor":16,"turns":9}],"seed_played":"-1764451486071441288","potions_obtained":[{"floor":0.0,"key":"Explosive Potion"},{"floor":0.0,"key":"Explosive Potion"},{"floor":5.0,"key":"SpeedPotion"},{"floor":8.0,"key":"FearPotion"}],"is_trial":false,"path_per_floor":["M","M","M","?","M","E","R","E","T","R","E","?","M","M","R","B"],"character_chosen":"IRONCLAD","items_purchased":[],"campfire_rested":2,"item_purchase_floors":[],"current_hp_per_floor":[68,72,75,68,38,18,40,14,14,36,37,37,33,39,39,0],"gold":337,"neow_bonus":"THREE_SMALL_POTIONS","is_prod":false,"is_daily":false,"chose_seed":false,"campfire_upgraded":1,"win_rate":0,"timestamp":1555717276,"path_taken":["M","M","?","?","M","E","R","E","T","R","E","?","M","?","R","BOSS"],"build_version":"2019-04-04","purchased_purges":0,"victory":false,"max_hp_per_floor":[75,75,75,75,75,75,75,75,75,75,75,75,75,75,75,75],"card_choices":[{"not_picked":["Clothesline","Heavy Blade"],"picked":"Pummel","floor":1.0},{"not_picked":["Wild Strike","Sentinel"],"picked":"Infernal Blade","floor":2.0},{"not_picked":["Rage","Corruption"],"picked":"Shockwave","floor":3.0},{"not_picked":["Headbutt","Perfected Strike"],"picked":"Thunderclap","floor":5.0},{"not_picked":["Anger","Headbutt"],"picked":"Ghostly Armor","floor":6.0},{"not_picked":["Hemokinesis","Limit Break"],"picked":"Spot Weakness","floor":8.0},{"not_picked":["Bludgeon","Clash"],"picked":"Evolve","floor":11.0},{"not_picked":["Evolve","Rampage"],"picked":"Shrug It Off","floor":13.0},{"not_picked":["Wild Strike","Anger","Fire Breathing"],"picked":"SKIP","floor":14.0}],"player_experience":979507,"relics_obtained":[{"floor":6.0,"key":"Darkstone Periapt"},{"floor":8.0,"key":"Lantern"},{"floor":9.0,"key":"Pen Nib"},{"floor":11.0,"key":"Potion Belt"}],"event_choices":[{"cards_removed":["Strike_R"],"damage_healed":0.0,"max_hp_gain":0.0,"max_hp_loss":0.0,"gold_gain":0.0,"event_name":"Golden Wing","player_choice":"Card Removal","floor":4.0,"gold_loss":0.0,"damage_taken":7.0},{"damage_healed":0.0,"max_hp_gain":0.0,"max_hp_loss":0.0,"gold_gain":0.0,"event_name":"FaceTrader","player_choice":"Trade","floor":12.0,"gold_loss":0.0,"damage_taken":0.0,"relics_obtained":["SsserpentHead"]}],"is_beta":true,"boss_relics":[],"items_purged_floors":[],"is_endless":false,"potions_floor_spawned":[5,8],"killed_by":"Hexaghost","ascension_level":15}