{"gold_per_floor":[109,119,119,119,44,44,17,41,111,131,131,162,176,194,194,291,291,305,405,208,220,12,12,28,28],"floor_reached":25,"playtime":634,"items_purged":["Strike_B","Defend_B"],"score":201,"play_id":"66782ef2-21e3-4d0c-b3fa-466045aea7aa","local_time":"20190127140846","is_ascension_mode":false,"campfire_choices":[{"floor":6.0,"key":"REST"},{"floor":15.0,"key":"REST"},{"floor":23,"key":"REST"}],"neow_cost":"NONE","seed_source_timestamp":0,"circlet_count":0,"master_deck":["Strike_B","Strike_B","Strike_B","Defend_B","Defend_B","Zap+1","Dualcast+1","Gash","Beam Cell","Machine Learning","White Noise","Go for the Eyes","Madness","Gash"],"special_seed":0,"relics":["Cracked Core","Thread and Needle","Regal Pillow","Anchor","Lizard Tail","Oddly Smooth Stone"],"potions_floor_usage":[],"damage_taken":[{"damage":1.0,"enemies":"Jaw Worm","floor":1.0,"turns":3.0},{"damage":0.0,"enemies":"2 Louse","floor":2.0,"turns":2.0},{"damage":0.0,"enemies":"Cultist","floor":10.0,"turns":3.0},{"damage":22.0,"enemies":"Gremlin Nob","floor":12.0,"turns":4.0},{"damage":0.0,"enemies":"Red Slaver","floor":13.0,"turns":2.0},{"damage":4.0,"enemies":"2 Fungi Beasts","floor":14.0,"turns":3.0},{"damage":42.0,"enemies":"The Guardian","floor":16.0,"turns":9.0},{"damage":15,"enemies":"Spheric Guardian","floor":18,"turns":4},{"damage":10,"enemies":"Shell Parasite","floor":21,"turns":6},{"damage":19,"enemies":"Snecko","floor":24,"turns":5},{"damage":27,"enemies":"Sentry and Sphere","floor":25,"turns":5}],"seed_played":"-209158856616965570","potions_obtained":[{"floor":1.0,"key":"GamblersBrew"},{"floor":12.0,"key":"Weak Potion"},{"floor":13.0,"key":"FearPotion"}],"is_trial":false,"path_per_floor":["M","M","?","?","$","R","?","T","T","M","?","E","M","M","R","B",null,"M","?","$","M","$","R","M","M"],"character_chosen":"DEFECT","items_purchased":["Madness","Gash","Oddly Smooth Stone"],"campfire_rested":3,"item_purchase_floors":[20,22,22],"current_hp_per_floor":[74,74,56,56,56,75,75,75,75,75,75,53,53,49,75,33,75,60,60,60,50,50,75,56,29],"gold":28,"neow_bonus":"UPGRADE_CARD","is_prod":false,"is_daily":false,"chose_seed":false,"campfire_upgraded":0,"win_rate":0,"timestamp":1548616126,"path_taken":["M","M","?","?","$","R","?","?","T","?","?","E","M","M","R","BOSS","M","?","$","?","?","R","M","M"],"build_version":"2019-01-23","purchased_purges":2,"victory":false,"max_hp_per_floor":[75,75,75,75,75,75,75,75,75,75,75,75,75,75,75,75,75,75,75,75,75,75,75,75,75],"card_choices":[{"not_picked":["Sunder","Cold Snap","Stack"],"picked":"SKIP","floor":1.0},{"not_picked":["Storm","Undo"],"picked":"Gash","floor":2.0},{"not_picked":["Conserve Battery","Compile Driver"],"picked":"Beam Cell","floor":10.0},{"not_picked":["Hologram","Compile Driver"],"picked":"Machine Learning","floor":12.0},{"not_picked":["Genetic Algorithm","Steam"],"picked":"White Noise","floor":13.0},{"not_picked":["Stack","Darkness"],"picked":"Go for the Eyes","floor":14.0},{"not_picked":["Coolheaded","Stack","Consume"],"picked":"SKIP","floor":18},{"not_picked":["Hologram","Streamline","Defragment"],"picked":"SKIP","floor":21},{"not_picked":["Conserve Battery","Sunder","Sweeping Beam"],"picked":"SKIP","floor":24}],"player_experience":167285,"relics_obtained":[{"floor":8.0,"key":"Regal Pillow"},{"floor":12.0,"key":"Anchor"}],"event_choices":[{"damage_healed":0.0,"max_hp_gain":0.0,"max_hp_loss":0.0,"gold_gain":0.0,"event_name":"Scrap Ooze","player_choice":"Success","floor":3.0,"gold_loss":0.0,"damage_taken":18.0,"relics_obtained":["Thread and Needle"]},{"damage_healed":0.0,"max_hp_gain":0.0,"max_hp_loss":0.0,"gold_gain":0.0,"event_name":"Living Wall","player_choice":"Grow","floor":4.0,"gold_loss":0.0,"damage_taken":0.0,"cards_upgraded":["Dualcast"]},{"damage_healed":0.0,"max_hp_gain":0.0,"max_hp_loss":0.0,"gold_gain":0.0,"event_name":"World of Goop","player_choice":"Left Gold","floor":7.0,"gold_loss":27.0,"damage_taken":0.0},{"cards_removed":["Defend_B"],"damage_healed":0.0,"max_hp_gain":0.0,"max_hp_loss":0.0,"gold_gain":0.0,"event_name":"Bonfire Elementals","player_choice":"Offered Basic","floor":11.0,"gold_loss":0.0,"damage_taken":0.0},{"damage_healed":0,"gold_gain":100,"player_choice":"Pray","damage_taken":0,"max_hp_gain":0,"max_hp_loss":0,"event_name":"Golden Shrine","floor":19,"gold_loss":0}],"is_beta":false,"boss_relics":[{"not_picked":["Snecko Eye","Cursed Key"],"picked":"Lizard Tail"}],"items_purged_floors":[5,20],"is_endless":false,"potions_floor_spawned":[1,12,13,14,24],"killed_by":"Sentry and Sphere","ascension_level":0}