{"gold_per_floor":[109,109,109,122,122,122,137,137,164,207,207,27,27,52,52,145,145,164,83,83,83,102,102,146,146,146,162,202,202,223,70,70,166,166,187,187,187,207,29,69,69,108,162,162,13,13,13,44,56,88,100,112,124,167,179],"floor_reached":56,"playtime":2611,"items_purged":["Regret","Pain"],"score":2014,"play_id":"03c4c0b5-492d-4baf-92d6-f308b6be7b55","local_time":"20190409192309","is_ascension_mode":true,"campfire_choices":[{"floor":6.0,"key":"REST"},{"data":"Whirlwind","floor":8.0,"key":"SMITH"},{"data":"Combust","floor":11.0,"key":"SMITH"},{"data":"Evolve","floor":15.0,"key":"SMITH"},{"data":"True Grit","floor":23.0,"key":"SMITH"},{"floor":25.0,"key":"REST"},{"floor":29.0,"key":"REST"},{"data":"Offering","floor":32.0,"key":"SMITH"},{"floor":41.0,"key":"RECALL"},{"data":"Feel No Pain","floor":46.0,"key":"SMITH"},{"data":"Limit Break","floor":47.0,"key":"SMITH"},{"data":"Feel No Pain","floor":49.0,"key":"SMITH"},{"data":"Brutality","floor":52.0,"key":"SMITH"}],"neow_cost":"NONE","seed_source_timestamp":144039028685251,"circlet_count":0,"master_deck":["AscendersBane","Strike_R","Strike_R","Strike_R","Strike_R+1","Strike_R","Defend_R","Defend_R","Defend_R","Defend_R","Bash+1","Whirlwind+1","Power Through","Combust+1","Evolve+1","True Grit+1","Brutality+1","Reaper","Spot Weakness","Carnage","Feel No Pain+1","True Grit+1","Heavy Blade","Metallicize+1","Offering+1","Shrug It Off+1","Seeing Red","Dual Wield","Limit Break+1","Burning Pact","Magnetism","Corruption+1","Reckless Charge+1","Disarm","True Grit+1","Double Tap","Feel No Pain+1","Flame Barrier+1","Intimidate+1"],"special_seed":0,"relics":["Burning Blood","Orichalcum","Golden Idol","Thread and Needle","Bronze Scales","Prayer Wheel","Mark of Pain","Lantern","Happy Flower","WingedGreaves","Bag of Preparation","White Beast Statue","WarpedTongs","Potion Belt","Mummified Hand","Toxic Egg 2","MawBank","Letter Opener"],"potions_floor_usage":[55,55,55],"damage_taken":[{"damage":3.0,"enemies":"Jaw Worm","floor":1.0,"turns":5.0},{"damage":0.0,"enemies":"2 Louse","floor":4.0,"turns":3.0},{"damage":0.0,"enemies":"Small Slimes","floor":7.0,"turns":3.0},{"damage":13.0,"enemies":"3 Sentries","floor":10.0,"turns":4.0},{"damage":5.0,"enemies":"2 Fungi Beasts","floor":14.0,"turns":2.0},{"damage":32.0,"enemies":"Slime Boss","floor":16.0,"turns":8.0},{"damage":5.0,"enemies":"Chosen","floor":18.0,"turns":5.0},{"damage":3.0,"enemies":"Spheric Guardian","floor":22.0,"turns":3.0},{"damage":46.0,"enemies":"Book of Stabbing","floor":24.0,"turns":5.0},{"damage":26.0,"enemies":"Snake Plant","floor":27.0,"turns":5.0},{"damage":29.0,"enemies":"Gremlin Leader","floor":28.0,"turns":6.0},{"damage":8.0,"enemies":"Snecko","floor":30.0,"turns":5.0},{"damage":81.0,"enemies":"Champ","floor":33.0,"turns":10.0},{"damage":10.0,"enemies":"Orb Walker","floor":35.0,"turns":4.0},{"damage":3.0,"enemies":"3 Shapes","floor":38.0,"turns":4.0},{"damage":22.0,"enemies":"Giant Head","floor":40.0,"turns":9.0},{"damage":26.0,"enemies":"Reptomancer","floor":42.0,"turns":7.0},{"damage":19.0,"enemies":"Nemesis","floor":48.0,"turns":5.0},{"damage":51.0,"enemies":"Donu and Deca","floor":50.0,"turns":12.0},{"damage":35.0,"enemies":"Shield and Spear","floor":54.0,"turns":8.0},{"damage":69,"enemies":"The Heart","floor":55,"turns":7}],"seed_played":"7120105842872321449","potions_obtained":[{"floor":1.0,"key":"Block Potion"},{"floor":7.0,"key":"EssenceOfSteel"},{"floor":24.0,"key":"LiquidBronze"},{"floor":27.0,"key":"FairyPotion"},{"floor":35.0,"key":"EssenceOfSteel"},{"floor":40.0,"key":"Regen Potion"},{"floor":42.0,"key":"Weak Potion"},{"floor":48.0,"key":"Energy Potion"},{"floor":54.0,"key":"SteroidPotion"}],"is_trial":false,"path_per_floor":["M","?","?","M","?","R","M","R","T","E","R","$","?","M","R","B",null,"M","$","?","?","M","R","E","R","T","M","E","R","M","$","R","B",null,"M","?","?","M","$","E","R","E","T","T","$","R","R","E","R","B",null,"R","$","E","B",null],"character_chosen":"IRONCLAD","items_purchased":["Evolve","True Grit","Feel No Pain","Bag of Preparation","Disarm","Feel No Pain","Flame Barrier+1"],"campfire_rested":3,"item_purchase_floors":[12,12,19,31,39,45,45],"current_hp_per_floor":[71,45,45,51,28,50,56,56,56,49,49,49,49,50,50,24,62,67,67,67,67,70,70,35,57,57,42,34,56,54,54,54,12,59,55,55,55,58,58,75,75,75,75,75,75,75,75,63,63,62,72,72,72,50,12],"gold":191,"neow_bonus":"RANDOM_COMMON_RELIC","is_prod":false,"is_daily":false,"chose_seed":false,"campfire_upgraded":9,"win_rate":0,"timestamp":1554852189,"path_taken":["M","?","?","M","?","R","M","R","T","E","R","$","?","M","R","BOSS","M","$","?","?","M","R","E","R","T","?","E","R","M","$","R","BOSS","M","?","?","?","$","E","R","E","T","?","$","R","R","E","R","BOSS","R","$","E","BOSS"],"build_version":"2019-04-04","purchased_purges":2,"victory":true,"max_hp_per_floor":[75,75,75,75,75,75,75,75,75,75,75,75,75,75,75,75,75,75,75,75,75,75,75,75,75,75,75,75,75,75,75,75,75,75,75,75,75,75,75,75,75,75,75,75,75,75,75,75,75,75,75,75,75,75,75],"card_choices":[{"not_picked":["Corruption","Bloodletting"],"picked":"Whirlwind","floor":1.0},{"not_picked":["Seeing Red","Iron Wave"],"picked":"Power Through","floor":4.0},{"not_picked":["Iron Wave","Pommel Strike"],"picked":"Combust","floor":7.0},{"not_picked":["Headbutt","Hemokinesis","Iron Wave"],"picked":"SKIP","floor":10.0},{"not_picked":["Heavy Blade","Wild Strike"],"picked":"Brutality","floor":14.0},{"not_picked":["Pommel Strike","Seeing Red","Havoc"],"picked":"SKIP","floor":14.0},{"not_picked":["Pommel Strike","Seeing Red","Havoc"],"picked":"SKIP","floor":14.0},{"not_picked":["Brutality","Barricade"],"picked":"Reaper","floor":16.0},{"not_picked":["Sever Soul","Combust"],"picked":"Spot Weakness","floor":18.0},{"not_picked":["Thunderclap","Anger"],"picked":"Carnage","floor":18.0},{"not_picked":["Warcry","Wild Strike"],"picked":"True Grit","floor":22.0},{"not_picked":["Iron Wave","Reckless Charge"],"picked":"Heavy Blade","floor":22.0},{"not_picked":["Dual Wield","Hemokinesis"],"picked":"Metallicize+1","floor":24.0},{"not_picked":["Thunderclap","Clothesline"],"picked":"Offering","floor":27.0},{"not_picked":["Perfected Strike","Thunderclap","Searing Blow"],"picked":"SKIP","floor":27.0},{"not_picked":["Thunderclap","Headbutt"],"picked":"Shrug It Off+1","floor":28.0},{"not_picked":["Wild Strike","Iron Wave"],"picked":"Seeing Red","floor":30.0},{"not_picked":["Whirlwind","Flex"],"picked":"Dual Wield","floor":30.0},{"not_picked":["Exhume","Fiend Fire"],"picked":"Limit Break","floor":33.0},{"not_picked":["Headbutt","Pommel Strike+1"],"picked":"Burning Pact","floor":35.0},{"not_picked":["Blood for Blood","Rage","Twin Strike"],"picked":"SKIP","floor":35.0},{"not_picked":["Finesse","Madness"],"picked":"Magnetism","floor":36.0},{"not_picked":["Clothesline+1","Iron Wave"],"picked":"Corruption+1","floor":38.0},{"not_picked":["Headbutt+1","Sentinel"],"picked":"Reckless Charge+1","floor":38.0},{"not_picked":["Rage","Havoc+1"],"picked":"True Grit+1","floor":40.0},{"not_picked":["Wild Strike+1","Havoc+1"],"picked":"Double Tap","floor":42.0},{"not_picked":["Sword Boomerang+1","Wild Strike"],"picked":"Intimidate+1","floor":48.0},{"not_picked":["Searing Blow","Havoc+1","Flex+1"],"picked":"SKIP","floor":54.0}],"player_experience":931240,"relics_obtained":[{"floor":9.0,"key":"Bronze Scales"},{"floor":10.0,"key":"Prayer Wheel"},{"floor":24.0,"key":"Lantern"},{"floor":26.0,"key":"Happy Flower"},{"floor":28.0,"key":"WingedGreaves"},{"floor":40.0,"key":"Potion Belt"},{"floor":42.0,"key":"Mummified Hand"},{"floor":44.0,"key":"Toxic Egg 2"},{"floor":48.0,"key":"MawBank"},{"floor":54.0,"key":"Letter Opener"}],"event_choices":[{"damage_healed":0.0,"max_hp_gain":0.0,"max_hp_loss":0.0,"gold_gain":0.0,"event_name":"Golden Idol","player_choice":"Take Damage","floor":2.0,"gold_loss":0.0,"damage_taken":26.0,"relics_obtained":["Golden Idol"]},{"damage_healed":0.0,"max_hp_gain":0.0,"max_hp_loss":0.0,"gold_gain":0.0,"event_name":"Big Fish","player_choice":"Box","floor":3.0,"gold_loss":0.0,"damage_taken":0.0,"relics_obtained":["Thread and Needle"],"cards_obtained":["Regret"]},{"damage_healed":0.0,"max_hp_gain":0.0,"max_hp_loss":0.0,"gold_gain":0.0,"event_name":"Shining Light","player_choice":"Entered Light","floor":5.0,"gold_loss":0.0,"damage_taken":23.0,"cards_upgraded":["Bash","Strike_R"]},{"damage_healed":0.0,"max_hp_gain":0.0,"max_hp_loss":0.0,"gold_gain":0.0,"event_name":"Living Wall","player_choice":"Grow","floor":13.0,"gold_loss":0.0,"damage_taken":0.0,"cards_upgraded":["True Grit"]},{"damage_healed":0.0,"max_hp_gain":0.0,"max_hp_loss":0.0,"gold_gain":0.0,"event_name":"Ghosts","player_choice":"Ignored","floor":20.0,"gold_loss":0.0,"damage_taken":0.0},{"damage_healed":0.0,"max_hp_gain":0.0,"max_hp_loss":0.0,"gold_gain":0.0,"event_name":"N\u0027loth","player_choice":"Ignored","floor":21.0,"gold_loss":0.0,"damage_taken":0.0},{"damage_healed":0.0,"max_hp_gain":0.0,"max_hp_loss":0.0,"gold_gain":0.0,"event_name":"SensoryStone","player_choice":"Memory 1","floor":36.0,"gold_loss":0.0,"damage_taken":0.0},{"damage_healed":0.0,"max_hp_gain":0.0,"max_hp_loss":0.0,"gold_gain":0.0,"event_name":"Accursed Blacksmith","player_choice":"Rummage","floor":37.0,"gold_loss":0.0,"damage_taken":0.0,"relics_obtained":["WarpedTongs"],"cards_obtained":["Pain"]}],"is_beta":true,"boss_relics":[{"not_picked":["Snecko Eye","Tiny House"],"picked":"Mark of Pain"},{"not_picked":["Lizard Tail","Black Blood"],"picked":"White Beast Statue"}],"items_purged_floors":[12,39],"is_endless":false,"potions_floor_spawned":[1,7,10,24,27,35,38,40,42,48,54],"ascension_level":15}