{"gold_per_floor":[109,109,126,138,157,157,176,208,208,236,236,250,285,300,300,375,375,385,419,419],"floor_reached":20,"playtime":1522,"items_purged":[],"score":392,"play_id":"ba80adb9-e59a-4f37-9c2c-c37695f479ea","local_time":"20190410030829","is_ascension_mode":true,"campfire_choices":[{"floor":6.0,"key":"REST"},{"floor":11.0,"key":"REST"},{"data":"Creative AI","floor":15.0,"key":"SMITH"}],"neow_cost":"NONE","seed_source_timestamp":0,"circlet_count":0,"master_deck":["AscendersBane","Strike_B","Strike_B","Strike_B","Defend_B","Defend_B","Defend_B","Defend_B","Zap","Dualcast","Genetic Algorithm","Sweeping Beam","Ball Lightning","Go for the Eyes","Gash","Creative AI+1","Glacier","Gash","Core Surge","Conserve Battery"],"special_seed":0,"relics":["Cracked Core","Gambling Chip","Pantograph","Blood Vial","Ice Cream","Inserter","Red Mask"],"potions_floor_usage":[],"damage_taken":[{"damage":2.0,"enemies":"2 Louse","floor":1.0,"turns":2.0},{"damage":1.0,"enemies":"Cultist","floor":3.0,"turns":3.0},{"damage":2.0,"enemies":"Jaw Worm","floor":4.0,"turns":5.0},{"damage":29.0,"enemies":"Gremlin Gang","floor":5.0,"turns":4.0},{"damage":9.0,"enemies":"Exordium Thugs","floor":7.0,"turns":4.0},{"damage":31.0,"enemies":"3 Sentries","floor":8.0,"turns":7.0},{"damage":26.0,"enemies":"Gremlin Nob","floor":10.0,"turns":4.0},{"damage":0.0,"enemies":"2 Fungi Beasts","floor":12.0,"turns":3.0},{"damage":10.0,"enemies":"3 Sentries","floor":13.0,"turns":9.0},{"damage":1.0,"enemies":"Lots of Slimes","floor":14.0,"turns":3.0},{"damage":29.0,"enemies":"The Guardian","floor":16.0,"turns":11.0},{"damage":16.0,"enemies":"Spheric Guardian","floor":18.0,"turns":7.0},{"damage":39.0,"enemies":"Masked Bandits","floor":19.0,"turns":6.0},{"damage":10,"enemies":"3 Byrds","floor":20,"turns":3}],"seed_played":"4463651689633470735","potions_obtained":[{"floor":5.0,"key":"Poison Potion"},{"floor":7.0,"key":"FairyPotion"},{"floor":8.0,"key":"SpeedPotion"},{"floor":13.0,"key":"Dexterity Potion"},{"floor":18.0,"key":"LiquidBronze"}],"is_trial":false,"path_per_floor":["?","M","M","?"],"character_chosen":"DEFECT","items_purchased":[],"campfire_rested":2,"item_purchase_floors":[],"current_hp_per_floor":[62,62,61,59,30,51,42,11,11,7,28,30,22,23,23,21,59,45,8,0],"gold":419,"neow_bonus":"THREE_CARDS","is_prod":false,"is_daily":false,"chose_seed":false,"campfire_upgraded":1,"win_rate":0,"timestamp":1554883709,"path_taken":["M","?","M","?","M","R","?","E","T","E","R","M","E","M","R","BOSS","M","?","M"],"build_version":"2019-01-23","purchased_purges":0,"victory":false,"max_hp_per_floor":[71,71,71,71,71,71,71,71,71,71,71,71,71,71,71,71,71,71,71,71],"card_choices":[{"not_picked":["Reinforced Body","Melter"],"picked":"Genetic Algorithm","floor":0.0},{"not_picked":["Hologram","Compile Driver"],"picked":"Sweeping Beam","floor":1.0},{"not_picked":["Sweeping Beam","Aggregate","Redo"],"picked":"SKIP","floor":3.0},{"not_picked":["Beam Cell","Sweeping Beam"],"picked":"Ball Lightning","floor":4.0},{"not_picked":["Gash","Leap"],"picked":"Go for the Eyes","floor":5.0},{"not_picked":["Force Field","Fission"],"picked":"Gash","floor":7.0},{"not_picked":["Hyperbeam","Doom and Gloom"],"picked":"Creative AI","floor":8.0},{"not_picked":["Ball Lightning","Melter","Rebound"],"picked":"SKIP","floor":10.0},{"not_picked":["Force Field","Fusion"],"picked":"Glacier","floor":12.0},{"not_picked":["Steam","Sunder","Go for the Eyes"],"picked":"SKIP","floor":13.0},{"not_picked":["Redo","Go for the Eyes"],"picked":"Gash","floor":14.0},{"not_picked":["Meteor Strike","Thunder Strike"],"picked":"Core Surge","floor":16.0},{"not_picked":["Steam Power","Loop","Gash"],"picked":"SKIP","floor":18.0},{"not_picked":["Turbo","Coolheaded"],"picked":"Conserve Battery","floor":19.0}],"player_experience":373498,"relics_obtained":[{"floor":8.0,"key":"Gambling Chip"},{"floor":9.0,"key":"Pantograph"},{"floor":10.0,"key":"Blood Vial"},{"floor":13.0,"key":"Ice Cream"},{"floor":19.0,"key":"Red Mask"}],"event_choices":[{"cards_removed":["Strike_B"],"damage_healed":0.0,"max_hp_gain":0.0,"max_hp_loss":0.0,"gold_gain":0.0,"event_name":"Purifier","player_choice":"Purged","floor":2.0,"gold_loss":0.0,"damage_taken":0.0},{"damage_healed":0.0,"max_hp_gain":0.0,"max_hp_loss":0.0,"gold_gain":0.0,"event_name":"Masked Bandits","player_choice":"Fought Bandits","floor":19.0,"gold_loss":0.0,"damage_taken":0.0}],"is_beta":false,"boss_relics":[{"not_picked":["White Beast Statue","Ectoplasm"],"picked":"Inserter"}],"items_purged_floors":[],"is_endless":false,"potions_floor_spawned":[5,7,8,13,18],"killed_by":"3 Byrds","ascension_level":20}