{"gold_per_floor":[113,34,34,52,52,85,85,45,45,78,1,19,19,19],"floor_reached":14,"playtime":483,"items_purged":[],"score":212,"play_id":"0ebac72e-549b-4391-b39b-99c728b38b8f","local_time":"20190421170551","is_ascension_mode":true,"campfire_choices":[{"data":"Seeing Red","floor":7,"key":"SMITH"},{"data":"Uppercut","floor":13,"key":"SMITH"}],"neow_cost":"NONE","seed_source_timestamp":764253328759200,"circlet_count":0,"master_deck":["AscendersBane","Strike_R","Strike_R","Strike_R","Strike_R","Strike_R","Defend_R","Defend_R","Defend_R","Defend_R","Bash+1","Reaper","Seeing Red+1","Corruption","Uppercut+1","Metallicize","Headbutt"],"relics":["Burning Blood","NeowsBlessing","Pen Nib","Sundial","Darkstone Periapt","Potion Belt"],"potions_floor_usage":[8,10],"damage_taken":[{"damage":0,"enemies":"Small Slimes","floor":1,"turns":1},{"damage":0,"enemies":"Jaw Worm","floor":4,"turns":1},{"damage":0,"enemies":"Lagavulin","floor":6,"turns":1},{"damage":70,"enemies":"3 Sentries","floor":10,"turns":12},{"damage":8,"enemies":"2 Louse","floor":12,"turns":3},{"damage":32,"enemies":"Lots of Slimes","floor":14,"turns":3}],"seed_played":"1484592156056241070","potions_obtained":[{"floor":8,"key":"Fruit Juice"},{"floor":8,"key":"EssenceOfSteel"},{"floor":8,"key":"SkillPotion"},{"floor":12,"key":"FearPotion"}],"is_trial":false,"path_per_floor":["M","$","?","M","T","E","R","?","T","E","$","M","R","M"],"character_chosen":"IRONCLAD","items_purchased":["Reaper","Metallicize"],"campfire_rested":0,"item_purchase_floors":[2,11],"current_hp_per_floor":[74,74,74,75,75,75,75,80,80,28,28,32,32,0],"gold":19,"neow_bonus":"THREE_ENEMY_KILL","is_prod":false,"is_daily":false,"chose_seed":false,"campfire_upgraded":2,"win_rate":0,"timestamp":1555859151,"path_taken":["M","$","?","M","?","E","R","?","T","E","$","?","R","M"],"build_version":"2019-01-23","purchased_purges":0,"victory":false,"max_hp_per_floor":[75,75,75,75,75,75,75,80,80,80,80,80,80,80],"card_choices":[{"not_picked":["Perfected Strike","Clash","Pummel"],"picked":"SKIP","floor":1},{"not_picked":["Wild Strike","Iron Wave"],"picked":"Seeing Red","floor":4},{"not_picked":["Body Slam","Thunderclap"],"picked":"Corruption","floor":6},{"not_picked":["Fiend Fire","Shrug It Off"],"picked":"Uppercut","floor":10},{"not_picked":["Fire Breathing","Wild Strike"],"picked":"Headbutt","floor":12}],"player_experience":256967,"relics_obtained":[{"floor":5,"key":"Pen Nib"},{"floor":6,"key":"Sundial"},{"floor":9,"key":"Darkstone Periapt"},{"floor":10,"key":"Potion Belt"}],"event_choices":[{"damage_healed":0,"gold_gain":0,"player_choice":"Grow","damage_taken":0,"max_hp_gain":0,"max_hp_loss":0,"event_name":"Living Wall","floor":3,"gold_loss":0,"cards_upgraded":["Bash"]},{"damage_healed":0,"gold_gain":0,"player_choice":"Bought 3 Potions","damage_taken":0,"max_hp_gain":0,"max_hp_loss":0,"event_name":"The Woman in Blue","floor":8,"gold_loss":0}],"is_beta":false,"boss_relics":[],"items_purged_floors":[],"is_endless":false,"potions_floor_spawned":[12],"killed_by":"Lots of Slimes","ascension_level":15}