{"gold_per_floor":[209,209,18,18,34,34,34,96,96,96,96,96,123,159,159,159],"floor_reached":16,"playtime":891,"items_purged":["Strike_G"],"score":208,"play_id":"9c6d9b30-c22a-43b0-8c4c-5ca094651450","local_time":"20190420125312","is_ascension_mode":true,"campfire_choices":[{"data":"After Image","floor":6.0,"key":"SMITH"},{"floor":12.0,"key":"REST"},{"data":"Cloak And Dagger","floor":15.0,"key":"SMITH"}],"neow_cost":"NONE","seed_source_timestamp":791432129996280,"circlet_count":0,"master_deck":["AscendersBane","Defend_G","Defend_G","Defend_G","Defend_G","Defend_G","Strike_G","Strike_G","Strike_G","Survivor","Neutralize","Cloak And Dagger+1","Dagger Spray","Footwork","After Image+1","Flying Knee","Leg Sweep","Venomology"],"special_seed":0,"relics":["Ring of the Snake","Boot","Tiny Chest","Letter Opener","Golden Idol","Smiling Mask","Kunai"],"potions_floor_usage":[16],"damage_taken":[{"damage":1.0,"enemies":"Small Slimes","floor":1.0,"turns":5.0},{"damage":0.0,"enemies":"Cultist","floor":5.0,"turns":4.0},{"damage":17.0,"enemies":"3 Sentries","floor":8.0,"turns":11.0},{"damage":4.0,"enemies":"Lagavulin","floor":14.0,"turns":12.0},{"damage":25,"enemies":"Slime Boss","floor":16,"turns":19}],"seed_played":"-2900949182137190159","potions_obtained":[{"floor":8.0,"key":"SkillPotion"}],"is_trial":false,"path_per_floor":["?","?","M","$","?","?","T"],"character_chosen":"THE_SILENT","items_purchased":["Dagger Spray","Footwork"],"campfire_rested":1,"item_purchase_floors":[3,3],"current_hp_per_floor":[58,32,32,32,32,32,32,15,15,8,8,26,26,22,22,0],"gold":159,"neow_bonus":"HUNDRED_GOLD","is_prod":false,"is_daily":false,"chose_seed":false,"campfire_upgraded":2,"win_rate":0,"timestamp":1555782792,"path_taken":["M","?","$","?","?","R","?","E","T","?","?","R","?","E","R","BOSS"],"build_version":"2019-01-23","purchased_purges":1,"victory":false,"max_hp_per_floor":[66,66,66,66,66,66,66,66,66,66,60,60,60,60,60,60],"card_choices":[{"not_picked":["Dodge and Roll","Dagger Throw"],"picked":"Cloak And Dagger","floor":1.0},{"not_picked":["Setup","Outmaneuver"],"picked":"Leg Sweep","floor":5.0},{"not_picked":["Blade Dance","Deflect"],"picked":"Venomology","floor":8.0},{"not_picked":["Calculated Gamble","Blur","Skewer"],"picked":"SKIP","floor":14.0}],"player_experience":461037,"relics_obtained":[{"floor":8.0,"key":"Tiny Chest"},{"floor":9.0,"key":"Letter Opener"},{"floor":13.0,"key":"Smiling Mask"},{"floor":14.0,"key":"Kunai"}],"event_choices":[{"damage_healed":0.0,"max_hp_gain":0.0,"max_hp_loss":0.0,"gold_gain":0.0,"event_name":"Scrap Ooze","player_choice":"Success","floor":2.0,"gold_loss":0.0,"damage_taken":26.0,"relics_obtained":["Boot"]},{"damage_healed":0.0,"max_hp_gain":0.0,"max_hp_loss":0.0,"gold_gain":0.0,"event_name":"Match and Keep!","player_choice":"2 cards matched","floor":4.0,"gold_loss":0.0,"damage_taken":0.0,"cards_obtained":["After Image","Flying Knee"]},{"cards_removed":["Strike_G"],"damage_healed":0.0,"max_hp_gain":0.0,"max_hp_loss":0.0,"gold_gain":0.0,"event_name":"Golden Wing","player_choice":"Card Removal","floor":10.0,"gold_loss":0.0,"damage_taken":7.0},{"damage_healed":0.0,"max_hp_gain":0.0,"max_hp_loss":6.0,"gold_gain":0.0,"event_name":"Golden Idol","player_choice":"Lose Max HP","floor":11.0,"gold_loss":0.0,"damage_taken":0.0,"relics_obtained":["Golden Idol"]}],"is_beta":false,"boss_relics":[],"items_purged_floors":[3],"is_endless":false,"potions_floor_spawned":[8],"killed_by":"Slime Boss","ascension_level":20}