{"path_per_floor":["M","M","M","M","$","R","E","$","T","M","M","R","E","$","R","B",null,"M","M","$","M","M","R","E","M","T","R","M","R","E","?","R","B",null,"M","$","?","M","M","R","E","R","T","$","M","?","E","M","R","B"],"character_chosen":"DEFECT","items_purchased":["Meteor Strike","Capacitor","Potion Belt","Magnetism","Capacitor","FairyPotion","Reboot","Defragment","Go for the Eyes"],"gold_per_floor":[364,383,401,412,296,296,322,169,169,187,199,199,228,49,49,121,121,138,155,28,38,52,52,84,103,176,176,192,192,217,217,217,292,292,303,199,249,269,280,280,308,308,361,13,29,29,60,79,79,79],"floor_reached":51,"campfire_rested":5,"playtime":2559,"current_hp_per_floor":[63,63,56,55,55,55,35,35,35,28,13,32,32,32,51,13,51,51,51,51,44,42,61,41,41,41,41,34,53,43,22,41,41,58,55,55,55,55,54,54,52,52,59,59,59,68,61,61,61,49],"items_purged":["Strike_B","Parasite"],"gold":79,"score":1541,"play_id":"f49a8e42-a949-4667-b67f-27642816deca","local_time":"20180514215608","is_prod":false,"is_daily":false,"chose_seed":false,"is_ascension_mode":true,"campfire_upgraded":4,"timestamp":1526306168,"path_taken":["M","M","M","?","$","R","E","$","T","?","M","R","E","$","R","BOSS","M","M","$","M","M","R","E","?","T","R","M","R","E","?","R","BOSS","M","$","?","M","M","R","E","R","T","$","M","?","E","M","R","BOSS"],"build_version":"2018-05-12v2","seed_source_timestamp":0,"purchased_purges":3,"victory":true,"master_deck":["Strike_B","Defend_B","Defend_B","Defend_B","Zap","Dualcast","AscendersBane","Glacier","Cold Snap","Blizzard+1","Chill","Meteor Strike+1","Capacitor+1","Rainbow+1","Undo","Defragment+1","Magnetism+1","Buffer+1","Heatsinks+1","Beam Cell+1","Reprogram+1","Capacitor+1","Capacitor+1","Capacitor+1","Loop+1","Coolheaded+1","Chill","Conserve Battery","Hologram+1","Consume+1","Reboot+1","Leap+1","Hologram+1","Storm+1","Reboot+1","Defragment+1","Go for the Eyes","Stack+1","Redo+1"],"max_hp_per_floor":[64,64,64,64,64,64,64,64,64,64,64,64,64,64,64,64,64,64,64,64,64,64,64,64,64,64,64,64,64,64,64,64,64,64,64,64,64,64,64,64,64,64,71,68,68,68,68,68,68,68],"relics":["Cracked Core","Mummified Hand","Potion Belt","Frozen Egg 2","Blue Candle","Astrolabe","Lantern","Toxic Egg 2","Art of War","Enchiridion","Cursed Key","Bottled Lightning","Strawberry","Shovel","DataDisk"],"card_choices":[{"not_picked":["Ball Lightning","Axe Kick"],"picked":"Glacier","floor":1.0},{"not_picked":["Blizzard","Axe Kick"],"picked":"Cold Snap","floor":2.0},{"not_picked":["Heatsinks","Leap"],"picked":"Blizzard","floor":3.0},{"not_picked":["Rebound","Ball Lightning"],"picked":"Chill","floor":4.0},{"not_picked":["Stack","Hologram"],"picked":"Rainbow","floor":7.0},{"not_picked":["Force Field","Hologram"],"picked":"Auto Shields","floor":10.0},{"not_picked":["Hologram","Sweeping Beam"],"picked":"Undo","floor":11.0},{"not_picked":["Rebound","Streamline"],"picked":"Defragment+1","floor":13.0},{"not_picked":["Rainbow","Biased Cognition+1"],"picked":"Buffer+1","floor":16.0},{"not_picked":["FTL","Darkness"],"picked":"Capacitor+1","floor":18.0},{"not_picked":["Axe Kick","Steam Power"],"picked":"Capacitor+1","floor":19.0},{"not_picked":["FTL","Rip and Tear"],"picked":"Loop+1","floor":21.0},{"not_picked":["Go for the Eyes","Steam"],"picked":"Coolheaded+1","floor":22.0},{"not_picked":["Axe Kick","Beam Cell+1"],"picked":"Chill","floor":24.0},{"not_picked":["Rebound","Barrage"],"picked":"Conserve Battery","floor":25.0},{"not_picked":["Stack+1","Chill+1"],"picked":"Hologram+1","floor":28.0},{"not_picked":["Sweeping Beam","Streamline"],"picked":"Consume+1","floor":30.0},{"not_picked":["Machine Learning+1","Fusion+1"],"picked":"Reboot+1","floor":33.0},{"not_picked":["Axe Kick","Barrage"],"picked":"Leap+1","floor":35.0},{"not_picked":["Streamline","Sweeping Beam","Lockon"],"picked":"SKIP","floor":38.0},{"not_picked":["Blizzard","Beam Cell"],"picked":"Hologram+1","floor":39.0},{"not_picked":["Beam Cell","BootSequence+1"],"picked":"Storm+1","floor":41},{"not_picked":["Scrape","Cold Snap"],"picked":"Stack+1","floor":45},{"not_picked":["Beam Cell","Hologram+1"],"picked":"Redo+1","floor":47},{"not_picked":["Glacier+1","Aggregate+1","Streamline+1"],"picked":"SKIP","floor":48}],"player_experience":987822,"potions_floor_usage":[50,50,50],"damage_taken":[{"damage":1.0,"enemies":"Cultist","floor":1.0,"turns":3.0},{"damage":0.0,"enemies":"Small Slimes","floor":2.0,"turns":4.0},{"damage":7.0,"enemies":"Jaw Worm","floor":3.0,"turns":4.0},{"damage":1.0,"enemies":"Red Slaver","floor":4.0,"turns":4.0},{"damage":20.0,"enemies":"Lagavulin","floor":7.0,"turns":10.0},{"damage":7.0,"enemies":"3 Louse","floor":10.0,"turns":2.0},{"damage":15.0,"enemies":"Gremlin Gang","floor":11.0,"turns":5.0},{"damage":0.0,"enemies":"3 Sentries","floor":13.0,"turns":6.0},{"damage":38.0,"enemies":"Hexaghost","floor":16.0,"turns":11.0},{"damage":0.0,"enemies":"Spheric Guardian","floor":18.0,"turns":5.0},{"damage":7.0,"enemies":"Snake Plant","floor":19.0,"turns":4.0},{"damage":7.0,"enemies":"Sentry and Sphere","floor":21.0,"turns":5.0},{"damage":2.0,"enemies":"Chosen and Byrds","floor":22.0,"turns":7.0},{"damage":20.0,"enemies":"Book of Stabbing","floor":24.0,"turns":6.0},{"damage":0.0,"enemies":"Snecko","floor":25.0,"turns":4.0},{"damage":11.0,"enemies":"Slaver and Parasite","floor":28.0,"turns":5.0},{"damage":10.0,"enemies":"Gremlin Leader","floor":30.0,"turns":7.0},{"damage":0.0,"enemies":"Collector","floor":33.0,"turns":7.0},{"damage":3.0,"enemies":"Orb Walker","floor":35.0,"turns":5.0},{"damage":0.0,"enemies":"Maw","floor":38.0,"turns":7.0},{"damage":1.0,"enemies":"Spire Growth","floor":39.0,"turns":5.0},{"damage":6,"enemies":"Giant Head","floor":41,"turns":10},{"damage":0,"enemies":"3 Darklings","floor":45,"turns":3},{"damage":7,"enemies":"Nemesis","floor":47,"turns":5},{"damage":0,"enemies":"Sphere and 2 Shapes","floor":48,"turns":4},{"damage":12,"enemies":"Awakened One","floor":50,"turns":9}],"event_choices":[{"event_name":"Cursed Tome","player_choice":"Obtained Book","floor":31.0,"damage_taken":0.0},{"event_name":"Golden Shrine","player_choice":"Pray","floor":37.0,"damage_taken":0.0},{"event_name":"Bonfire Elementals","player_choice":"UNCOMMON","floor":46,"damage_taken":0}],"boss_relics":[],"potions_floor_spawned":[4,10,13,21,24,25,28,33,35,39],"seed_played":"7049600536361954072","ascension_level":15,"is_trial":false}