{"gold_per_floor":[114,125,5,5,5,44,44,87,87,87,100,140,7,26,26,125,125,141,141,160,183,183,251,251,320,320,320,340,55,75,115,115,214,214,229,250,9,342,361,378,378,388,411,431,99,152,152,186,186,186,186,186,27,54,54],"floor_reached":56,"playtime":3786,"items_purged":["Regret"],"score":2024,"play_id":"900a3cfa-c31c-4c9e-a574-c170d826f77c","local_time":"20190307191257","is_ascension_mode":true,"campfire_choices":[{"data":"Zap","floor":7.0,"key":"SMITH"},{"floor":10.0,"key":"REST"},{"data":"Consume","floor":15.0,"key":"SMITH"},{"data":"Coolheaded","floor":24.0,"key":"SMITH"},{"data":"Creative AI","floor":27.0,"key":"SMITH"},{"floor":32.0,"key":"REST"},{"data":"Fission","floor":41.0,"key":"SMITH"},{"floor":47,"key":"RECALL"},{"data":"Recycle","floor":49,"key":"SMITH"},{"data":"Buffer","floor":52,"key":"SMITH"}],"neow_cost":"NONE","seed_source_timestamp":1122496005482109,"circlet_count":0,"master_deck":["AscendersBane","Strike_B","Strike_B","Strike_B","Strike_B","Defend_B","Defend_B","Defend_B","Defend_B","Zap+1","Dualcast","Cold Snap","Streamline","Capacitor","Leap","Capacitor","Chill","Melter","Compile Driver","Conserve Battery","Darkness","Consume+1","Biased Cognition","Undo","Creative AI+1","Coolheaded+1","Skim","Biased Cognition","Compile Driver","Capacitor","Fission+1","White Noise+1","Recycle+1","Static Discharge","Defragment+1","Buffer+1","Skim+1","Glacier","Defragment","Coolheaded","Stack+1"],"special_seed":0,"relics":["Cracked Core","NeowsBlessing","Meat on the Bone","Question Card","Symbiotic Virus","Bag of Marbles","Nuclear Battery","Tiny Chest","Gremlin Horn","DataDisk","Bird Faced Urn","Anchor","Cursed Key","Cables","OrangePellets","Ice Cream","Pocketwatch","Orichalcum"],"potions_floor_usage":[55],"damage_taken":[{"damage":0.0,"enemies":"Small Slimes","floor":1.0,"turns":1.0},{"damage":0.0,"enemies":"2 Louse","floor":2.0,"turns":1.0},{"damage":0.0,"enemies":"Lagavulin","floor":6.0,"turns":1.0},{"damage":26.0,"enemies":"3 Sentries","floor":8.0,"turns":8.0},{"damage":0.0,"enemies":"Jaw Worm","floor":11.0,"turns":2.0},{"damage":19.0,"enemies":"Gremlin Nob","floor":12.0,"turns":4.0},{"damage":1.0,"enemies":"Exordium Wildlife","floor":14.0,"turns":3.0},{"damage":14.0,"enemies":"The Guardian","floor":16.0,"turns":9.0},{"damage":0.0,"enemies":"Spheric Guardian","floor":18.0,"turns":1.0},{"damage":26.0,"enemies":"Shell Parasite","floor":20.0,"turns":5.0},{"damage":6.0,"enemies":"Cultist and Chosen","floor":21.0,"turns":9.0},{"damage":4.0,"enemies":"Colosseum Slavers","floor":22.0,"turns":5.0},{"damage":16.0,"enemies":"Book of Stabbing","floor":23.0,"turns":5.0},{"damage":0.0,"enemies":"Shelled Parasite and Fungi","floor":28.0,"turns":7.0},{"damage":0.0,"enemies":"Sentry and Sphere","floor":30.0,"turns":3.0},{"damage":34.0,"enemies":"Gremlin Leader","floor":31.0,"turns":8.0},{"damage":34.0,"enemies":"Champ","floor":33.0,"turns":12.0},{"damage":3.0,"enemies":"3 Shapes","floor":35.0,"turns":5.0},{"damage":42.0,"enemies":"3 Darklings","floor":36.0,"turns":7.0},{"damage":35.0,"enemies":"Spire Growth","floor":39.0,"turns":5.0},{"damage":0.0,"enemies":"Jaw Worm Horde","floor":40.0,"turns":6.0},{"damage":0.0,"enemies":"Maw","floor":42.0,"turns":9.0},{"damage":12.0,"enemies":"3 Darklings","floor":44.0,"turns":8.0},{"damage":26,"enemies":"2 Orb Walkers","floor":46,"turns":8},{"damage":0,"enemies":"Giant Head","floor":48,"turns":8},{"damage":50,"enemies":"Time Eater","floor":50,"turns":13},{"damage":23,"enemies":"Shield and Spear","floor":54,"turns":11},{"damage":59,"enemies":"The Heart","floor":55,"turns":15}],"seed_played":"4539793963122025353","potions_obtained":[{"floor":6.0,"key":"LiquidBronze"},{"floor":8.0,"key":"Block Potion"},{"floor":14.0,"key":"LiquidBronze"},{"floor":21.0,"key":"FearPotion"},{"floor":23.0,"key":"FairyPotion"}],"is_trial":false,"path_per_floor":["M","M","$","?","?","E","R","E","T","R","M","E","$","M","R","B",null,"M","?","M","M","?","E","R","T","T","R","M","$","M","E","R","B",null,"M","M","$","?","M","M","R","M","T","M","$","?","R","E","R","B",null,"R","$","E","B",null],"character_chosen":"DEFECT","items_purchased":["Capacitor","Leap","Conserve Battery","Darkness","Bird Faced Urn","Cables","OrangePellets","Dexterity Potion","Glacier","Defragment","Coolheaded"],"campfire_rested":2,"item_purchase_floors":[3,3,13,13,29,37,45,45,53,53,53],"current_hp_per_floor":[64,64,64,38,38,38,38,24,24,43,43,36,36,35,35,33,56,56,56,42,36,44,40,40,40,40,40,40,40,46,32,51,61,63,64,44,44,44,41,61,61,64,64,64,64,59,59,64,64,64,64,64,64,64,47],"gold":54,"neow_bonus":"THREE_ENEMY_KILL","is_prod":false,"is_daily":false,"chose_seed":false,"campfire_upgraded":7,"win_rate":0,"timestamp":1552003977,"path_taken":["M","M","$","?","?","E","R","E","T","R","M","E","?","?","R","BOSS","M","?","?","M","?","E","R","?","T","R","M","$","M","E","R","BOSS","M","M","$","?","M","M","R","M","T","M","$","?","R","E","R","BOSS","R","$","E","BOSS"],"build_version":"2019-02-06","purchased_purges":1,"victory":true,"max_hp_per_floor":[71,71,71,71,64,64,64,64,64,64,64,64,64,64,64,64,64,64,64,64,64,64,64,64,64,64,64,64,64,64,64,64,64,64,64,64,64,64,64,64,64,64,64,64,64,64,64,64,64,64,64,64,64,64,64],"card_choices":[{"not_picked":["Hologram","Barrage"],"picked":"Cold Snap","floor":1.0},{"not_picked":["Hologram","Barrage"],"picked":"Streamline","floor":2.0},{"not_picked":["Compile Driver","Auto Shields"],"picked":"Capacitor","floor":6.0},{"not_picked":["Cold Snap","Barrage"],"picked":"Chill","floor":8.0},{"not_picked":["Barrage","Heatsinks","Self Repair"],"picked":"Melter","floor":11.0},{"not_picked":["Barrage","Rebound","Streamline"],"picked":"Compile Driver","floor":12.0},{"not_picked":["Streamline","Capacitor","Compile Driver"],"picked":"Consume","floor":14.0},{"not_picked":["Rainbow","All For One","Fission"],"picked":"Biased Cognition","floor":16.0},{"not_picked":["Skim","Fusion","Hologram"],"picked":"Undo","floor":18.0},{"not_picked":["Consume","Barrage","Go for the Eyes"],"picked":"Coolheaded","floor":20.0},{"not_picked":["Sweeping Beam","Leap","Steam"],"picked":"Skim","floor":21.0},{"not_picked":["Chill","Gash","Glacier"],"picked":"Biased Cognition","floor":23.0},{"not_picked":["Scrape","Heatsinks","Stack"],"picked":"Compile Driver","floor":28.0},{"not_picked":["Rebound","Stack","Turbo+1","Steam"],"picked":"SKIP","floor":30.0},{"not_picked":["Turbo","Steam Power","Hologram"],"picked":"Capacitor","floor":31.0},{"not_picked":["Creative AI","All For One","Meteor Strike"],"picked":"Fission","floor":33.0},{"not_picked":["Scrape","Steam","Beam Cell"],"picked":"White Noise+1","floor":35.0},{"not_picked":["Chaos","Barrage","Conserve Battery"],"picked":"Recycle","floor":36.0},{"not_picked":["Auto Shields","Cold Snap","Static Discharge","Recycle"],"picked":"SKIP","floor":39.0},{"not_picked":["Auto Shields","Cold Snap","Recycle"],"picked":"Static Discharge","floor":39.0},{"not_picked":["Beam Cell","Streamline","Turbo"],"picked":"Defragment+1","floor":40.0},{"not_picked":["Leap+1","Barrage+1","Force Field"],"picked":"Buffer","floor":42.0},{"not_picked":["White Noise+1","Coolheaded","Leap","Go for the Eyes+1"],"picked":"SKIP","floor":44.0},{"not_picked":["Turbo","Ball Lightning","Leap"],"picked":"Skim+1","floor":48},{"not_picked":["Consume","Undo","White Noise"],"picked":"Stack+1","floor":54}],"player_experience":769515,"relics_obtained":[{"floor":8.0,"key":"Question Card"},{"floor":9.0,"key":"Symbiotic Virus"},{"floor":12.0,"key":"Bag of Marbles"},{"floor":23.0,"key":"Tiny Chest"},{"floor":25.0,"key":"Gremlin Horn"},{"floor":26.0,"key":"DataDisk"},{"floor":31.0,"key":"Anchor"},{"floor":46,"key":"Ice Cream"},{"floor":48,"key":"Pocketwatch"},{"floor":54,"key":"Orichalcum"}],"event_choices":[{"damage_healed":0.0,"max_hp_gain":0.0,"max_hp_loss":0.0,"gold_gain":0.0,"event_name":"Scrap Ooze","player_choice":"Success","floor":4.0,"gold_loss":0.0,"damage_taken":26.0,"relics_obtained":["Meat on the Bone"]},{"damage_healed":0.0,"max_hp_gain":0.0,"max_hp_loss":7.0,"gold_gain":0.0,"event_name":"Golden Idol","player_choice":"Lose Max HP","floor":5.0,"gold_loss":0.0,"damage_taken":0.0,"relics_obtained":["Golden Idol"]},{"damage_healed":0.0,"max_hp_gain":0.0,"max_hp_loss":0.0,"gold_gain":0.0,"event_name":"Match and Keep!","player_choice":"1 cards matched","floor":19.0,"gold_loss":0.0,"damage_taken":0.0,"cards_obtained":["Creative AI"]},{"damage_healed":0.0,"max_hp_gain":0.0,"max_hp_loss":0.0,"gold_gain":0.0,"event_name":"Colosseum","player_choice":"Fight","floor":22.0,"gold_loss":0.0,"damage_taken":0.0},{"damage_healed":0.0,"max_hp_gain":0.0,"max_hp_loss":0.0,"gold_gain":0.0,"event_name":"Colosseum","player_choice":"Fled From Nobs","floor":22.0,"gold_loss":0.0,"damage_taken":0.0},{"damage_healed":0.0,"max_hp_gain":0.0,"max_hp_loss":0.0,"gold_gain":333.0,"event_name":"The Moai Head","player_choice":"Gave Idol","floor":38.0,"relics_lost":["Golden Idol"],"gold_loss":0.0,"damage_taken":0.0},{"damage_healed":0,"gold_gain":0,"player_choice":"Fight","damage_taken":0,"max_hp_gain":0,"max_hp_loss":0,"event_name":"Mysterious Sphere","floor":46,"gold_loss":0}],"is_beta":true,"boss_relics":[{"not_picked":["Runic Pyramid","Runic Dome"],"picked":"Nuclear Battery"},{"not_picked":["Lizard Tail","Pandora\u0027s Box"],"picked":"Cursed Key"}],"items_purged_floors":[45],"is_endless":false,"potions_floor_spawned":[6,8,14,21,23,31,33,42,44,46,48,54],"ascension_level":15}