{"path_per_floor":["M","?","M","$","M","R","E","R","T","M","E","$","?","?","R","B",null,"M","M"],"character_chosen":"DEFECT","items_purchased":["Streamline","Swift Strike"],"gold_per_floor":[109,109,120,0,18,18,48,48,48,65,96,7,7,7,7,79,79,89,109,109],"floor_reached":20,"campfire_rested":1,"playtime":448,"item_purchase_floors":[],"current_hp_per_floor":[63,63,63,63,63,63,44,44,44,29,23,23,23,23,44,3,54,43,20,0],"items_purged":["Strike_B"],"gold":109,"score":319,"play_id":"28a65845-f3e6-43e2-9435-ddee777317a6","local_time":"20180520191152","is_prod":false,"is_daily":false,"chose_seed":false,"is_ascension_mode":true,"campfire_upgraded":2,"timestamp":1526814712,"campfire_choices":[{"data":"Streamline","floor":6.0,"key":"SMITH"},{"data":"Beam Cell","floor":8.0,"key":"SMITH"},{"floor":15,"key":"REST"}],"path_taken":["M","?","M","$","M","R","E","R","T","?","E","?","?","?","R","BOSS","M","M","M"],"build_version":"2018-05-18","seed_source_timestamp":888497118901038,"purchased_purges":1,"victory":false,"master_deck":["Strike_B","Strike_B","Strike_B","Defend_B","Defend_B","Defend_B","Defend_B","Zap","Dualcast","AscendersBane","Beam Cell+1","Sweeping Beam","Streamline+1","Steam","Rip and Tear","All For One","Swift Strike","Reboot","Turbo+1","Beam Cell"],"max_hp_per_floor":[71,71,71,71,71,71,71,71,71,71,71,71,71,71,71,71,71,71,71,71],"relics":["Cracked Core","Du-Vu Doll","Calipers","Emotion Chip","Blue Candle","White Beast Statue"],"card_choices":[{"not_picked":["Capacitor","Axe Kick"],"picked":"Beam Cell","floor":1.0},{"not_picked":["Capacitor","Axe Kick"],"picked":"Sweeping Beam","floor":3.0},{"not_picked":["Axe Kick","Force Field"],"picked":"Steam","floor":5.0},{"not_picked":["Biased Cognition","Turbo","Steam"],"picked":"SKIP","floor":7.0},{"not_picked":["Barrage","Cold Snap"],"picked":"Rip and Tear","floor":10},{"not_picked":["Blizzard","Capacitor"],"picked":"All For One","floor":11},{"not_picked":["Electrodynamics","Meteor Strike"],"picked":"Reboot","floor":16},{"not_picked":["Axe Kick","Static Discharge"],"picked":"Turbo+1","floor":18},{"not_picked":["Hello World","Turbo"],"picked":"Beam Cell","floor":19}],"player_experience":1037001,"potions_floor_usage":[],"damage_taken":[{"damage":1.0,"enemies":"2 Louse","floor":1.0,"turns":2.0},{"damage":0.0,"enemies":"Cultist","floor":3.0,"turns":3.0},{"damage":0.0,"enemies":"Small Slimes","floor":5.0,"turns":3.0},{"damage":19.0,"enemies":"Lagavulin","floor":7.0,"turns":5.0},{"damage":15,"enemies":"Gremlin Gang","floor":10,"turns":3},{"damage":6,"enemies":"Gremlin Nob","floor":11,"turns":3},{"damage":41,"enemies":"The Guardian","floor":16,"turns":11},{"damage":11,"enemies":"Spheric Guardian","floor":18,"turns":3},{"damage":23,"enemies":"2 Thieves","floor":19,"turns":4},{"damage":26,"enemies":"Slaver and Parasite","floor":20,"turns":1}],"relics_obtained":[{"floor":7.0,"key":"Calipers"},{"floor":9.0,"key":"Emotion Chip"},{"floor":11,"key":"Blue Candle"}],"event_choices":[{"event_name":"Fountain of Cleansing","player_choice":"Removed Curse","floor":2.0,"damage_taken":0.0},{"event_name":"Liars Game","player_choice":"disagreed","floor":13,"damage_taken":0},{"event_name":"Accursed Blacksmith","player_choice":"Ignore","floor":14,"damage_taken":0}],"boss_relics":[{"not_picked":["Lizard Tail","Runic Pyramid"],"picked":"White Beast Statue"}],"items_purged_floors":[],"potions_floor_spawned":[11,16,18,19],"seed_played":"-4236725797240670098","killed_by":"Slaver and Parasite","ascension_level":15,"potions_obtained":[{"floor":11,"key":"Ancient Potion"},{"floor":16,"key":"AttackPotion"},{"floor":18,"key":"FearPotion"},{"floor":19,"key":"Ancient Potion"}],"is_trial":false}