{"gold_per_floor":[112,126,126,142,152,181,131,131,179,209,223,237,237,254,254,355,355,368,368,384,260,185,220,239,268,268,279,279,181,216,315,315,411,411,431,431,431,446,459,459,486,486,535,551,144,156,176,14,14,14],"floor_reached":51,"playtime":5592,"items_purged":["Strike_G","Decay","Defend_G"],"score":915,"play_id":"b8f3800e-19be-4ffb-87c8-c245d84c16be","local_time":"20190126203009","is_ascension_mode":true,"campfire_choices":[{"data":"Accuracy","floor":8.0,"key":"SMITH"},{"data":"Cloak And Dagger","floor":13.0,"key":"SMITH"},{"data":"Footwork","floor":15,"key":"SMITH"},{"floor":32,"key":"REST"},{"data":"Well Laid Plans","floor":40,"key":"SMITH"},{"data":"Neutralize","floor":42,"key":"SMITH"},{"floor":49,"key":"REST"}],"neow_cost":"NONE","seed_source_timestamp":0,"circlet_count":0,"master_deck":["Defend_G","Defend_G","Defend_G","Defend_G","Survivor+1","Neutralize+1","Backflip+1","Cloak And Dagger+1","Distraction","Accuracy+1","Footwork+1","Cloak And Dagger+1","Cloak And Dagger+1","Flying Knee","Escape Plan+1","Burst+1","PiercingWail+1","Expertise+1","PiercingWail+1","Acrobatics+1","Cloak And Dagger+1","Blade Dance+1","Blade Dance+1","Deflect+1","Cloak And Dagger+1","Deflect+1","Corpse Explosion+1","Outmaneuver+1","Well Laid Plans+1","Underhanded Strike+1","Blur+1","Master of Strategy+1","Noxious Fumes","Finisher+1","Distraction+1"],"special_seed":0,"relics":["Runic Dome","Dodecahedron","Oddly Smooth Stone","Anchor","Toxic Egg 2","Astrolabe","MutagenicStrength","Centennial Puzzle","The Courier","Pen Nib","Mango","Sozu","Sundial","Bottled Lightning","War Paint","Letter Opener"],"potions_floor_usage":[16,16,33,39,47,50],"damage_taken":[{"damage":0.0,"enemies":"Jaw Worm","floor":1.0,"turns":4.0},{"damage":0.0,"enemies":"2 Louse","floor":2.0,"turns":3.0},{"damage":2.0,"enemies":"Small Slimes","floor":4.0,"turns":4.0},{"damage":1.0,"enemies":"2 Fungi Beasts","floor":5.0,"turns":5.0},{"damage":18.0,"enemies":"Lagavulin","floor":6.0,"turns":9.0},{"damage":31.0,"enemies":"Gremlin Nob","floor":10.0,"turns":6.0},{"damage":0.0,"enemies":"Exordium Wildlife","floor":11.0,"turns":5.0},{"damage":0.0,"enemies":"Red Slaver","floor":12.0,"turns":5.0},{"damage":0.0,"enemies":"Exordium Thugs","floor":14.0,"turns":4.0},{"damage":0,"enemies":"Hexaghost","floor":16,"turns":9},{"damage":0,"enemies":"Shell Parasite","floor":18,"turns":6},{"damage":8,"enemies":"Spheric Guardian","floor":20,"turns":4},{"damage":10,"enemies":"Gremlin Leader","floor":23,"turns":5},{"damage":0,"enemies":"Chosen and Byrds","floor":24,"turns":3},{"damage":2,"enemies":"Slavers","floor":25,"turns":4},{"damage":19,"enemies":"Sentry and Sphere","floor":27,"turns":4},{"damage":0,"enemies":"Book of Stabbing","floor":30,"turns":4},{"damage":8,"enemies":"Collector","floor":33,"turns":8},{"damage":0,"enemies":"3 Shapes","floor":35,"turns":5},{"damage":0,"enemies":"3 Darklings","floor":38,"turns":2},{"damage":0,"enemies":"Maw","floor":39,"turns":6},{"damage":0,"enemies":"Giant Head","floor":41,"turns":7},{"damage":9,"enemies":"Spire Growth","floor":44,"turns":5},{"damage":0,"enemies":"Sphere and 2 Shapes","floor":46,"turns":3},{"damage":0,"enemies":"4 Shapes","floor":47,"turns":2},{"damage":2,"enemies":"Awakened One","floor":50,"turns":7}],"seed_played":"-405310712927179083","potions_obtained":[{"floor":1.0,"key":"SpeedPotion"},{"floor":2.0,"key":"GamblersBrew"},{"floor":5.0,"key":"PowerPotion"},{"floor":14.0,"key":"PowerPotion"},{"floor":20,"key":"SteroidPotion"},{"floor":25,"key":"Explosive Potion"},{"floor":27,"key":"FearPotion"},{"floor":30,"key":"AttackPotion"},{"floor":33,"key":"FearPotion"}],"is_trial":false,"path_per_floor":["M","M","?","M","M","E","?","R","T","E","M","M","R","M","R","B",null,"M","?","M","$","?","E","M","E","T","M","?","$","E","?","R","B",null,"M","?","T","M","M","R","E","R","T","M","$","M","M","$","R","B",null],"character_chosen":"THE_SILENT","items_purchased":["Blade Dance+1","Deflect+1","Letter Opener","Master of Strategy+1","Noxious Fumes","Distraction+1"],"campfire_rested":2,"item_purchase_floors":[21,29,45,45,45,48],"current_hp_per_floor":[70,70,70,68,67,49,49,49,49,18,18,18,18,18,18,18,70,70,70,62,62,62,52,52,50,50,31,31,31,45,45,70,62,84,84,84,84,84,84,84,84,84,84,75,75,75,75,75,84,82],"gold":14,"neow_bonus":"BOSS_RELIC","is_prod":false,"is_daily":false,"chose_seed":false,"campfire_upgraded":5,"win_rate":0,"timestamp":1548531009,"path_taken":["M","M","?","M","M","E","?","R","T","E","M","M","R","M","R","BOSS","M","?","M","$","?","E","M","E","T","M","?","$","E","?","R","BOSS","M","?","?","M","?","R","E","R","T","M","$","M","M","$","R","BOSS"],"build_version":"2019-01-23","purchased_purges":3,"victory":true,"max_hp_per_floor":[70,70,70,70,70,70,70,70,70,70,70,70,70,70,70,70,70,70,70,70,70,70,70,70,70,70,70,70,70,84,84,84,84,84,84,84,84,84,84,84,84,84,84,84,84,84,84,84,84,84],"card_choices":[{"not_picked":["Leg Sweep","Expertise"],"picked":"Backflip","floor":1.0},{"not_picked":["Bane","PiercingWail"],"picked":"Cloak And Dagger","floor":2.0},{"not_picked":["Flying Knee","Dagger Throw"],"picked":"Distraction","floor":4.0},{"not_picked":["Slice","Eviscerate"],"picked":"Accuracy","floor":5.0},{"not_picked":["Dagger Spray","Bouncing Flask"],"picked":"Footwork","floor":6.0},{"not_picked":["Dash","Sucker Punch"],"picked":"Cloak And Dagger","floor":10.0},{"not_picked":["Deflect+1","Sucker Punch"],"picked":"Cloak And Dagger+1","floor":11.0},{"not_picked":["Skewer","Wraith Form v2"],"picked":"Flying Knee","floor":12.0},{"not_picked":["Endless Agony","Quick Slash"],"picked":"Escape Plan+1","floor":14.0},{"not_picked":["Glass Knife","Venomology+1"],"picked":"Burst+1","floor":16},{"not_picked":["Backflip+1","Skewer"],"picked":"Acrobatics+1","floor":18},{"not_picked":["Deflect+1","Backflip+1"],"picked":"Cloak And Dagger+1","floor":20},{"not_picked":["Bane","Deadly Poison+1"],"picked":"Blade Dance+1","floor":23},{"not_picked":["PiercingWail+1","Dagger Throw","Tactician+1"],"picked":"SKIP","floor":24},{"not_picked":["PiercingWail+1","Dagger Throw","Tactician+1"],"picked":"SKIP","floor":24},{"not_picked":["Caltrops+1","Dodge and Roll+1"],"picked":"Deflect+1","floor":25},{"not_picked":["Distraction+1","Deadly Poison+1"],"picked":"Cloak And Dagger+1","floor":27},{"not_picked":["Deadly Poison+1","Slice","Dagger Throw"],"picked":"SKIP","floor":30},{"not_picked":["A Thousand Cuts","Phantasmal Killer+1"],"picked":"Corpse Explosion+1","floor":33},{"not_picked":["Blade Dance+1","Sucker Punch+1"],"picked":"Outmaneuver+1","floor":35},{"not_picked":["Bane+1","Endless Agony+1"],"picked":"Well Laid Plans","floor":38},{"not_picked":["Venomology+1","Dash","Bane"],"picked":"SKIP","floor":39},{"not_picked":["Deflect+1","Tactician+1"],"picked":"Underhanded Strike+1","floor":41},{"not_picked":["Sucker Punch","Underhanded Strike+1"],"picked":"Blur+1","floor":44},{"not_picked":["Distraction+1","Dagger Throw"],"picked":"Finisher+1","floor":46},{"not_picked":["Outmaneuver+1","PiercingWail+1","Escape Plan+1"],"picked":"SKIP","floor":47}],"player_experience":34255,"relics_obtained":[{"floor":6.0,"key":"Oddly Smooth Stone"},{"floor":9.0,"key":"Anchor"},{"floor":10.0,"key":"Toxic Egg 2"},{"floor":23,"key":"Centennial Puzzle"},{"floor":25,"key":"The Courier"},{"floor":26,"key":"Pen Nib"},{"floor":30,"key":"Mango"},{"floor":37,"key":"Sundial"},{"floor":41,"key":"Bottled Lightning"},{"floor":43,"key":"War Paint"}],"event_choices":[{"damage_healed":0.0,"max_hp_gain":0.0,"max_hp_loss":0.0,"gold_gain":0.0,"event_name":"Big Fish","player_choice":"Box","floor":3.0,"gold_loss":0.0,"damage_taken":0.0,"relics_obtained":["Dodecahedron"],"cards_obtained":["Regret"]},{"cards_removed":["Regret"],"damage_healed":0.0,"max_hp_gain":0.0,"max_hp_loss":0.0,"gold_gain":0.0,"event_name":"The Cleric","player_choice":"Card Removal","floor":7.0,"gold_loss":50.0,"damage_taken":0.0},{"damage_healed":0,"gold_gain":0,"player_choice":"Inject Mutagens","damage_taken":0,"relics_obtained":["MutagenicStrength"],"max_hp_gain":0,"max_hp_loss":0,"event_name":"Drug Dealer","floor":19,"gold_loss":0},{"cards_removed":["Strike_G"],"damage_healed":0,"gold_gain":0,"player_choice":"Gave Gold","damage_taken":0,"max_hp_gain":0,"max_hp_loss":0,"event_name":"Beggar","floor":22,"gold_loss":75},{"damage_healed":0,"gold_gain":0,"player_choice":"Smashed Altar","damage_taken":0,"max_hp_gain":0,"max_hp_loss":0,"event_name":"Forgotten Altar","floor":28,"gold_loss":0,"cards_obtained":["Decay"]},{"damage_healed":0,"gold_gain":99,"player_choice":"Stole From Cult","damage_taken":0,"max_hp_gain":0,"max_hp_loss":0,"event_name":"Nest","floor":31,"gold_loss":0},{"damage_healed":0,"gold_gain":0,"player_choice":"Ignored","damage_taken":0,"max_hp_gain":0,"max_hp_loss":0,"event_name":"Tomb of Lord Red Mask","floor":36,"gold_loss":0}],"is_beta":false,"boss_relics":[{"not_picked":["HoveringKite","Snecko Eye"],"picked":"Astrolabe"},{"not_picked":["Black Star","White Beast Statue"],"picked":"Sozu"}],"items_purged_floors":[21,29,48],"is_endless":false,"potions_floor_spawned":[1,2,5,14,20,25,27,30,33,39,41,44],"ascension_level":1}