{"path_per_floor":["M","?","?","M","?","E","M","E","T","M","R","M","M","E","R","B",null,"M","$","?","M","M","E","M","R","T","E","M","R","M","E","R","B",null,"M","T","M","?","M","R","E","R","T","R","M","$","M","$","R","B"],"character_chosen":"IRONCLAD","items_purchased":["Orichalcum","Shuriken","Whirlwind","Bag of Marbles","Blind"],"gold_per_floor":[115,115,115,128,78,122,140,184,265,290,290,315,331,369,369,494,494,519,7,7,17,37,72,88,88,88,122,140,140,158,185,185,284,284,300,300,317,317,332,332,362,362,362,362,377,27,37,37,37,37],"floor_reached":51,"campfire_rested":1,"playtime":2564,"current_hp_per_floor":[80,74,60,59,59,44,50,29,29,35,57,63,63,58,58,17,60,39,39,39,60,63,69,79,80,80,57,43,51,83,86,86,55,78,86,86,86,86,89,89,92,92,92,92,54,54,88,88,92,60],"items_purged":["Defend_R","Injury"],"gold":37,"play_id":"945aef4e-eb73-42eb-8732-c3a0564ce03f","is_prod":false,"is_daily":false,"is_ascension_mode":true,"campfire_upgraded":8,"path_taken":["M","?","?","M","?","E","M","E","T","M","R","?","M","E","R","BOSS","M","$","?","M","M","E","M","R","T","E","M","R","M","E","R","BOSS","M","?","M","?","M","R","E","R","T","R","M","$","M","?","R","BOSS"],"build_version":"2018-01-25-PROD3","purchased_purges":2,"victory":true,"master_deck":["Strike_R+1","Strike_R","Strike_R+1","Strike_R","Strike_R+1","Defend_R","Defend_R","Bash+1","Clash","Flex+1","Double Tap+1","Twin Strike","Uppercut+1","Cleave+1","Reaper","Intimidate","Feed","Flex+1","Whirlwind+1","Headbutt+1","Whirlwind+1","Thunderclap","Spot Weakness+1","Sword Boomerang+1","Brutality+1","Hemokinesis+1","Blood for Blood+1","Battle Trance+1","Blind"],"max_hp_per_floor":[80,74,74,74,74,74,74,74,74,74,74,74,74,74,74,74,74,74,74,74,77,77,80,80,80,80,80,83,83,83,86,86,86,86,86,86,89,89,89,89,92,92,92,92,92,92,92,92,92,92],"relics":["Burning Blood","Bloody Idol","Bronze Scales","Lantern","Tiny Chest","Dodecahedron","Eternal Feather","Orichalcum","Shuriken","Oddly Smooth Stone","Magic Flower","Blood Vial","Mummified Hand","Cursed Key","Red Skull","Whetstone","Bag of Marbles"],"card_choices":[{"not_picked":["Perfected Strike","Combust"],"picked":"Clash"},{"not_picked":["Second Wind","Cleave"],"picked":"Flex"},{"not_picked":["Sword Boomerang","Seeing Red"],"picked":"Double Tap"},{"not_picked":["Disarm","Bloodletting"],"picked":"Twin Strike"},{"not_picked":["Seeing Red","True Grit"],"picked":"Uppercut"},{"not_picked":["Wild Strike","Sword Boomerang"],"picked":"Cleave"},{"not_picked":["Shrug It Off","Cleave"],"picked":"Reaper"},{"not_picked":["Double Tap","Flame Barrier"],"picked":"Intimidate"},{"not_picked":["Immolate","Reaper"],"picked":"Feed"},{"not_picked":["Clash","Ghostly Armor"],"picked":"Flex"},{"not_picked":["Cleave","Carnage"],"picked":"Headbutt"},{"not_picked":["Feel No Pain","Perfected Strike"],"picked":"Whirlwind"},{"not_picked":["Uppercut","Cleave"],"picked":"Thunderclap"},{"not_picked":["Havoc","Burning Pact"],"picked":"Spot Weakness"},{"not_picked":["Rupture","Feel No Pain"],"picked":"Sword Boomerang"},{"not_picked":["Demon Form","Barricade"],"picked":"Brutality"},{"not_picked":["Thunderclap","Flame Barrier"],"picked":"Hemokinesis"},{"not_picked":["Shrug It Off","Rage"],"picked":"Blood for Blood"},{"not_picked":["Perfected Strike","Shrug It Off"],"picked":"Battle Trance"}],"player_experience":219513,"potions_floor_usage":[50,50,50],"damage_taken":[{"damage":0.0,"enemies":"Small Slimes","floor":1.0,"turns":3.0},{"damage":7.0,"enemies":"Jaw Worm","floor":4.0,"turns":2.0},{"damage":21.0,"enemies":"3 Sentries","floor":6.0,"turns":4.0},{"damage":0.0,"enemies":"2 Louse","floor":7.0,"turns":2.0},{"damage":27.0,"enemies":"Gremlin Nob","floor":8.0,"turns":4.0},{"damage":0.0,"enemies":"2 Fungi Beasts","floor":10.0,"turns":2.0},{"damage":0.0,"enemies":"Large Slime","floor":12.0,"turns":3.0},{"damage":6.0,"enemies":"Looter","floor":13.0,"turns":2.0},{"damage":20.0,"enemies":"Lagavulin","floor":14.0,"turns":4.0},{"damage":51.0,"enemies":"Hexaghost","floor":16.0,"turns":8.0},{"damage":27.0,"enemies":"Shell Parasite","floor":18.0,"turns":3.0},{"damage":7.0,"enemies":"2 Thieves","floor":21.0,"turns":3.0},{"damage":8.0,"enemies":"Snecko","floor":22.0,"turns":3.0},{"damage":20.0,"enemies":"Slavers","floor":23.0,"turns":3.0},{"damage":10.0,"enemies":"Slaver and Parasite","floor":24.0,"turns":5.0},{"damage":37.0,"enemies":"Book of Stabbing","floor":27.0,"turns":4.0},{"damage":36.0,"enemies":"Snake Plant","floor":28.0,"turns":3.0},{"damage":11.0,"enemies":"Centurion and Healer","floor":30.0,"turns":4.0},{"damage":17.0,"enemies":"Slavers","floor":31.0,"turns":4.0},{"damage":45.0,"enemies":"Champ","floor":33.0,"turns":7.0},{"damage":2.0,"enemies":"Orb Walker","floor":35.0,"turns":2.0},{"damage":19,"enemies":"3 Shapes","floor":37,"turns":5},{"damage":6,"enemies":"3 Darklings","floor":39,"turns":3},{"damage":12,"enemies":"Giant Head","floor":41,"turns":5},{"damage":52,"enemies":"4 Shapes","floor":45,"turns":1},{"damage":18,"enemies":"Sphere and 2 Shapes","floor":47,"turns":2},{"damage":61,"enemies":"Time Eater","floor":50,"turns":6}],"event_choices":[{"event_name":"Golden Idol","player_choice":"Lose Max HP","floor":2.0,"damage_taken":0.0},{"event_name":"Shining Light","player_choice":"Entered Light","floor":3.0,"damage_taken":0.0},{"event_name":"The Cleric","player_choice":"Card Removal","floor":5.0,"damage_taken":0.0},{"event_name":"Forgotten Altar","player_choice":"Gave Idol","floor":20.0,"damage_taken":0.0},{"event_name":"Tomb of Lord Red Mask","player_choice":"Ignored","floor":38,"damage_taken":0}],"boss_relics":[],"potions_floor_spawned":[4,7,8,10,18,21,23,28,31,35,39,47],"seed_played":"-2448895459443381778","ascension_level":5,"is_trial":false}