{"path_per_floor":["M","?","M","M","M","R","E","?","T","E","?","$","R","?","R","B",null,"M","?","?","?","M","R","M","E","T","R","E","$","E","?","R","B",null,"M","$","?","M","M","E","R","$","T","?","R","E","?","M","R"],"character_chosen":"IRONCLAD","items_purchased":["Feel No Pain","Clash","Shuriken","Ginger","Battle Trance"],"gold_per_floor":[15,15,30,40,58,58,87,117,117,143,143,59,59,59,59,154,154,167,167,347,347,363,363,379,410,457,457,492,246,281,281,281,378,378,388,74,121,141,153,178,178,97,127,127,127,161,0,14,14],"floor_reached":50,"campfire_rested":6,"playtime":3808,"current_hp_per_floor":[69,69,74,61,56,56,52,52,52,45,29,29,53,46,70,63,76,83,83,51,51,60,60,47,45,45,72,74,74,64,64,94,33,79,87,87,82,80,63,44,93,93,93,83,83,78,78,75,116],"items_purged":[],"gold":14,"play_id":"a266b61e-be4c-4054-92b6-553c057277b5","is_prod":false,"is_daily":false,"is_ascension_mode":true,"campfire_upgraded":3,"path_taken":["M","?","M","M","?","R","E","?","T","E","?","$","R","?","R","BOSS","M","?","?","?","M","R","M","E","T","R","E","$","E","?","R","BOSS","M","$","?","M","M","E","R","?","T","?","R","E","?","M","R","BOSS"],"build_version":"2018-02-01-PROD3","purchased_purges":2,"victory":false,"master_deck":["Strike_R+1","Strike_R+1","Defend_R+1","Defend_R+1","Defend_R+1","Defend_R+1","Bash","Corruption+1","Pommel Strike","Whirlwind+1","Blood for Blood","Pommel Strike","Sentinel","Shockwave","Shrug It Off","Combust","Feel No Pain+1","Clash","Feed+1","Purity","Clash","Sentinel","Dropkick","Thunderclap","Offering","Exhume","Clash","Dual Wield","Spot Weakness","Anger+1","Shockwave+1","Rupture+1","Battle Trance","Madness","Madness"],"max_hp_per_floor":[80,80,80,80,80,80,80,80,80,80,80,80,80,80,80,80,80,83,83,83,83,86,86,90,90,90,90,94,94,94,94,94,94,94,94,94,116,116,116,116,116,116,116,116,116,116,116,116,116],"relics":["Black Blood","Bottled Flame","Juzu Bracelet","Lantern","Mummified Hand","Art of War","Peace Pipe","Bronze Scales","Prayer Wheel","Shuriken","Regal Pillow","Orrery","Ginger","Mango","Molten Egg 2","Tiny Chest","Matryoshka","Red Mask"],"card_choices":[{"not_picked":["Blood for Blood","Twin Strike"],"picked":"Whirlwind"},{"not_picked":["Dropkick","True Grit"],"picked":"Pommel Strike"},{"not_picked":["Flex","Spot Weakness"],"picked":"Sentinel"},{"not_picked":["Spot Weakness","Thunderclap"],"picked":"Shockwave"},{"not_picked":["Heavy Blade","True Grit"],"picked":"Shrug It Off"},{"not_picked":["Infernal Blade","Headbutt"],"picked":"Combust"},{"not_picked":["Limit Break","Brutality"],"picked":"Feed"},{"not_picked":["Burning Pact","Entrench"],"picked":"Sentinel"},{"not_picked":["Reckless Charge","Armaments"],"picked":"Dropkick"},{"not_picked":["Intimidate","Bloodletting"],"picked":"Thunderclap"},{"not_picked":["Pummel","True Grit"],"picked":"Offering"},{"not_picked":["Reaper","Dark Embrace"],"picked":"Exhume"},{"not_picked":["Intimidate","Wild Strike"],"picked":"Clash"},{"not_picked":["Body Slam","Twin Strike"],"picked":"Dual Wield"},{"not_picked":["Warcry","Body Slam"],"picked":"Spot Weakness"},{"not_picked":["Havoc","Perfected Strike"],"picked":"Anger"},{"not_picked":["Clash","Body Slam"],"picked":"Shockwave"},{"not_picked":["Twin Strike","Brutality"],"picked":"Rupture"}],"player_experience":299724,"potions_floor_usage":[],"damage_taken":[{"damage":9.0,"enemies":"2 Louse","floor":1.0,"turns":3.0},{"damage":1.0,"enemies":"Cultist","floor":3.0,"turns":4.0},{"damage":19.0,"enemies":"Blue Slaver","floor":4.0,"turns":4.0},{"damage":11.0,"enemies":"Looter","floor":5.0,"turns":2.0},{"damage":10.0,"enemies":"Lagavulin","floor":7.0,"turns":7.0},{"damage":13.0,"enemies":"Gremlin Nob","floor":10.0,"turns":4.0},{"damage":13.0,"enemies":"Slime Boss","floor":16.0,"turns":6.0},{"damage":2.0,"enemies":"Spheric Guardian","floor":18.0,"turns":3.0},{"damage":4.0,"enemies":"Chosen","floor":22.0,"turns":6.0},{"damage":27.0,"enemies":"Sentry and Sphere","floor":24.0,"turns":6.0},{"damage":12.0,"enemies":"Book of Stabbing","floor":25.0,"turns":5.0},{"damage":12.0,"enemies":"Gremlin Leader","floor":28.0,"turns":6.0},{"damage":20.0,"enemies":"Slavers","floor":30.0,"turns":3.0},{"damage":71.0,"enemies":"Champ","floor":33.0,"turns":9.0},{"damage":2.0,"enemies":"3 Shapes","floor":35.0,"turns":4.0},{"damage":37.0,"enemies":"Mysterious Sphere","floor":37.0,"turns":5.0},{"damage":12.0,"enemies":"Orb Walker","floor":38.0,"turns":3.0},{"damage":27.0,"enemies":"Sphere and 2 Shapes","floor":39.0,"turns":4.0},{"damage":29.0,"enemies":"2 Orb Walkers","floor":40.0,"turns":4.0},{"damage":15.0,"enemies":"Nemesis","floor":46.0,"turns":7.0},{"damage":13.0,"enemies":"3 Darklings","floor":48.0,"turns":2.0},{"damage":133,"enemies":"Awakened One","floor":50,"turns":6}],"event_choices":[{"event_name":"Transmorgrifier","player_choice":"Transform","floor":2.0,"damage_taken":0.0},{"event_name":"Dead Adventurer","player_choice":"Searched \u00273\u0027 times","floor":8.0,"damage_taken":0.0},{"event_name":"Shining Light","player_choice":"Entered Light","floor":11.0,"damage_taken":0.0},{"event_name":"Scrap Ooze","player_choice":"success","floor":14.0,"damage_taken":7.0},{"event_name":"Back to Basics","player_choice":"Simplicity","floor":19.0,"damage_taken":0.0},{"event_name":"Knowing Skull","player_choice":"GOLD GOLD CARD ","floor":20.0,"damage_taken":0.0},{"event_name":"Duplicator","player_choice":"One dupe","floor":21.0,"damage_taken":0.0},{"event_name":"Vampires","player_choice":"Ignored","floor":31.0,"damage_taken":0.0},{"event_name":"Mysterious Sphere","player_choice":"Fight","floor":37.0,"damage_taken":0.0},{"event_name":"Winding Halls","player_choice":"Embrace Madness","floor":44.0,"damage_taken":0.0},{"event_name":"Tomb of Lord Red Mask","player_choice":"Paid","floor":47.0,"damage_taken":0.0}],"boss_relics":[],"potions_floor_spawned":[1,4,16,25,30,35,38],"seed_played":"-4769988835915374423","killed_by":"Awakened One","ascension_level":8,"is_trial":false}