{"gold_per_floor":[117,50,61,76,90,115,132,132,155,184,184,218,237,15,15,115,115,133,133,21,34,46,46,80,80],"floor_reached":25,"playtime":2124,"items_purged":[],"score":308,"play_id":"ee509a42-ede0-4b0a-a804-c7313ba9a403","local_time":"20190201015635","is_ascension_mode":true,"campfire_choices":[{"data":"Berserk","floor":8,"key":"SMITH"},{"data":"Berserk","floor":15,"key":"SMITH"},{"floor":23,"key":"REST"}],"neow_cost":"NONE","seed_source_timestamp":598517461829071,"circlet_count":0,"master_deck":["Strike_R","Strike_R","Strike_R","Strike_R","Strike_R","Defend_R","Defend_R","Defend_R+1","Defend_R+1","Bash","Clothesline","Berserk+1","Rampage","Rampage","Dual Wield","Ghostly Armor","Whirlwind","Berserk+1","Heavy Blade","Flex","Limit Break","Iron Wave+1","Pommel Strike","Spot Weakness","Shrug It Off","True Grit","Immolate"],"relics":["Philosopher\u0027s Stone","Dream Catcher","War Paint","Bronze Scales","Bottled Tornado","OrangePellets","White Beast Statue","The Courier","Tiny Chest","Centennial Puzzle"],"potions_floor_usage":[7,10,16,21,22],"damage_taken":[{"damage":0,"enemies":"2 Louse","floor":1,"turns":2},{"damage":0,"enemies":"Cultist","floor":3,"turns":3},{"damage":0,"enemies":"Small Slimes","floor":4,"turns":2},{"damage":26,"enemies":"Exordium Wildlife","floor":5,"turns":4},{"damage":32,"enemies":"Lagavulin","floor":6,"turns":6},{"damage":2,"enemies":"Gremlin Gang","floor":7,"turns":3},{"damage":22,"enemies":"Gremlin Nob","floor":10,"turns":4},{"damage":28,"enemies":"Lagavulin","floor":12,"turns":6},{"damage":0,"enemies":"Large Slime","floor":13,"turns":3},{"damage":0,"enemies":"Hexaghost","floor":16,"turns":7},{"damage":17,"enemies":"Spheric Guardian","floor":18,"turns":4},{"damage":26,"enemies":"2 Thieves","floor":21,"turns":4},{"damage":10,"enemies":"3 Cultists","floor":22,"turns":4},{"damage":50,"enemies":"Slavers","floor":24,"turns":6},{"damage":9,"enemies":"Shelled Parasite and Fungi","floor":25,"turns":2}],"seed_played":"8028156375503769300","potions_obtained":[{"floor":6,"key":"AttackPotion"},{"floor":7,"key":"BloodPotion"},{"floor":10,"key":"Ancient Potion"},{"floor":13,"key":"PowerPotion"},{"floor":18,"key":"Weak Potion"},{"floor":21,"key":"AttackPotion"},{"floor":22,"key":"Ancient Potion"},{"floor":24,"key":"Energy Potion"}],"is_trial":false,"path_per_floor":["M","?","M","M","M","E","M","R","T","E","?","E","M","$","R","B",null,"M","?","$","M","M","R","E","M"],"character_chosen":"IRONCLAD","items_purchased":["OrangePellets","Flex","Tiny Chest","Pommel Strike"],"campfire_rested":1,"item_purchase_floors":[14,14,20,20],"current_hp_per_floor":[80,80,80,80,54,22,20,20,20,6,32,4,4,4,4,4,80,63,63,63,37,27,51,1,0],"gold":80,"neow_bonus":"BOSS_RELIC","is_prod":false,"is_daily":false,"chose_seed":false,"campfire_upgraded":2,"win_rate":0,"timestamp":1549004195,"path_taken":["M","?","M","?","M","E","M","R","T","E","?","E","M","$","R","BOSS","M","?","$","M","M","R","E","M"],"build_version":"2019-01-23","purchased_purges":0,"victory":false,"max_hp_per_floor":[80,80,80,80,80,80,80,80,80,80,80,80,80,80,80,80,80,80,80,80,80,80,80,80,80],"card_choices":[{"not_picked":["Pommel Strike","Warcry"],"picked":"Clothesline","floor":1},{"not_picked":["Headbutt","Entrench"],"picked":"Berserk","floor":3},{"not_picked":["Uppercut","Anger"],"picked":"Rampage","floor":4},{"not_picked":["Clothesline","Wild Strike"],"picked":"Rampage","floor":5},{"not_picked":["Iron Wave","Wild Strike"],"picked":"Dual Wield","floor":6},{"not_picked":["Cleave","Perfected Strike"],"picked":"Ghostly Armor","floor":7},{"not_picked":["Warcry","Shrug It Off"],"picked":"Whirlwind","floor":10},{"not_picked":["Headbutt","Wild Strike"],"picked":"Berserk","floor":12},{"not_picked":["Whirlwind","Uppercut"],"picked":"Heavy Blade","floor":13},{"not_picked":["Reaper","Dark Embrace"],"picked":"Limit Break","floor":16},{"not_picked":["Seeing Red","Clash"],"picked":"Iron Wave+1","floor":18},{"not_picked":["Flame Barrier","Clothesline"],"picked":"Spot Weakness","floor":21},{"not_picked":["Pommel Strike","Sever Soul"],"picked":"Shrug It Off","floor":22},{"not_picked":["Bloodletting","Second Wind"],"picked":"True Grit","floor":23},{"not_picked":["Wild Strike","Infernal Blade+1"],"picked":"Immolate","floor":24}],"player_experience":74190,"relics_obtained":[{"floor":6,"key":"War Paint"},{"floor":10,"key":"Bronze Scales"},{"floor":12,"key":"Bottled Tornado"},{"floor":19,"key":"The Courier"},{"floor":24,"key":"Centennial Puzzle"}],"event_choices":[{"damage_healed":0,"gold_gain":0,"player_choice":"Paid Gold","damage_taken":0,"relics_obtained":["Dream Catcher"],"max_hp_gain":0,"max_hp_loss":0,"event_name":"WeMeetAgain","floor":2,"gold_loss":67},{"damage_healed":26,"gold_gain":0,"player_choice":"Banana","damage_taken":0,"max_hp_gain":0,"max_hp_loss":0,"event_name":"Big Fish","floor":11,"gold_loss":0},{"damage_healed":0,"gold_gain":0,"player_choice":"Relic","damage_taken":0,"max_hp_gain":0,"max_hp_loss":0,"event_name":"Wheel of Change","floor":19,"gold_loss":0}],"is_beta":false,"boss_relics":[{"not_picked":["Velvet Choker","Tiny House"],"picked":"White Beast Statue"}],"items_purged_floors":[],"is_endless":false,"potions_floor_spawned":[6,7,10,13,18,21,22,24],"killed_by":"Shelled Parasite and Fungi","ascension_level":1}