{"gold_per_floor":[119,135,135,135,153,153,188,188,215,231,263,263,298,311,311,410,410,423,53,53,63,79,113,113,144,144,144,144,163,196,215,215,320,320,330,330,22,41,57,88,88,98,98,114,142,160,193,216,216,216,216,216,10,45,45],"floor_reached":56,"playtime":5697,"items_purged":["Regret"],"score":1549,"play_id":"8927ac91-9d42-48ca-b758-d910ba6a179a","local_time":"20190421174041","is_ascension_mode":true,"campfire_choices":[{"data":"Clothesline","floor":6,"key":"SMITH"},{"data":"Spot Weakness","floor":8,"key":"SMITH"},{"data":"Rampage","floor":12,"key":"SMITH"},{"data":"Power Through","floor":15,"key":"SMITH"},{"floor":24,"key":"REST"},{"floor":27,"key":"DIG"},{"floor":32,"key":"DIG"},{"floor":41,"key":"RECALL"},{"floor":49,"key":"DIG"},{"floor":52,"key":"DIG"}],"neow_cost":"NONE","seed_source_timestamp":0,"circlet_count":0,"master_deck":["Strike_R","Strike_R+1","Strike_R","Strike_R+1","Strike_R","Defend_R","Defend_R","Defend_R","Defend_R","Bash","Feed","Clothesline+1","Headbutt","Spot Weakness+1","Iron Wave","Inflame","Rampage+1","Power Through+1","Headbutt+1","Berserk+1","Heavy Blade+1","Burning Pact","Whirlwind+1","Spot Weakness","Body Slam+1","Fiend Fire+1","Dark Embrace+1","Wild Strike+1","Limit Break","Sentinel+1","Warcry+1","Armaments+1","Impervious","Feel No Pain+1","Headbutt+1","Flame Barrier","Heavy Blade+1"],"special_seed":0,"relics":["Burning Blood","Strawberry","WarpedTongs","PreservedInsect","Incense Burner","Molten Egg 2","Runic Pyramid","Shovel","Thread and Needle","Letter Opener","Blood Vial","Frozen Egg 2","Gremlin Horn","Happy Flower","Coffee Dripper","Ginger","Red Skull","Question Card","Nunchaku","Regal Pillow","Whetstone","Kunai","Bottled Lightning","Pen Nib","Bag of Marbles"],"potions_floor_usage":[7,10,18,22,23,23,30,33,42,44,46,47,55,55],"damage_taken":[{"damage":14,"enemies":"Jaw Worm","floor":1,"turns":5},{"damage":4,"enemies":"Small Slimes","floor":2,"turns":4},{"damage":10,"enemies":"Cultist","floor":5,"turns":4},{"damage":17,"enemies":"Lagavulin","floor":7,"turns":6},{"damage":20,"enemies":"Lots of Slimes","floor":10,"turns":4},{"damage":5,"enemies":"Gremlin Nob","floor":11,"turns":3},{"damage":31,"enemies":"Lagavulin","floor":13,"turns":5},{"damage":2,"enemies":"Exordium Wildlife","floor":14,"turns":3},{"damage":10,"enemies":"Slime Boss","floor":16,"turns":6},{"damage":34,"enemies":"3 Byrds","floor":18,"turns":5},{"damage":46,"enemies":"2 Thieves","floor":21,"turns":5},{"damage":33,"enemies":"Centurion and Healer","floor":22,"turns":4},{"damage":10,"enemies":"Slavers","floor":23,"turns":3},{"damage":15,"enemies":"Gremlin Leader","floor":25,"turns":3},{"damage":17,"enemies":"Shelled Parasite and Fungi","floor":29,"turns":6},{"damage":8,"enemies":"Book of Stabbing","floor":30,"turns":4},{"damage":0,"enemies":"Sentry and Sphere","floor":31,"turns":3},{"damage":9,"enemies":"Collector","floor":33,"turns":5},{"damage":17,"enemies":"3 Darklings","floor":35,"turns":2},{"damage":0,"enemies":"3 Shapes","floor":38,"turns":4},{"damage":6,"enemies":"3 Darklings","floor":39,"turns":3},{"damage":3,"enemies":"Nemesis","floor":40,"turns":5},{"damage":10,"enemies":"Spire Growth","floor":42,"turns":5},{"damage":15,"enemies":"4 Shapes","floor":44,"turns":3},{"damage":0,"enemies":"Giant Head","floor":45,"turns":4},{"damage":0,"enemies":"Maw","floor":46,"turns":7},{"damage":0,"enemies":"Nemesis","floor":47,"turns":5},{"damage":27,"enemies":"Awakened One","floor":50,"turns":10},{"damage":1,"enemies":"Shield and Spear","floor":54,"turns":5},{"damage":94,"enemies":"The Heart","floor":55,"turns":9}],"seed_played":"-4460435803047344498","potions_obtained":[{"floor":2,"key":"FearPotion"},{"floor":5,"key":"FearPotion"},{"floor":13,"key":"Swift Potion"},{"floor":16,"key":"SkillPotion"},{"floor":21,"key":"FearPotion"},{"floor":22,"key":"PowerPotion"},{"floor":29,"key":"Regen Potion"},{"floor":30,"key":"Strength Potion"},{"floor":35,"key":"Block Potion"},{"floor":42,"key":"Energy Potion"},{"floor":45,"key":"Explosive Potion"},{"floor":46,"key":"AttackPotion"},{"floor":54,"key":"Dexterity Potion"}],"is_trial":false,"path_per_floor":["M","M","?","?","M","R","E","R","T","M","E","R","E","M","R","B",null,"M","$","?","M","M","E","R","E","T","R","?","M","E","M","R","B",null,"M","?","$","M","M","E","R","M","T","M","E","M","E","T","R","B",null,"R","$","E","B",null],"character_chosen":"IRONCLAD","items_purchased":["Shovel","Ginger","Pen Nib","Strength Potion"],"campfire_rested":1,"item_purchase_floors":[19,37,53,53],"current_hp_per_floor":[75,80,87,87,87,87,76,76,76,65,66,66,41,48,48,44,103,79,79,79,43,16,12,45,39,39,39,39,34,49,60,60,59,124,113,113,113,121,123,128,128,128,128,125,136,139,139,139,139,121,142,142,142,146,58],"gold":45,"neow_bonus":"ONE_RANDOM_RARE_CARD","is_prod":false,"is_daily":false,"chose_seed":false,"campfire_upgraded":4,"win_rate":0,"timestamp":1555882841,"path_taken":["M","M","?","?","?","R","E","R","T","M","E","R","E","M","R","BOSS","M","?","?","M","?","E","R","E","T","R","?","?","E","M","R","BOSS","M","?","?","M","M","E","R","M","T","M","E","M","E","?","R","BOSS","R","$","E","BOSS"],"build_version":"2019-01-23","purchased_purges":1,"victory":true,"max_hp_per_floor":[83,86,93,93,97,97,97,97,97,100,100,100,100,103,103,103,103,107,107,107,111,111,111,111,114,114,114,114,118,121,124,124,124,124,124,124,124,124,124,128,128,132,132,136,139,139,139,139,139,142,142,142,142,146,146],"card_choices":[{"not_picked":["Sword Boomerang","Flex"],"picked":"Clothesline","floor":1},{"not_picked":["Body Slam","Searing Blow"],"picked":"Headbutt","floor":2},{"not_picked":["Warcry","Body Slam"],"picked":"Spot Weakness","floor":5},{"not_picked":["Anger","Fire Breathing"],"picked":"Iron Wave","floor":7},{"not_picked":["Shockwave","Flex"],"picked":"Inflame","floor":10},{"not_picked":["Fire Breathing","Juggernaut"],"picked":"Rampage","floor":11},{"not_picked":["Warcry","Body Slam"],"picked":"Power Through","floor":13},{"not_picked":["Clothesline+1","Intimidate"],"picked":"Headbutt+1","floor":14},{"not_picked":["Impervious","Brutality"],"picked":"Berserk","floor":16},{"not_picked":["Twin Strike+1","Sentinel"],"picked":"Heavy Blade+1","floor":18},{"not_picked":["Body Slam+1","Combust"],"picked":"Burning Pact","floor":21},{"not_picked":["Intimidate","Havoc"],"picked":"Whirlwind+1","floor":22},{"not_picked":["Pommel Strike+1","Sword Boomerang+1"],"picked":"Spot Weakness","floor":23},{"not_picked":["Clothesline+1","Shrug It Off"],"picked":"Body Slam+1","floor":25},{"not_picked":["True Grit+1","Wild Strike+1"],"picked":"Fiend Fire+1","floor":29},{"not_picked":["Heavy Blade+1","Flex"],"picked":"Dark Embrace+1","floor":30},{"not_picked":["Thunderclap+1","Warcry"],"picked":"Wild Strike+1","floor":31},{"not_picked":["Demon Form+1","Feed+1"],"picked":"Limit Break","floor":33},{"not_picked":["Thunderclap+1","Perfected Strike+1","Pommel Strike+1"],"picked":"SKIP","floor":35},{"not_picked":["Rupture+1","Perfected Strike+1"],"picked":"Sentinel+1","floor":38},{"not_picked":["Perfected Strike+1","Thunderclap+1"],"picked":"Warcry+1","floor":39},{"not_picked":["Fire Breathing+1","Cleave+1","Shockwave+1"],"picked":"SKIP","floor":40},{"not_picked":["True Grit","Shockwave+1"],"picked":"Armaments+1","floor":42},{"not_picked":["Entrench","Clothesline+1","Seeing Red"],"picked":"Impervious","floor":44},{"not_picked":["Armaments+1","Thunderclap+1","Dropkick+1"],"picked":"Feel No Pain+1","floor":45},{"not_picked":["True Grit","Havoc","Wild Strike+1"],"picked":"Headbutt+1","floor":46},{"not_picked":["Sentinel","Offering","True Grit"],"picked":"Flame Barrier","floor":47},{"not_picked":["Body Slam+1","Reaper+1","Combust+1"],"picked":"Heavy Blade+1","floor":54}],"player_experience":132808,"relics_obtained":[{"floor":7,"key":"PreservedInsect"},{"floor":11,"key":"Incense Burner"},{"floor":13,"key":"Molten Egg 2"},{"floor":23,"key":"Thread and Needle"},{"floor":25,"key":"Letter Opener"},{"floor":26,"key":"Blood Vial"},{"floor":27,"key":"Frozen Egg 2"},{"floor":30,"key":"Gremlin Horn"},{"floor":32,"key":"Happy Flower"},{"floor":40,"key":"Red Skull"},{"floor":43,"key":"Question Card"},{"floor":45,"key":"Nunchaku"},{"floor":47,"key":"Regal Pillow"},{"floor":48,"key":"Whetstone"},{"floor":49,"key":"Kunai"},{"floor":52,"key":"Bottled Lightning"},{"floor":54,"key":"Bag of Marbles"}],"event_choices":[{"damage_healed":0,"gold_gain":0,"player_choice":"Box","damage_taken":0,"relics_obtained":["Strawberry"],"max_hp_gain":0,"max_hp_loss":0,"event_name":"Big Fish","floor":3,"gold_loss":0,"cards_obtained":["Regret"]},{"damage_healed":0,"gold_gain":0,"player_choice":"Rummage","damage_taken":0,"relics_obtained":["WarpedTongs"],"max_hp_gain":0,"max_hp_loss":0,"event_name":"Accursed Blacksmith","floor":4,"gold_loss":0,"cards_obtained":["Pain"]},{"damage_healed":0,"gold_gain":0,"player_choice":"Upgraded","damage_taken":0,"max_hp_gain":0,"max_hp_loss":0,"event_name":"Upgrade Shrine","floor":20,"gold_loss":0,"cards_upgraded":["Berserk"]},{"cards_removed":["Pain"],"damage_healed":0,"gold_gain":0,"player_choice":"Removed Curses","damage_taken":0,"max_hp_gain":0,"max_hp_loss":0,"event_name":"Fountain of Cleansing","floor":28,"gold_loss":0},{"damage_healed":0,"gold_gain":0,"player_choice":"Ignored","damage_taken":0,"max_hp_gain":0,"max_hp_loss":0,"event_name":"SecretPortal","floor":36,"gold_loss":0}],"is_beta":false,"boss_relics":[{"not_picked":["Orrery","Tiny House"],"picked":"Runic Pyramid"},{"not_picked":["Pandora\u0027s Box","White Beast Statue"],"picked":"Coffee Dripper"}],"items_purged_floors":[19],"is_endless":false,"potions_floor_spawned":[2,5,13,16,21,22,29,30,35,42,45,46,54],"ascension_level":2}