{"gold_per_floor":[219,230,405,405,21,50,63,92,160,193,193,206,206,232,232,329,329,348,348,348,359,339,339,371,371,371,400,451,480,530,544,544,544],"floor_reached":33,"playtime":2074,"items_purged":[],"score":496,"play_id":"2a6d995a-db94-42ae-ad10-87044c10b29d","local_time":"20190414080030","is_ascension_mode":true,"campfire_choices":[{"floor":11.0,"key":"REST"},{"data":"Neutralize","floor":13.0,"key":"SMITH"},{"data":"Glass Knife","floor":15.0,"key":"SMITH"},{"floor":23.0,"key":"REST"},{"data":"Blade Dance","floor":25.0,"key":"SMITH"},{"data":"Survivor","floor":32.0,"key":"SMITH"}],"neow_cost":"NONE","seed_source_timestamp":253951720902141,"circlet_count":0,"master_deck":["Defend_G","Defend_G","Defend_G+1","Defend_G+1","Defend_G","Strike_G","Strike_G","Strike_G","Strike_G","Strike_G","Survivor+1","Neutralize+1","Backstab","Backflip","Envenom+1","Footwork+1","Slice","Glass Knife+1","Envenom+1","Blade Dance+1","Slice","Deflect+1"],"special_seed":0,"relics":["Ring of the Snake","Frozen Egg 2","Unceasing Top","War Paint","Bottled Lightning","Bird Faced Urn","Juzu Bracelet","Black Star","Mummified Hand","Ninja Scroll","Meat on the Bone","Centennial Puzzle","Darkstone Periapt","Oddly Smooth Stone","Torii","Toxic Egg 2"],"potions_floor_usage":[33],"damage_taken":[{"damage":0.0,"enemies":"Small Slimes","floor":1.0,"turns":5.0},{"damage":0.0,"enemies":"Jaw Worm","floor":2.0,"turns":4.0},{"damage":21.0,"enemies":"3 Sentries","floor":6.0,"turns":14.0},{"damage":0.0,"enemies":"2 Louse","floor":7.0,"turns":2.0},{"damage":8.0,"enemies":"Lagavulin","floor":8.0,"turns":8.0},{"damage":16.0,"enemies":"Gremlin Nob","floor":10.0,"turns":4.0},{"damage":0.0,"enemies":"2 Fungi Beasts","floor":12.0,"turns":4.0},{"damage":4.0,"enemies":"Lagavulin","floor":14.0,"turns":8.0},{"damage":5.0,"enemies":"Hexaghost","floor":16.0,"turns":11.0},{"damage":11.0,"enemies":"Chosen","floor":18.0,"turns":5.0},{"damage":6.0,"enemies":"Shell Parasite","floor":21.0,"turns":6.0},{"damage":24.0,"enemies":"Slavers","floor":24.0,"turns":8.0},{"damage":0.0,"enemies":"Book of Stabbing","floor":27.0,"turns":4.0},{"damage":9.0,"enemies":"Slavers","floor":29.0,"turns":7.0},{"damage":1.0,"enemies":"Shelled Parasite and Fungi","floor":31.0,"turns":5.0},{"damage":71,"enemies":"Champ","floor":33,"turns":11}],"seed_played":"-1053468001343074180","potions_obtained":[{"floor":1.0,"key":"GamblersBrew"},{"floor":10.0,"key":"Explosive Potion"},{"floor":12.0,"key":"GamblersBrew"},{"floor":14.0,"key":"SpeedPotion"},{"floor":16.0,"key":"FearPotion"},{"floor":21.0,"key":"Explosive Potion"},{"floor":22.0,"key":"Fruit Juice"},{"floor":24.0,"key":"Energy Potion"},{"floor":31.0,"key":"SkillPotion"}],"is_trial":false,"path_per_floor":["?","?","?","?","?","T","?"],"character_chosen":"THE_SILENT","items_purchased":["Frozen Egg 2","Envenom+1"],"campfire_rested":2,"item_purchase_floors":[5,5],"current_hp_per_floor":[63,63,63,56,56,35,35,27,27,11,32,36,36,36,36,35,61,54,41,41,41,46,70,52,52,52,58,58,55,55,60,60,0],"gold":544,"neow_bonus":"HUNDRED_GOLD","is_prod":false,"is_daily":false,"chose_seed":false,"campfire_upgraded":4,"win_rate":0,"timestamp":1555246830,"path_taken":["M","M","?","?","$","E","M","E","T","E","R","M","R","E","R","BOSS","M","?","?","M","?","R","E","R","T","E","?","E","?","M","R","BOSS"],"build_version":"2019-01-23","purchased_purges":0,"victory":false,"max_hp_per_floor":[70,70,70,70,70,70,70,70,70,70,70,70,70,70,70,70,70,70,75,75,75,80,80,80,80,80,80,80,80,80,80,80,80],"card_choices":[{"not_picked":["Dagger Throw","Underhanded Strike"],"picked":"Backstab","floor":1.0},{"not_picked":["Underhanded Strike","Blade Dance"],"picked":"Backflip","floor":2.0},{"not_picked":["Dagger Spray","Flechettes"],"picked":"Footwork+1","floor":6.0},{"not_picked":["Bane","Bouncing Flask"],"picked":"Slice","floor":7.0},{"not_picked":["Catalyst","Expertise","Flying Knee"],"picked":"SKIP","floor":8.0},{"not_picked":["Acrobatics","Backflip","Heel Hook"],"picked":"SKIP","floor":10.0},{"not_picked":["Dagger Spray","Poisoned Stab","Underhanded Strike"],"picked":"SKIP","floor":12.0},{"not_picked":["PiercingWail","Cloak And Dagger"],"picked":"Glass Knife","floor":14.0},{"not_picked":["Corpse Explosion","Adrenaline"],"picked":"Envenom+1","floor":16.0},{"not_picked":["PiercingWail","Dodge and Roll"],"picked":"Blade Dance","floor":18.0},{"not_picked":["Bouncing Flask","Poisoned Stab","Deadly Poison+1"],"picked":"SKIP","floor":21.0},{"not_picked":["Blur","Quick Slash"],"picked":"Slice","floor":24.0},{"not_picked":["Dagger Throw+1","PiercingWail","Dagger Spray"],"picked":"SKIP","floor":27.0},{"not_picked":["Predator","Blur"],"picked":"Deflect+1","floor":29.0},{"not_picked":["Outmaneuver+1","Quick Slash+1","Dagger Spray"],"picked":"SKIP","floor":31.0}],"player_experience":415098,"relics_obtained":[{"floor":6.0,"key":"Unceasing Top"},{"floor":8.0,"key":"War Paint"},{"floor":9.0,"key":"Bottled Lightning"},{"floor":10.0,"key":"Bird Faced Urn"},{"floor":14.0,"key":"Juzu Bracelet"},{"floor":24.0,"key":"Mummified Hand"},{"floor":24.0,"key":"Ninja Scroll"},{"floor":26.0,"key":"Meat on the Bone"},{"floor":27.0,"key":"Centennial Puzzle"},{"floor":27.0,"key":"Darkstone Periapt"},{"floor":28.0,"key":"Oddly Smooth Stone"},{"floor":29.0,"key":"Torii"},{"floor":29.0,"key":"Toxic Egg 2"}],"event_choices":[{"damage_healed":0.0,"max_hp_gain":0.0,"max_hp_loss":0.0,"gold_gain":175.0,"event_name":"Liars Game","player_choice":"AGREE","floor":3.0,"gold_loss":0.0,"damage_taken":0.0,"cards_obtained":["Doubt"]},{"cards_removed":["Doubt"],"damage_healed":0.0,"max_hp_gain":0.0,"max_hp_loss":0.0,"gold_gain":0.0,"event_name":"Golden Wing","player_choice":"Card Removal","floor":4.0,"gold_loss":0.0,"damage_taken":7.0},{"damage_healed":0.0,"max_hp_gain":5.0,"max_hp_loss":0.0,"gold_gain":0.0,"event_name":"Forgotten Altar","player_choice":"Shed Blood","floor":19.0,"gold_loss":0.0,"damage_taken":18.0},{"damage_healed":0.0,"max_hp_gain":0.0,"max_hp_loss":0.0,"gold_gain":0.0,"event_name":"FaceTrader","player_choice":"Leave","floor":20.0,"gold_loss":0.0,"damage_taken":0.0},{"damage_healed":0.0,"max_hp_gain":0.0,"max_hp_loss":0.0,"gold_gain":0.0,"event_name":"The Woman in Blue","player_choice":"Bought 1 Potion","floor":22.0,"gold_loss":0.0,"damage_taken":0.0},{"damage_healed":0.0,"max_hp_gain":0.0,"max_hp_loss":0.0,"gold_gain":100.0,"event_name":"The Joust","player_choice":"Bet on Murderer","floor":30.0,"gold_loss":50.0,"damage_taken":0.0}],"is_beta":false,"boss_relics":[{"not_picked":["Runic Dome","Lizard Tail"],"picked":"Black Star"}],"items_purged_floors":[],"is_endless":false,"potions_floor_spawned":[1,10,12,14,16,21,24,31],"killed_by":"Champ","ascension_level":8}