{"gold_per_floor":[112,112,126,144,164,164,183,183,183,183,33,108,123,138,138,233,233,252,271,271,286,304,304,335,355,355,161,192,206,206,206,206,306,306,316,316,331,142,142],"floor_reached":39,"playtime":3748,"items_purged":["Strike_B","Strike_B","Pain"],"score":395,"play_id":"20ff77e5-3fc3-4089-8e05-b0750d8fcb01","local_time":"20190126230902","is_ascension_mode":false,"campfire_choices":[{"data":"Zap","floor":6,"key":"SMITH"},{"data":"Redo","floor":8,"key":"SMITH"},{"data":"Static Discharge","floor":15,"key":"SMITH"},{"data":"Hologram","floor":23,"key":"SMITH"},{"floor":30,"key":"REST"},{"floor":32,"key":"REST"}],"neow_cost":"NONE","seed_source_timestamp":206225191731858,"circlet_count":0,"master_deck":["Strike_B","Defend_B","Defend_B","Defend_B","Defend_B","Zap+1","Dualcast","Barrage","Hologram+1","Redo+1","Leap","Ball Lightning","Static Discharge+1","Coolheaded","BootSequence","Amplify","Stack+1","Leap+1","Redo+1","Loop+1","White Noise","Thunder Strike","White Noise","Auto Shields+1","Seek","Regret","Writhe","Madness","Conserve Battery","Heatsinks","Storm"],"relics":["Cracked Core","NeowsBlessing","Meat on the Bone","Matryoshka","Nuclear Battery","Nilry\u0027s Codex","Pen Nib","Boot","The Courier","Red Mask","Calling Bell","Lantern","Shuriken","Pocketwatch"],"potions_floor_usage":[21,28,29,33],"damage_taken":[{"damage":0,"enemies":"Small Slimes","floor":1,"turns":1},{"damage":0,"enemies":"Cultist","floor":3,"turns":1},{"damage":0,"enemies":"2 Louse","floor":4,"turns":1},{"damage":10,"enemies":"Large Slime","floor":5,"turns":6},{"damage":7,"enemies":"Looter","floor":7,"turns":2},{"damage":9,"enemies":"Blue Slaver","floor":13,"turns":3},{"damage":2,"enemies":"Red Slaver","floor":14,"turns":3},{"damage":3,"enemies":"The Guardian","floor":16,"turns":14},{"damage":6,"enemies":"Chosen","floor":18,"turns":5},{"damage":6,"enemies":"2 Thieves","floor":19,"turns":2},{"damage":13,"enemies":"Shelled Parasite and Fungi","floor":21,"turns":4},{"damage":16,"enemies":"Cultist and Chosen","floor":22,"turns":5},{"damage":30,"enemies":"Book of Stabbing","floor":24,"turns":7},{"damage":16,"enemies":"Snake Plant","floor":25,"turns":3},{"damage":24,"enemies":"Masked Bandits","floor":28,"turns":5},{"damage":10,"enemies":"Centurion and Healer","floor":29,"turns":7},{"damage":8,"enemies":"Automaton","floor":33,"turns":10},{"damage":29,"enemies":"3 Shapes","floor":35,"turns":3},{"damage":43,"enemies":"3 Darklings","floor":37,"turns":5},{"damage":31,"enemies":"Writhing Mass","floor":39,"turns":3}],"seed_played":"-7214276638709549069","potions_obtained":[{"floor":3,"key":"Fruit Juice"},{"floor":7,"key":"Weak Potion"},{"floor":14,"key":"SpeedPotion"},{"floor":21,"key":"Ancient Potion"},{"floor":22,"key":"Dexterity Potion"},{"floor":24,"key":"Block Potion"},{"floor":29,"key":"Dexterity Potion"},{"floor":33,"key":"Ancient Potion"}],"is_trial":false,"path_per_floor":["M","?","M","M","M","R","M","R","T","?","$","?","M","M","R","B",null,"M","M","?","M","M","R","E","M","T","$","?","M","R","?","R","B",null,"M","?","M","$","M"],"character_chosen":"DEFECT","items_purchased":["Static Discharge","Thunder Strike","Heatsinks","Storm"],"campfire_rested":2,"item_purchase_floors":[11,27,38,38],"current_hp_per_floor":[75,75,75,75,65,65,58,58,58,55,55,44,47,45,45,42,75,69,63,47,51,47,47,29,25,25,25,13,15,39,24,49,53,85,56,56,25,25,0],"gold":142,"neow_bonus":"THREE_ENEMY_KILL","is_prod":false,"is_daily":false,"chose_seed":false,"campfire_upgraded":4,"win_rate":0.0,"timestamp":1548540542,"path_taken":["M","?","M","M","M","R","?","R","T","?","$","?","M","M","R","BOSS","M","M","?","M","M","R","E","M","T","$","?","M","R","?","R","BOSS","M","?","M","$","M"],"build_version":"2019-01-23","purchased_purges":3,"victory":false,"max_hp_per_floor":[75,75,75,75,75,75,75,75,75,75,75,75,75,75,75,75,75,75,75,75,80,80,80,80,80,80,80,80,80,80,85,85,85,85,85,85,85,85,85],"card_choices":[{"not_picked":["Go for the Eyes","Rebound"],"picked":"Barrage","floor":1},{"not_picked":["Rip and Tear","Turbo"],"picked":"Hologram","floor":3},{"not_picked":["Amplify","Go for the Eyes"],"picked":"Redo","floor":4},{"not_picked":["Aggregate","Stack"],"picked":"Leap","floor":5},{"not_picked":["Go for the Eyes","Force Field"],"picked":"Ball Lightning","floor":7},{"not_picked":["Streamline","Hologram"],"picked":"Coolheaded","floor":13},{"not_picked":["Redo","Fusion"],"picked":"BootSequence","floor":14},{"not_picked":["Biased Cognition","Rainbow"],"picked":"Amplify","floor":16},{"not_picked":["Conserve Battery","Sunder+1"],"picked":"Stack+1","floor":18},{"not_picked":["Tempest","BootSequence"],"picked":"Leap+1","floor":19},{"not_picked":["Gash+1","Compile Driver"],"picked":"Redo+1","floor":21},{"not_picked":["Turbo","Biased Cognition"],"picked":"Loop+1","floor":22},{"not_picked":["Rainbow","Consume"],"picked":"White Noise","floor":24},{"not_picked":["Leap","Skim","Redo"],"picked":"SKIP","floor":25},{"not_picked":["Glacier","Stack"],"picked":"White Noise","floor":28},{"not_picked":["Lockon+1","Stack+1"],"picked":"Auto Shields+1","floor":29},{"not_picked":["Biased Cognition","Rainbow"],"picked":"Seek","floor":33},{"not_picked":["Rip and Tear","Redo+1","Chill"],"picked":"SKIP","floor":35},{"not_picked":["Dramatic Entrance","HandOfGreed"],"picked":"Madness","floor":36},{"not_picked":["Stack+1","Hologram"],"picked":"Conserve Battery","floor":37}],"player_experience":39847,"relics_obtained":[{"floor":9,"key":"Meat on the Bone"},{"floor":20,"key":"Nilry\u0027s Codex"},{"floor":24,"key":"Pen Nib"},{"floor":26,"key":"Boot"},{"floor":26,"key":"The Courier"},{"floor":28,"key":"Red Mask"},{"floor":34,"key":"Lantern"},{"floor":34,"key":"Shuriken"},{"floor":34,"key":"Pocketwatch"}],"event_choices":[{"cards_removed":["Strike_B"],"damage_healed":0,"gold_gain":0,"player_choice":"Offered Basic","damage_taken":0,"max_hp_gain":0,"max_hp_loss":0,"event_name":"Bonfire Elementals","floor":2,"gold_loss":0},{"damage_healed":0,"gold_gain":0,"player_choice":"Success","damage_taken":3,"relics_obtained":["Matryoshka"],"max_hp_gain":0,"max_hp_loss":0,"event_name":"Scrap Ooze","floor":10,"gold_loss":0},{"damage_healed":0,"gold_gain":75,"player_choice":"Gather Gold","damage_taken":11,"max_hp_gain":0,"max_hp_loss":0,"event_name":"World of Goop","floor":12,"gold_loss":0},{"damage_healed":0,"gold_gain":0,"player_choice":"Obtained Book","damage_taken":16,"max_hp_gain":0,"max_hp_loss":0,"event_name":"Cursed Tome","floor":20,"gold_loss":0},{"damage_healed":0,"gold_gain":0,"player_choice":"Fought Bandits","damage_taken":0,"max_hp_gain":0,"max_hp_loss":0,"event_name":"Masked Bandits","floor":28,"gold_loss":0},{"damage_healed":0,"gold_gain":0,"player_choice":"Shed Blood","damage_taken":20,"max_hp_gain":5,"max_hp_loss":0,"event_name":"Forgotten Altar","floor":31,"gold_loss":0},{"damage_healed":0,"gold_gain":0,"player_choice":"Memory 1","damage_taken":0,"max_hp_gain":0,"max_hp_loss":0,"event_name":"SensoryStone","floor":36,"gold_loss":0}],"is_beta":false,"boss_relics":[{"not_picked":["Sozu","Lizard Tail"],"picked":"Nuclear Battery"},{"not_picked":["Eternal Feather","Pandora\u0027s Box"],"picked":"Calling Bell"}],"items_purged_floors":[11,27,38],"is_endless":false,"potions_floor_spawned":[3,7,14,21,22,24,29,33],"killed_by":"Writhing Mass","ascension_level":0}