{"path_per_floor":["M","M","?","?","?","E","R","T","T","E","R","M","M","M","R","B",null,"M","?","$","?","M","R","T","?","T","E","M","R","M","E","R","B",null,"M","M","?","$","T","R","E","R","T","R","M","E","M"],"character_chosen":"DEFECT","items_purchased":["Molten Egg 2","Capacitor","Finesse","Capacitor","Singing Bowl","Doom and Gloom"],"gold_per_floor":[114,134,134,134,134,169,169,250,302,333,333,357,373,388,388,478,478,493,473,56,0,21,21,21,21,95,166,186,186,211,255,255,345,345,359,383,383,151,151,151,184,184,209,209,223,254,269,269],"floor_reached":48,"campfire_rested":4,"playtime":1689,"current_hp_per_floor":[64,64,54,54,30,30,30,30,30,16,37,44,46,51,51,43,64,51,51,51,51,57,57,57,57,57,46,48,48,51,45,66,60,68,63,37,37,37,37,58,40,61,61,61,57,5,7,0],"items_purged":[],"gold":269,"score":982,"play_id":"0fe09784-b160-43d8-b104-2a0bb7253ba9","local_time":"20180518214915","is_prod":false,"is_daily":false,"chose_seed":false,"is_ascension_mode":true,"campfire_upgraded":4,"timestamp":1526651355,"campfire_choices":[{"data":"Buffer","floor":7.0,"key":"SMITH"},{"floor":11.0,"key":"REST"},{"data":"Chaos","floor":15.0,"key":"SMITH"},{"data":"Electrodynamics","floor":23.0,"key":"SMITH"},{"data":"Storm","floor":29.0,"key":"SMITH"},{"floor":32.0,"key":"REST"},{"floor":40.0,"key":"REST"},{"floor":42.0,"key":"REST"},{"floor":44.0,"key":"DIG"}],"path_taken":["M","?","?","?","?","E","R","?","T","E","R","?","M","M","R","BOSS","M","?","$","?","M","R","?","?","T","E","?","R","M","E","R","BOSS","M","M","?","$","?","R","E","R","T","R","M","E","M","?"],"build_version":"2018-05-17","seed_source_timestamp":0,"purchased_purges":1,"victory":false,"master_deck":["Zap","Dualcast","AscendersBane","Coolheaded","Melter","Zap","Buffer+1","Self Repair","Go for the Eyes","Chaos+1","Go for the Eyes","Electrodynamics+1","Beam Cell","Chill","Storm+1","Scrape","Streamline","Skim","Genetic Algorithm","Barrage","Defragment+1","Capacitor+1","Finesse","Steam","Force Field+1","Conserve Battery","Cold Snap+1","Heatsinks+1","Creative AI+1","Gash+1","Capacitor","Doom and Gloom+1","Turbo+1"],"max_hp_per_floor":[71,71,71,71,71,71,71,71,71,71,71,71,71,71,71,71,71,71,71,71,71,71,71,71,71,71,71,71,71,71,71,71,71,71,71,71,71,71,71,71,71,71,71,71,73,75,77,77],"relics":["Cracked Core","NeowsBlessing","Golden Idol","Pen Nib","Kunai","Orichalcum","Ornamental Fan","Pandora\u0027s Box","Molten Egg 2","Sundial","Letter Opener","Tiny Chest","Potion Belt","Sozu","Singing Bowl","Symbiotic Virus","Shovel","Regal Pillow","Anchor","Omamori"],"card_choices":[{"not_picked":["Steam","Double Energy"],"picked":"Coolheaded","floor":1.0},{"not_picked":["Rebound","Scrape"],"picked":"Melter","floor":2.0},{"not_picked":["Go for the Eyes","Streamline"],"picked":"Self Repair","floor":6.0},{"not_picked":["Stack","Undo"],"picked":"Go for the Eyes","floor":10.0},{"not_picked":["Reprogram","Coolheaded"],"picked":"Chaos","floor":12.0},{"not_picked":["Hologram","Melter"],"picked":"Go for the Eyes","floor":13.0},{"not_picked":["Steam","Blizzard","Cold Snap"],"picked":"SKIP","floor":14.0},{"not_picked":["Creative AI","Hyperbeam"],"picked":"Electrodynamics","floor":16.0},{"not_picked":["Steam","Chaos"],"picked":"Defragment+1","floor":18.0},{"not_picked":["Conserve Battery","Skim+1"],"picked":"Steam","floor":22.0},{"not_picked":["Skim","Amplify"],"picked":"Force Field+1","floor":27.0},{"not_picked":["Stack","Streamline+1"],"picked":"Conserve Battery","floor":28.0},{"not_picked":["Steam","Sweeping Beam+1"],"picked":"Cold Snap+1","floor":30.0},{"not_picked":["Sweeping Beam+1","Gash+1"],"picked":"Heatsinks+1","floor":31.0},{"not_picked":["Hyperbeam+1","Biased Cognition"],"picked":"Creative AI","floor":33.0},{"not_picked":["Ball Lightning+1","Scrape+1","Cold Snap+1"],"picked":"SKIP","floor":35.0},{"not_picked":["Glacier","Hologram+1"],"picked":"Gash+1","floor":36.0},{"not_picked":["Capacitor","Stack"],"picked":"Turbo+1","floor":41.0},{"not_picked":["Genetic Algorithm","Meteor Strike+1","Ball Lightning+1"],"picked":"Singing Bowl","floor":45.0},{"not_picked":["Beam Cell+1","Stack","Sweeping Beam+1"],"picked":"Singing Bowl","floor":46.0},{"not_picked":["Darkness","Skim","Storm"],"picked":"Singing Bowl","floor":47}],"player_experience":1000490,"potions_floor_usage":[],"damage_taken":[{"damage":0.0,"enemies":"Cultist","floor":1.0,"turns":1.0},{"damage":0.0,"enemies":"2 Louse","floor":2.0,"turns":1.0},{"damage":0.0,"enemies":"Lagavulin","floor":6.0,"turns":1.0},{"damage":21.0,"enemies":"3 Sentries","floor":10.0,"turns":11.0},{"damage":0.0,"enemies":"Small Slimes","floor":12.0,"turns":3.0},{"damage":5.0,"enemies":"Looter","floor":13.0,"turns":3.0},{"damage":2.0,"enemies":"2 Fungi Beasts","floor":14.0,"turns":4.0},{"damage":15.0,"enemies":"The Guardian","floor":16.0,"turns":13.0},{"damage":13.0,"enemies":"Shell Parasite","floor":18.0,"turns":5.0},{"damage":11.0,"enemies":"Chosen","floor":22.0,"turns":6.0},{"damage":18.0,"enemies":"Book of Stabbing","floor":27.0,"turns":5.0},{"damage":5.0,"enemies":"3 Cultists","floor":28.0,"turns":6.0},{"damage":4.0,"enemies":"Cultist and Chosen","floor":30.0,"turns":6.0},{"damage":23.0,"enemies":"Gremlin Leader","floor":31.0,"turns":6.0},{"damage":13.0,"enemies":"Automaton","floor":33.0,"turns":7.0},{"damage":12.0,"enemies":"Flame Bruiser 1 Orb","floor":35.0,"turns":6.0},{"damage":33.0,"enemies":"3 Darklings","floor":36.0,"turns":4.0},{"damage":18.0,"enemies":"Nemesis","floor":41.0,"turns":5.0},{"damage":6.0,"enemies":"4 Shapes","floor":45.0,"turns":3.0},{"damage":54.0,"enemies":"2 Orb Walkers","floor":46.0,"turns":4.0},{"damage":0,"enemies":"Maw","floor":47,"turns":6},{"damage":7,"enemies":"3 Darklings","floor":48,"turns":2}],"relics_obtained":[{"floor":6.0,"key":"Pen Nib"},{"floor":8.0,"key":"Kunai"},{"floor":9.0,"key":"Orichalcum"},{"floor":10.0,"key":"Ornamental Fan"},{"floor":24.0,"key":"Sundial"},{"floor":26.0,"key":"Letter Opener"},{"floor":27.0,"key":"Tiny Chest"},{"floor":31.0,"key":"Potion Belt"},{"floor":39.0,"key":"Symbiotic Virus"},{"floor":41.0,"key":"Shovel"},{"floor":43.0,"key":"Regal Pillow"},{"floor":44.0,"key":"Anchor"},{"floor":46.0,"key":"Omamori"}],"event_choices":[{"event_name":"Wheel of Change","player_choice":"Damage","floor":3.0,"damage_taken":0.0},{"event_name":"Match and Keep!","player_choice":"2 cards matched","floor":4.0,"damage_taken":0.0},{"event_name":"Golden Idol","player_choice":"Take Damage","floor":5.0,"damage_taken":0.0},{"event_name":"The Woman in Blue","player_choice":"Bought 1 Potion","floor":19.0,"damage_taken":0.0},{"event_name":"Masked Bandits","player_choice":"Paid Bandits 56 gold","floor":21.0,"damage_taken":0.0},{"event_name":"Upgrade Shrine","player_choice":"Upgraded","floor":25.0,"damage_taken":0.0},{"event_name":"Upgrade Shrine","player_choice":"Upgraded","floor":37.0,"damage_taken":0.0}],"boss_relics":[],"potions_floor_spawned":[12,13,14,16,27,30,46,47],"seed_played":"-7292595216998285201","killed_by":"3 Darklings","ascension_level":15,"potions_obtained":[{"floor":12.0,"key":"Energy Potion"},{"floor":13.0,"key":"SpeedPotion"},{"floor":14.0,"key":"Energy Potion"},{"floor":16.0,"key":"Regen Potion"},{"floor":27.0,"key":"FearPotion"},{"floor":30.0,"key":"Regen Potion"}],"is_trial":false}