{"path_per_floor":["M","M","$","?","$","?","R","E","T","M","R","E","?","M","R","B",null,"M"],"character_chosen":"DEFECT","items_purchased":["Darkness","Melter"],"gold_per_floor":[117,137,58,58,18,93,93,155,155,165,165,194,159,169,169,248,248,229,229],"floor_reached":19,"campfire_rested":1,"playtime":500,"item_purchase_floors":[3,5],"current_hp_per_floor":[66,66,66,55,55,44,44,42,42,41,64,41,60,47,47,14,62,31,0],"items_purged":[],"gold":229,"score":306,"play_id":"b6b77dea-87a3-49d2-8369-d58189ac85e4","local_time":"20180519231029","is_prod":false,"is_daily":false,"chose_seed":false,"is_ascension_mode":true,"campfire_upgraded":2,"timestamp":1526742629,"campfire_choices":[{"data":"Zap","floor":7,"key":"SMITH"},{"floor":11,"key":"REST"},{"data":"Streamline","floor":15,"key":"SMITH"}],"path_taken":["M","M","$","?","?","?","R","E","T","M","R","E","?","M","R","BOSS","M","?"],"build_version":"2018-05-18","seed_source_timestamp":816397896470993,"purchased_purges":0,"victory":false,"master_deck":["Strike_B","Strike_B","Strike_B","Strike_B","Defend_B","Defend_B","Defend_B","Defend_B","Zap+1","Dualcast","AscendersBane","Chill","Sweeping Beam","Darkness","Melter","White Noise","Go for the Eyes","Streamline+1"],"max_hp_per_floor":[78,78,78,78,78,78,78,78,78,78,78,78,78,78,78,78,78,78,78],"relics":["Cracked Core","Mango","Girya","Tiny Chest","Juzu Bracelet","Pen Nib","Velvet Choker"],"card_choices":[{"not_picked":["Self Repair","Barrage"],"picked":"Chill","floor":1},{"not_picked":["Ball Lightning","Reprogram","Sweeping Beam"],"picked":"SKIP","floor":2},{"not_picked":["Ball Lightning","Reprogram"],"picked":"Sweeping Beam","floor":2},{"not_picked":["Ball Lightning","Biased Cognition"],"picked":"White Noise","floor":8},{"not_picked":["Beam Cell","Rebound"],"picked":"Go for the Eyes","floor":10},{"not_picked":["Genetic Algorithm","Rainbow","Storm"],"picked":"SKIP","floor":12},{"not_picked":["Scrape","FTL"],"picked":"Streamline","floor":14},{"not_picked":["Scrape+1","Blizzard","Sweeping Beam"],"picked":"SKIP","floor":18}],"player_experience":1025657,"potions_floor_usage":[12,19],"damage_taken":[{"damage":12,"enemies":"Jaw Worm","floor":1,"turns":3},{"damage":0,"enemies":"Small Slimes","floor":2,"turns":3},{"damage":2,"enemies":"3 Sentries","floor":8,"turns":6},{"damage":1,"enemies":"Cultist","floor":10,"turns":3},{"damage":23,"enemies":"Lagavulin","floor":12,"turns":7},{"damage":13,"enemies":"Large Slime","floor":14,"turns":5},{"damage":33,"enemies":"Slime Boss","floor":16,"turns":10},{"damage":31,"enemies":"2 Thieves","floor":18,"turns":4},{"damage":47,"enemies":"Masked Bandits","floor":19,"turns":3}],"relics_obtained":[{"floor":8,"key":"Tiny Chest"},{"floor":9,"key":"Juzu Bracelet"},{"floor":12,"key":"Pen Nib"}],"event_choices":[{"event_name":"Scrap Ooze","player_choice":"success","floor":4,"damage_taken":11},{"event_name":"World of Goop","player_choice":"Gather Gold","floor":6,"damage_taken":0},{"event_name":"The Cleric","player_choice":"Healed","floor":13,"damage_taken":0},{"event_name":"Masked Bandits","player_choice":"Fought over 229 gold","floor":19,"damage_taken":0}],"boss_relics":[{"not_picked":["White Beast Statue","Philosopher\u0027s Stone"],"picked":"Velvet Choker"}],"items_purged_floors":[],"potions_floor_spawned":[1,12,18],"seed_played":"4145845815760901759","killed_by":"Masked Bandits","ascension_level":15,"potions_obtained":[{"floor":1,"key":"Poison Potion"},{"floor":12,"key":"Strength Potion"},{"floor":18,"key":"FocusPotion"}],"is_trial":false}