{"gold_per_floor":[15,15,15,34,53,53,70,70,95,122,139,170,58,71,71,190,240,254,267,50,60,60,60,84,103,149,163,163,192,192,207,207,310,310,321,321,66,84,84,111,211,211,211,234,234,254,254,47,47,47],"floor_reached":51,"playtime":3572,"items_purged":["Strike_G","Strike_G","Strike_G"],"score":1082,"play_id":"dfa6260e-d54a-46c0-93a0-55fb48b377fb","local_time":"20190413144902","is_ascension_mode":true,"campfire_choices":[{"data":"Neutralize","floor":6,"key":"SMITH"},{"data":"Jack Of All Trades","floor":8,"key":"SMITH"},{"data":"Cloak And Dagger","floor":15,"key":"SMITH"},{"data":"Venomology","floor":23,"key":"SMITH"},{"data":"Accuracy","floor":28,"key":"SMITH"},{"data":"Footwork","floor":30,"key":"SMITH"},{"data":"Terror","floor":32,"key":"SMITH"},{"data":"After Image","floor":42,"key":"SMITH"},{"floor":47,"key":"DIG"},{"data":"Accuracy","floor":49,"key":"SMITH"}],"neow_cost":"NO_GOLD","seed_source_timestamp":191144017911811,"circlet_count":0,"master_deck":["Defend_G+1","Defend_G","Defend_G+1","Defend_G","Defend_G","Survivor","Neutralize+1","Terror+1","Jack Of All Trades+1","Backflip+1","Dagger Spray","Infinite Blades","Cloak And Dagger+1","Venomology+1","Footwork+1","Accuracy+1","Escape Plan","Infinite Blades","After Image+1","Dodge and Roll+1","PiercingWail+1","Blade Dance+1","Accuracy+1"],"relics":["Ring of the Snake","Bag of Marbles","Juzu Bracelet","War Paint","Tiny House","Centennial Puzzle","Art of War","Blood Vial","Happy Flower","Lizard Tail","Pen Nib","Thread and Needle","Shovel","Toxic Egg 2","PreservedInsect","FossilizedHelix"],"potions_floor_usage":[7,10,16,18,19,21,21,21,27,27,29,29,29,31,33,35,38,40,41,46,50,50,50],"damage_taken":[{"damage":0,"enemies":"Small Slimes","floor":1,"turns":6},{"damage":2,"enemies":"Jaw Worm","floor":4,"turns":4},{"damage":2,"enemies":"Cultist","floor":5,"turns":4},{"damage":3,"enemies":"Exordium Thugs","floor":7,"turns":7},{"damage":19,"enemies":"Gremlin Nob","floor":10,"turns":4},{"damage":0,"enemies":"Looter","floor":11,"turns":2},{"damage":10,"enemies":"Lagavulin","floor":12,"turns":6},{"damage":7,"enemies":"Gremlin Gang","floor":14,"turns":3},{"damage":16,"enemies":"Slime Boss","floor":16,"turns":9},{"damage":5,"enemies":"Shell Parasite","floor":18,"turns":4},{"damage":0,"enemies":"3 Byrds","floor":19,"turns":3},{"damage":2,"enemies":"Snake Plant","floor":21,"turns":7},{"damage":0,"enemies":"Centurion and Healer","floor":25,"turns":8},{"damage":7,"enemies":"Cultist and Chosen","floor":27,"turns":5},{"damage":0,"enemies":"Gremlin Leader","floor":29,"turns":7},{"damage":5,"enemies":"Shelled Parasite and Fungi","floor":31,"turns":7},{"damage":43,"enemies":"Champ","floor":33,"turns":13},{"damage":0,"enemies":"3 Darklings","floor":35,"turns":3},{"damage":0,"enemies":"Orb Walker","floor":38,"turns":5},{"damage":0,"enemies":"Giant Head","floor":40,"turns":9},{"damage":0,"enemies":"Mind Bloom Boss Battle","floor":41,"turns":6},{"damage":0,"enemies":"Maw","floor":46,"turns":8},{"damage":0,"enemies":"Time Eater","floor":50,"turns":12}],"seed_played":"9005227539608149122","potions_obtained":[{"floor":4,"key":"LiquidBronze"},{"floor":5,"key":"Energy Potion"},{"floor":12,"key":"Block Potion"},{"floor":16,"key":"Explosive Potion"},{"floor":17,"key":"Strength Potion"},{"floor":18,"key":"Block Potion"},{"floor":27,"key":"SpeedPotion"},{"floor":29,"key":"Swift Potion"},{"floor":35,"key":"SkillPotion"}],"is_trial":false,"path_per_floor":["?","?","?","T","?","?","?","T","?"],"character_chosen":"THE_SILENT","items_purchased":["Infinite Blades","Corpse Explosion","Centennial Puzzle","Pen Nib","Accuracy"],"campfire_rested":0,"item_purchase_floors":[13,20,20,37,48],"current_hp_per_floor":[63,63,63,61,59,59,56,56,56,37,37,27,27,20,20,4,59,54,54,54,52,52,52,52,52,52,47,47,49,49,46,46,5,58,60,85,85,85,81,81,81,81,81,81,81,81,81,81,81,81],"gold":47,"neow_bonus":"REMOVE_TWO","is_prod":false,"is_daily":false,"chose_seed":false,"campfire_upgraded":9,"win_rate":0,"timestamp":1555184942,"path_taken":["M","?","?","M","M","R","M","R","T","E","M","E","$","M","R","BOSS","M","M","$","M","?","R","?","M","T","M","R","E","R","M","R","BOSS","M","?","$","M","?","E","?","R","T","?","?","M","R","$","R","BOSS"],"build_version":"2019-01-23","purchased_purges":3,"victory":true,"max_hp_per_floor":[70,70,70,70,70,70,70,70,70,70,70,70,70,70,70,70,75,75,75,75,75,75,75,75,75,75,75,75,75,75,75,75,75,75,75,85,85,85,81,81,81,81,81,81,81,81,81,81,81,81],"card_choices":[{"not_picked":["Bane","Backflip"],"picked":"Terror","floor":1},{"not_picked":["Flechettes","PiercingWail"],"picked":"Backflip","floor":4},{"not_picked":["Masterful Stab","Slice","Outmaneuver"],"picked":"SKIP","floor":5},{"not_picked":["Prepared","Slice","Storm of Steel"],"picked":"SKIP","floor":7},{"not_picked":["Flying Knee","Slice"],"picked":"Dagger Spray","floor":10},{"not_picked":["Expertise","Terror","Poisoned Stab"],"picked":"SKIP","floor":11},{"not_picked":["Masterful Stab","Setup","Expertise"],"picked":"SKIP","floor":12},{"not_picked":["Dagger Spray","Dagger Throw"],"picked":"Cloak And Dagger","floor":14},{"not_picked":["Unload","Phantasmal Killer"],"picked":"Venomology","floor":16},{"not_picked":["Outmaneuver","Predator","Backflip"],"picked":"SKIP","floor":18},{"not_picked":["Eviscerate","Outmaneuver"],"picked":"Footwork","floor":19},{"not_picked":["Riddle With Holes","Underhanded Strike","Acrobatics"],"picked":"SKIP","floor":21},{"not_picked":["Slice+1","Well Laid Plans+1"],"picked":"Accuracy","floor":25},{"not_picked":["Flying Knee","Choke"],"picked":"Escape Plan","floor":27},{"not_picked":["Skewer+1","Masterful Stab","Acrobatics"],"picked":"SKIP","floor":29},{"not_picked":["Deflect","Heel Hook+1"],"picked":"Infinite Blades","floor":31},{"not_picked":["Phantasmal Killer","Wraith Form v2"],"picked":"After Image","floor":33},{"not_picked":["Crippling Poison","Dash+1","Catalyst+1"],"picked":"SKIP","floor":35},{"not_picked":["Bane+1","Concentrate+1","Poisoned Stab"],"picked":"SKIP","floor":38},{"not_picked":["Bane","Slice"],"picked":"Dodge and Roll+1","floor":40},{"not_picked":["Prepared","Flechettes"],"picked":"PiercingWail+1","floor":41},{"not_picked":["Outmaneuver+1","Prepared+1"],"picked":"Blade Dance+1","floor":46}],"player_experience":411526,"relics_obtained":[{"floor":9,"key":"Bag of Marbles"},{"floor":10,"key":"Juzu Bracelet"},{"floor":12,"key":"War Paint"},{"floor":24,"key":"Art of War"},{"floor":26,"key":"Blood Vial"},{"floor":29,"key":"Happy Flower"},{"floor":40,"key":"Thread and Needle"},{"floor":41,"key":"Shovel"},{"floor":43,"key":"Toxic Egg 2"},{"floor":44,"key":"PreservedInsect"},{"floor":47,"key":"FossilizedHelix"}],"event_choices":[{"damage_healed":0,"gold_gain":0,"player_choice":"Ignored","damage_taken":0,"max_hp_gain":0,"max_hp_loss":0,"event_name":"Liars Game","floor":2,"gold_loss":0},{"damage_healed":0,"gold_gain":0,"player_choice":"1 cards matched","damage_taken":0,"max_hp_gain":0,"max_hp_loss":0,"event_name":"Match and Keep!","floor":3,"gold_loss":0,"cards_obtained":["Jack Of All Trades"]},{"damage_healed":0,"gold_gain":0,"player_choice":"0 cards matched","damage_taken":0,"max_hp_gain":0,"max_hp_loss":0,"event_name":"Match and Keep!","floor":22,"gold_loss":0,"cards_obtained":[]},{"cards_removed":["Corpse Explosion"],"damage_healed":15,"gold_gain":0,"player_choice":"Offered Rare","damage_taken":0,"max_hp_gain":10,"max_hp_loss":0,"event_name":"Bonfire Elementals","floor":36,"gold_loss":0},{"damage_healed":0,"gold_gain":0,"player_choice":"Max HP","damage_taken":0,"max_hp_gain":0,"max_hp_loss":4,"event_name":"Winding Halls","floor":39,"gold_loss":0},{"damage_healed":0,"gold_gain":0,"player_choice":"Fight","damage_taken":0,"max_hp_gain":0,"max_hp_loss":0,"event_name":"MindBloom","floor":41,"gold_loss":0},{"damage_healed":0,"gold_gain":0,"player_choice":"0 cards matched","damage_taken":0,"max_hp_gain":0,"max_hp_loss":0,"event_name":"Match and Keep!","floor":45,"gold_loss":0,"cards_obtained":[]}],"is_beta":false,"boss_relics":[{"not_picked":["Philosopher\u0027s Stone","Fusion Hammer"],"picked":"Tiny House"},{"not_picked":["Snecko Eye","Pandora\u0027s Box"],"picked":"Lizard Tail"}],"items_purged_floors":[13,37,48],"is_endless":false,"potions_floor_spawned":[4,5,12,16,18,27,29,35],"ascension_level":8}