{"gold_per_floor":[114,129,129,144,159,174,204,204,279,294,336,363,390,402,414,526,538,565,592,619,646,155,185,193,223,223,238,253,298,313,328,328,428,428,443,458,473,488,503,533,533,533,533,548,16,16,46,61,61,61],"floor_reached":51,"playtime":6454,"items_purged":["Heatsinks"],"score":1223,"play_id":"a63f7699-822a-4fe3-a2aa-cb8bb6710eaf","local_time":"20180721160102","daily_mods":["Insanity","Time Dilation","Vintage"],"is_ascension_mode":false,"campfire_choices":[{"data":"Hyperbeam","floor":15,"key":"SMITH"},{"data":"Seek","floor":32,"key":"SMITH"},{"data":"Fission","floor":41,"key":"SMITH"},{"data":"Biased Cognition","floor":49,"key":"SMITH"}],"neow_cost":"","seed_source_timestamp":0,"circlet_count":0,"master_deck":["Leap","Undo","Auto Shields","Creative AI","Conserve Battery","Ball Lightning","Leap","Seek+1","All For One","Buffer+1","BootSequence+1","Sunder","White Noise","Rip and Tear","Aggregate","Redo+1","Scrape","Barrage","Aggregate","Steam Power","Steam","Chill","Capacitor","Biased Cognition+1","Stack","Chill","Chill","Sweeping Beam","Turbo","Multi-Cast","Steam Power","Cold Snap","Meteor Strike","Machine Learning","Leap","Auto Shields","Chill","Sweeping Beam","Doom and Gloom","All For One+1","Echo Form","Fission+1","Sunder+1","Aggregate","Self Repair+1","Zap","Amplify","Darkness","Hyperbeam+1","Reboot","Flying Knee","Seek","Consume","Hologram","Capacitor+1","Beam Cell+1","Stack","Mind Blast+1","Dramatic Entrance+1","Flash of Steel+1","Biased Cognition","Mind Blast+1","Steam","Madness","Madness","Coolheaded+1"],"special_seed":17733,"relics":["FrozenCore","Smiling Mask","Bottled Lightning","Centennial Puzzle","Ginger","Potion Belt","Letter Opener","Bag of Marbles","Symbiotic Virus","MawBank","Ornamental Fan","Art of War","DataDisk","Gremlin Horn","Incense Burner","Matryoshka","Ancient Tea Set","Dream Catcher","Bag of Preparation","OrangePellets","Emotion Chip","Red Mask","Oddly Smooth Stone","The Courier","Bottled Tornado","Blood Vial","Whetstone","Tiny Chest","Happy Flower","Prayer Wheel","Sundial","Coffee Dripper","Molten Egg 2","Darkstone Periapt","War Paint","Orichalcum","Du-Vu Doll","Cables","Vajra","Bronze Scales","Shuriken","DollysMirror","Anchor","Pen Nib","Blue Candle","Juzu Bracelet"],"potions_floor_usage":[11,16,18,19,33,50],"damage_taken":[{"damage":1,"enemies":"Jaw Worm","floor":1,"turns":4},{"damage":0,"enemies":"2 Louse","floor":2,"turns":1},{"damage":0,"enemies":"Small Slimes","floor":4,"turns":1},{"damage":2,"enemies":"Blue Slaver","floor":5,"turns":2},{"damage":0,"enemies":"Red Slaver","floor":6,"turns":4},{"damage":0,"enemies":"Lagavulin","floor":7,"turns":4},{"damage":0,"enemies":"3 Louse","floor":10,"turns":1},{"damage":0,"enemies":"3 Sentries","floor":11,"turns":4},{"damage":0,"enemies":"Lots of Slimes","floor":12,"turns":1},{"damage":0,"enemies":"Exordium Wildlife","floor":13,"turns":1},{"damage":0,"enemies":"The Guardian","floor":16,"turns":4},{"damage":0,"enemies":"Spheric Guardian","floor":18,"turns":3},{"damage":6,"enemies":"Shell Parasite","floor":19,"turns":3},{"damage":0,"enemies":"Cultist and Chosen","floor":20,"turns":1},{"damage":0,"enemies":"Centurion and Healer","floor":21,"turns":1},{"damage":0,"enemies":"Slavers","floor":23,"turns":1},{"damage":0,"floor":24,"turns":1},{"damage":0,"enemies":"Gremlin Leader","floor":25,"turns":1},{"damage":0,"enemies":"Snecko","floor":27,"turns":5},{"damage":0,"enemies":"3 Cultists","floor":28,"turns":1},{"damage":0,"enemies":"Chosen and Byrds","floor":29,"turns":1},{"damage":0,"enemies":"Cultist and Chosen","floor":30,"turns":1},{"damage":0,"enemies":"Sentry and Sphere","floor":31,"turns":3},{"damage":0,"enemies":"Collector","floor":33,"turns":5},{"damage":0,"enemies":"3 Shapes","floor":35,"turns":1},{"damage":0,"enemies":"Flame Bruiser 1 Orb","floor":36,"turns":1},{"damage":0,"enemies":"Sphere and 2 Shapes","floor":37,"turns":1},{"damage":0,"enemies":"Maw","floor":38,"turns":4},{"damage":0,"enemies":"Spire Growth","floor":39,"turns":3},{"damage":0,"enemies":"2 Orb Walkers","floor":40,"turns":1},{"damage":0,"enemies":"Transient","floor":44,"turns":5},{"damage":0,"enemies":"Nemesis","floor":47,"turns":1},{"damage":0,"enemies":"Maw","floor":48,"turns":1},{"damage":0,"enemies":"Donu and Deca","floor":50,"turns":7}],"seed_played":"5511659171679018982","potions_obtained":[{"floor":2,"key":"SkillPotion"},{"floor":4,"key":"AttackPotion"},{"floor":5,"key":"Ancient Potion"},{"floor":12,"key":"Block Potion"},{"floor":13,"key":"Weak Potion"},{"floor":16,"key":"Explosive Potion"},{"floor":20,"key":"PowerPotion"},{"floor":21,"key":"Regen Potion"},{"floor":24,"key":"Energy Potion"},{"floor":30,"key":"Explosive Potion"},{"floor":33,"key":"SkillPotion"}],"is_trial":false,"path_per_floor":["M","M","?","M","M","M","E","?","T","M","E","M","M","?","R","B",null,"M","M","M","M","$","E","?","E","T","M","M","M","M","M","R","B",null,"M","M","M","M","M","E","R","?","T","M","$","?","E","M","R","B"],"character_chosen":"DEFECT","items_purchased":["Bag of Preparation","OrangePellets","Consume","Hologram","Biased Cognition","DollysMirror","Anchor","Pen Nib","Steam"],"campfire_rested":0,"item_purchase_floors":[22,22,22,22,45,45,45,45,45],"current_hp_per_floor":[74,74,56,56,54,61,61,46,46,46,46,56,66,66,66,66,75,75,69,69,69,69,69,69,75,75,75,75,75,75,75,75,75,75,75,75,75,75,75,75,75,65,65,67,67,58,70,72,72,74],"gold":61,"neow_bonus":"","is_prod":false,"is_daily":true,"chose_seed":false,"campfire_upgraded":4,"win_rate":0,"timestamp":1532169062,"path_taken":["M","M","?","M","M","M","E","?","T","M","E","M","M","?","R","BOSS","M","M","M","M","$","E","?","E","T","?","M","M","M","M","R","BOSS","M","M","M","M","M","E","R","?","T","M","$","?","E","M","R","BOSS"],"build_version":"2018-07-19","purchased_purges":1,"victory":true,"max_hp_per_floor":[75,75,75,75,75,75,75,75,75,75,75,75,75,75,75,75,75,75,75,75,75,75,75,75,75,75,75,75,75,75,75,75,75,75,75,75,75,75,75,75,75,75,75,75,75,75,75,75,75,75],"card_choices":[{"not_picked":["Turbo","All For One"],"picked":"Hyperbeam","floor":7},{"not_picked":["Lockon","Doom and Gloom"],"picked":"Reboot","floor":11},{"not_picked":["Multi-Cast","Electrodynamics"],"picked":"Seek","floor":16},{"not_picked":["Conserve Battery","Ball Lightning"],"picked":"Capacitor+1","floor":23},{"not_picked":["Cold Snap+1","Coolheaded"],"picked":"Beam Cell+1","floor":25},{"not_picked":["Ball Lightning+1","Sweeping Beam+1"],"picked":"Stack","floor":40},{"not_picked":["Swift Strike+1","Violence"],"picked":"Mind Blast+1","floor":42},{"not_picked":["Madness","Panacea"],"picked":"Dramatic Entrance+1","floor":42},{"not_picked":["Enlightenment","Metamorphosis"],"picked":"Flash of Steel+1","floor":42},{"not_picked":["Redo+1","Reprogram"],"picked":"Coolheaded+1","floor":47}],"player_experience":303101,"relics_obtained":[{"floor":1,"key":"Smiling Mask"},{"floor":2,"key":"Bottled Lightning"},{"floor":4,"key":"Ginger"},{"floor":5,"key":"Potion Belt"},{"floor":6,"key":"Letter Opener"},{"floor":7,"key":"Bag of Marbles"},{"floor":9,"key":"Symbiotic Virus"},{"floor":10,"key":"MawBank"},{"floor":11,"key":"Ornamental Fan"},{"floor":12,"key":"Art of War"},{"floor":13,"key":"DataDisk"},{"floor":16,"key":"Gremlin Horn"},{"floor":18,"key":"Incense Burner"},{"floor":19,"key":"Matryoshka"},{"floor":20,"key":"Ancient Tea Set"},{"floor":21,"key":"Dream Catcher"},{"floor":23,"key":"Emotion Chip"},{"floor":24,"key":"Red Mask"},{"floor":25,"key":"Oddly Smooth Stone"},{"floor":26,"key":"The Courier"},{"floor":26,"key":"Bottled Tornado"},{"floor":27,"key":"Blood Vial"},{"floor":28,"key":"Whetstone"},{"floor":29,"key":"Tiny Chest"},{"floor":30,"key":"Happy Flower"},{"floor":31,"key":"Prayer Wheel"},{"floor":33,"key":"Sundial"},{"floor":35,"key":"Molten Egg 2"},{"floor":36,"key":"Darkstone Periapt"},{"floor":37,"key":"War Paint"},{"floor":38,"key":"Orichalcum"},{"floor":39,"key":"Du-Vu Doll"},{"floor":40,"key":"Cables"},{"floor":43,"key":"Vajra"},{"floor":43,"key":"Bronze Scales"},{"floor":44,"key":"Shuriken"},{"floor":47,"key":"Blue Candle"},{"floor":48,"key":"Juzu Bracelet"}],"event_choices":[{"event_name":"Scrap Ooze","player_choice":"success","floor":3,"damage_taken":18},{"event_name":"Shining Light","player_choice":"Entered Light","floor":8,"damage_taken":0},{"event_name":"NoteForYourself","player_choice":"Took Card","floor":14,"damage_taken":0},{"event_name":"Masked Bandits","player_choice":"Fought over 185 gold","floor":24,"damage_taken":0},{"event_name":"SensoryStone","player_choice":"Memory 3","floor":42,"damage_taken":0},{"event_name":"Winding Halls","player_choice":"Embrace Madness","floor":46,"damage_taken":0}],"is_beta":true,"boss_relics":[{"not_picked":["Runic Dome","Empty Cage"],"picked":"FrozenCore"},{"not_picked":["Astrolabe","Velvet Choker"],"picked":"Coffee Dripper"}],"items_purged_floors":[22],"is_endless":false,"potions_floor_spawned":[2,4,5,12,13,16,20,21,24,30,33,36,37,38,39],"ascension_level":0}