{"path_per_floor":["M","M","M","?","M","E","R","E","T","R","M","?","M","M","R"],"character_chosen":"DEFECT","items_purchased":[],"gold_per_floor":[20,39,51,51,63,95,95,128,128,128,141,316,329,342,342,342],"floor_reached":16,"campfire_rested":3,"playtime":359,"current_hp_per_floor":[84,74,74,74,52,36,62,30,30,56,53,53,22,8,34,7],"items_purged":[],"gold":342,"score":143,"play_id":"0c531e91-fa2d-4c91-a124-e705a5a82daf","local_time":"20180503210547","is_prod":false,"is_daily":false,"chose_seed":false,"is_ascension_mode":true,"campfire_upgraded":0,"timestamp":1525352747,"path_taken":["M","M","M","?","M","E","R","E","T","R","M","?","?","M","R","BOSS"],"build_version":"2018-05-02","seed_source_timestamp":721922593473749,"purchased_purges":0,"victory":false,"master_deck":["Strike_B","Strike_B","Strike_B","Strike_B","Defend_B","Defend_B","Defend_B","Defend_B","Zap","Dualcast","Capacitor","Doom and Gloom","Chaos","White Noise","Self Repair","Doubt","Coolheaded","Double Energy"],"max_hp_per_floor":[89,89,89,89,89,89,89,89,89,89,89,89,89,89,89,89],"relics":["Cracked Core","Ginger","Centennial Puzzle","Question Card"],"card_choices":[{"not_picked":["Ball Lightning","Double Energy"],"picked":"Capacitor","floor":2},{"not_picked":["Hologram","Impulse"],"picked":"Doom and Gloom","floor":3},{"not_picked":["Stack","FTL"],"picked":"Chaos","floor":6},{"not_picked":["Meteor Strike","Capacitor"],"picked":"White Noise","floor":8},{"not_picked":["White Noise","Beam Cell","Go for the Eyes"],"picked":"Self Repair","floor":11},{"not_picked":["Hologram","Stack","Ball Lightning"],"picked":"Coolheaded","floor":13},{"not_picked":["Doom and Gloom","Impulse","Rebound"],"picked":"Double Energy","floor":14}],"player_experience":934310,"potions_floor_usage":[6,6,14,14],"damage_taken":[{"damage":5,"enemies":"Small Slimes","floor":1,"turns":3},{"damage":10,"enemies":"2 Louse","floor":2,"turns":3},{"damage":0,"enemies":"Cultist","floor":3,"turns":3},{"damage":22,"enemies":"Lots of Slimes","floor":5,"turns":2},{"damage":25,"enemies":"Lagavulin","floor":6,"turns":4},{"damage":32,"enemies":"Gremlin Nob","floor":8,"turns":6},{"damage":3,"enemies":"Blue Slaver","floor":11,"turns":4},{"damage":38,"enemies":"Exordium Thugs","floor":13,"turns":5},{"damage":21,"enemies":"Lots of Slimes","floor":14,"turns":3},{"damage":27,"enemies":"The Guardian","floor":16,"turns":3}],"event_choices":[{"event_name":"The Cleric","player_choice":"Leave","floor":4,"damage_taken":0},{"event_name":"Liars Game","player_choice":"agreed","floor":12,"damage_taken":0}],"boss_relics":[],"potions_floor_spawned":[1,3,11,13],"seed_played":"1129125406139023364","killed_by":"The Guardian","ascension_level":5,"is_trial":false}