{"gold_per_floor":[113,113,126,126,156,168,206,96,177,227,246,275,288,306,306,380,380,399,499,517,172,191,191,222,0,24,59,78,109,128,145,145,223,223,240,240,252,266,276,276,295,295,295,295,305,338,26,26,26,26,26,26,26,56,56],"floor_reached":55,"playtime":2956,"items_purged":["Regret","Strike_G"],"score":1424,"play_id":"78b2e4f8-e31c-4af7-b552-26d6ac547446","local_time":"20190314195705","is_ascension_mode":true,"campfire_choices":[{"data":"Skewer","floor":6.0,"key":"SMITH"},{"floor":15.0,"key":"REST"},{"floor":23.0,"key":"REST"},{"floor":32.0,"key":"REST"},{"floor":40.0,"key":"REST"},{"floor":42.0,"key":"RECALL"},{"data":"Catalyst","floor":44.0,"key":"SMITH"},{"data":"After Image","floor":49.0,"key":"SMITH"},{"data":"Footwork","floor":52.0,"key":"SMITH"}],"neow_cost":"NONE","seed_source_timestamp":1726290779965074,"circlet_count":0,"master_deck":["AscendersBane","Defend_G","Defend_G","Defend_G","Defend_G","Defend_G","Strike_G","Strike_G","Strike_G","Strike_G","Survivor","Neutralize+1","Skewer+1","Acrobatics","Flying Knee","Dash","Sucker Punch","Poisoned Stab","Crippling Poison","Glass Knife","A Thousand Cuts","Catalyst+1","PiercingWail","Footwork+1","Cloak And Dagger","Bouncing Flask","Malaise","Leg Sweep+1","Cloak And Dagger","Poisoned Stab","Envenom","Corpse Explosion","Deflect+1","Backflip","Crippling Poison","Backflip","Dash","Backflip","After Image+1","Catalyst","Doubt"],"special_seed":0,"relics":["Ring of the Snake","Paper Crane","MawBank","Peace Pipe","Mummified Hand","Anchor","Philosopher\u0027s Stone","Ice Cream","Shuriken","Potion Belt","Singing Bowl","Strawberry","Prayer Wheel","Bag of Marbles","Busted Crown","Happy Flower","Du-Vu Doll"],"potions_floor_usage":[55,55,55],"damage_taken":[{"damage":8.0,"enemies":"Jaw Worm","floor":1.0,"turns":7.0},{"damage":2.0,"enemies":"Cultist","floor":3.0,"turns":5.0},{"damage":0.0,"enemies":"2 Louse","floor":5.0,"turns":3.0},{"damage":19.0,"enemies":"Lagavulin","floor":7.0,"turns":8.0},{"damage":0.0,"enemies":"Large Slime","floor":11.0,"turns":6.0},{"damage":18.0,"enemies":"Gremlin Nob","floor":12.0,"turns":5.0},{"damage":0.0,"enemies":"Exordium Wildlife","floor":13.0,"turns":4.0},{"damage":1.0,"enemies":"Looter","floor":14.0,"turns":2.0},{"damage":14.0,"enemies":"Hexaghost","floor":16.0,"turns":15.0},{"damage":2.0,"enemies":"Spheric Guardian","floor":18.0,"turns":5.0},{"damage":12.0,"enemies":"Colosseum Slavers","floor":19.0,"turns":5.0},{"damage":7.0,"enemies":"Colosseum Nobs","floor":19.0,"turns":6.0},{"damage":8.0,"enemies":"2 Thieves","floor":20.0,"turns":4.0},{"damage":11.0,"enemies":"3 Cultists","floor":22.0,"turns":6.0},{"damage":24.0,"enemies":"Slavers","floor":24.0,"turns":7.0},{"damage":8.0,"enemies":"Book of Stabbing","floor":27.0,"turns":6.0},{"damage":1.0,"enemies":"Sentry and Sphere","floor":28.0,"turns":5.0},{"damage":0.0,"enemies":"Gremlin Leader","floor":29.0,"turns":7.0},{"damage":0.0,"enemies":"Snake Plant","floor":30.0,"turns":5.0},{"damage":0.0,"enemies":"Centurion and Healer","floor":31.0,"turns":8.0},{"damage":18.0,"enemies":"Champ","floor":33.0,"turns":13.0},{"damage":2.0,"enemies":"3 Shapes","floor":35.0,"turns":4.0},{"damage":4.0,"enemies":"Orb Walker","floor":37.0,"turns":5.0},{"damage":4.0,"enemies":"4 Shapes","floor":38.0,"turns":4.0},{"damage":26.0,"enemies":"Transient","floor":39.0,"turns":5.0},{"damage":12.0,"enemies":"Jaw Worm Horde","floor":41.0,"turns":5.0},{"damage":11.0,"enemies":"Maw","floor":45.0,"turns":7.0},{"damage":18.0,"enemies":"Nemesis","floor":46.0,"turns":9.0},{"damage":18.0,"enemies":"Awakened One","floor":50.0,"turns":16.0},{"damage":21.0,"enemies":"Shield and Spear","floor":54.0,"turns":8.0},{"damage":76,"enemies":"The Heart","floor":55,"turns":9}],"seed_played":"7820460658661816582","potions_obtained":[{"floor":1.0,"key":"GamblersBrew"},{"floor":5.0,"key":"SkillPotion"},{"floor":16.0,"key":"Fire Potion"},{"floor":19.0,"key":"Poison Potion"},{"floor":28.0,"key":"SkillPotion"},{"floor":30.0,"key":"EssenceOfSteel"},{"floor":37.0,"key":"GhostInAJar"},{"floor":41.0,"key":"Energy Potion"},{"floor":45.0,"key":"LiquidBronze"},{"floor":46.0,"key":"Ancient Potion"},{"floor":54.0,"key":"SpeedPotion"}],"is_trial":false,"path_per_floor":["M","?","M","T","M","R","E","$","T","?","M","E","M","M","R","B",null,"M","?","M","$","M","R","E","?","T","E","M","E","M","M","R","B",null,"M","$","M","M","M","R","M","R","T","R","M","E","$","?","R","B",null,"R","$","E","B"],"character_chosen":"THE_SILENT","items_purchased":["Sucker Punch","Cloak And Dagger","Regen Potion","Potion Belt","After Image","Catalyst","GhostInAJar"],"campfire_rested":4,"item_purchase_floors":[8,21,21,21,47,47,47],"current_hp_per_floor":[51,51,49,49,49,49,30,30,30,24,24,6,6,5,24,10,52,50,31,23,23,27,46,22,22,29,21,22,22,26,28,52,34,69,69,69,67,63,41,67,59,59,59,59,48,32,32,95,95,77,91,91,91,72,0],"gold":56,"neow_bonus":"UPGRADE_CARD","is_prod":false,"is_daily":false,"chose_seed":false,"campfire_upgraded":4,"win_rate":0,"timestamp":1552607825,"path_taken":["M","?","M","?","M","R","E","$","T","?","M","E","M","M","R","BOSS","M","?","M","$","M","R","E","?","T","E","M","E","M","M","R","BOSS","M","$","M","M","M","R","M","R","T","R","M","E","$","?","R","BOSS","R","$","E","BOSS"],"build_version":"2019-02-06","purchased_purges":2,"victory":false,"max_hp_per_floor":[66,66,66,66,66,66,66,66,66,66,66,66,66,66,66,66,66,66,66,66,66,66,66,66,66,73,73,75,75,79,81,81,81,81,83,83,85,85,89,89,93,93,93,93,93,95,95,95,95,95,95,95,95,97,97],"card_choices":[{"not_picked":["Finisher","Calculated Gamble"],"picked":"Skewer","floor":1.0},{"not_picked":["Underhanded Strike","Setup"],"picked":"Acrobatics","floor":3.0},{"not_picked":["Underhanded Strike","Reflex"],"picked":"Flying Knee","floor":5.0},{"not_picked":["Blade Dance","Poisoned Stab"],"picked":"Dash","floor":7.0},{"not_picked":["Sucker Punch","Expertise"],"picked":"Poisoned Stab","floor":11.0},{"not_picked":["Dagger Throw","Outmaneuver"],"picked":"Crippling Poison","floor":12.0},{"not_picked":["Dagger Throw","Acrobatics","Slice"],"picked":"SKIP","floor":13.0},{"not_picked":["Quick Slash","Dagger Spray"],"picked":"Glass Knife","floor":14.0},{"not_picked":["Burst","Envenom"],"picked":"A Thousand Cuts","floor":16.0},{"not_picked":["Acrobatics","Prepared"],"picked":"Catalyst","floor":18.0},{"not_picked":["Underhanded Strike","Caltrops+1"],"picked":"PiercingWail","floor":19.0},{"not_picked":["Eviscerate+1","Flying Knee"],"picked":"Footwork","floor":20.0},{"not_picked":["Blade Dance","Predator"],"picked":"Bouncing Flask","floor":22.0},{"not_picked":["Deflect+1","Blade Dance"],"picked":"Malaise","floor":24.0},{"not_picked":["Bane","Riddle With Holes"],"picked":"Leg Sweep+1","floor":27.0},{"not_picked":["Prepared","Eviscerate+1","Sucker Punch"],"picked":"Singing Bowl","floor":28.0},{"not_picked":["Die Die Die","Dash"],"picked":"Cloak And Dagger","floor":28.0},{"not_picked":["Finisher","Quick Slash"],"picked":"Poisoned Stab","floor":29.0},{"not_picked":["Underhanded Strike","Distraction","Bane"],"picked":"Singing Bowl","floor":30.0},{"not_picked":["Masterful Stab","Backstab","Poisoned Stab"],"picked":"Singing Bowl","floor":30.0},{"not_picked":["Dagger Throw","Bane+1","Underhanded Strike"],"picked":"Singing Bowl","floor":31.0},{"not_picked":["Outmaneuver+1","Acrobatics"],"picked":"Envenom","floor":31.0},{"not_picked":["Night Terror","Malaise"],"picked":"Corpse Explosion","floor":33.0},{"not_picked":["Riddle With Holes"],"picked":"Singing Bowl","floor":35.0},{"not_picked":[],"picked":"Deflect+1","floor":35.0},{"not_picked":[],"picked":"Backflip","floor":37.0},{"not_picked":["Deflect"],"picked":"Singing Bowl","floor":37.0},{"not_picked":[],"picked":"Crippling Poison","floor":38.0},{"not_picked":[],"picked":"Backflip","floor":38.0},{"not_picked":["Masterful Stab"],"picked":"Singing Bowl","floor":39.0},{"not_picked":["Dodge and Roll"],"picked":"Singing Bowl","floor":39.0},{"not_picked":["Deflect"],"picked":"Singing Bowl","floor":41.0},{"not_picked":["All Out Attack"],"picked":"Singing Bowl","floor":41.0},{"not_picked":[],"picked":"Dash","floor":45.0},{"not_picked":[],"picked":"Backflip","floor":45.0},{"not_picked":["Deflect+1"],"picked":"Singing Bowl","floor":46.0},{"not_picked":["Deflect"],"picked":"Singing Bowl","floor":54.0}],"player_experience":818481,"relics_obtained":[{"floor":4.0,"key":"MawBank"},{"floor":7.0,"key":"Peace Pipe"},{"floor":9.0,"key":"Mummified Hand"},{"floor":12.0,"key":"Anchor"},{"floor":19.0,"key":"Ice Cream"},{"floor":19.0,"key":"Shuriken"},{"floor":24.0,"key":"Singing Bowl"},{"floor":26.0,"key":"Strawberry"},{"floor":27.0,"key":"Prayer Wheel"},{"floor":29.0,"key":"Bag of Marbles"},{"floor":46.0,"key":"Happy Flower"},{"floor":54.0,"key":"Du-Vu Doll"}],"event_choices":[{"damage_healed":0.0,"max_hp_gain":0.0,"max_hp_loss":0.0,"gold_gain":0.0,"event_name":"Big Fish","player_choice":"Box","floor":2.0,"gold_loss":0.0,"damage_taken":0.0,"relics_obtained":["Paper Crane"],"cards_obtained":["Regret"]},{"damage_healed":0.0,"max_hp_gain":0.0,"max_hp_loss":0.0,"gold_gain":50.0,"event_name":"FaceTrader","player_choice":"Touch","floor":10.0,"gold_loss":0.0,"damage_taken":6.0},{"damage_healed":0.0,"max_hp_gain":0.0,"max_hp_loss":0.0,"gold_gain":0.0,"event_name":"Colosseum","player_choice":"Fight","floor":19.0,"gold_loss":0.0,"damage_taken":0.0},{"damage_healed":0.0,"max_hp_gain":0.0,"max_hp_loss":0.0,"gold_gain":0.0,"event_name":"Colosseum","player_choice":"Fought Nobs","floor":19.0,"gold_loss":0.0,"damage_taken":0.0},{"damage_healed":0.0,"max_hp_gain":0.0,"max_hp_loss":0.0,"gold_gain":0.0,"event_name":"Masked Bandits","player_choice":"Paid Fearfully","floor":25.0,"gold_loss":222.0,"damage_taken":0.0},{"damage_healed":63.0,"max_hp_gain":0.0,"max_hp_loss":0.0,"gold_gain":0.0,"event_name":"MindBloom","player_choice":"Heal","floor":48.0,"gold_loss":0.0,"damage_taken":0.0,"cards_obtained":["Doubt"]}],"is_beta":true,"boss_relics":[{"not_picked":["Black Star","Empty Cage"],"picked":"Philosopher\u0027s Stone"},{"not_picked":["Ring of the Serpent","WristBlade"],"picked":"Busted Crown"}],"items_purged_floors":[8,21],"is_endless":false,"potions_floor_spawned":[1,5,11,16,18,19,19,28,30,37,41,45,46,54],"killed_by":"The Heart","ascension_level":15}