{"gold_per_floor":[115,133,133,149,149,180,212,239,239,239,251,251,16,33,33,136,136,156,175,192,14,14,27,42,42,42,42,54,54,81,101,101,202,202,216,216,216,216],"floor_reached":38,"playtime":3841,"items_purged":[],"score":456,"play_id":"59ee20b7-331e-44be-911c-bf30f69f7b66","local_time":"20190123001453","daily_mods":["Heirloom","Time Dilation","DeadlyEvents"],"is_ascension_mode":false,"campfire_choices":[{"floor":10,"key":"REST"},{"data":"Echo Form","floor":12,"key":"SMITH"},{"data":"Apotheosis","floor":15,"key":"SMITH"},{"data":"Well Laid Plans","floor":25,"key":"SMITH"},{"floor":32,"key":"REST"}],"neow_cost":"","seed_source_timestamp":0,"circlet_count":0,"master_deck":["Wraith Form v2","Echo Form+1","Defend_G","Defend_G","Defend_G","Defend_G","Defend_G","Strike_G","Strike_G","Strike_G","Strike_G","Survivor","Neutralize","Caltrops","Flying Knee","Cloak And Dagger","Strike_G","Deadly Poison","Cloak And Dagger","Apotheosis+1","Deflect","Infinite Blades","Prepared","Die Die Die","Escape Plan+1","Noxious Fumes+1","Well Laid Plans+1","Dodge and Roll","Outmaneuver","Writhe","Outmaneuver+1","Dodge and Roll+1","Sucker Punch+1","Terror","PiercingWail","Phantasmal Killer","Dagger Spray+1","Finesse"],"relics":["Ring of the Snake","Ginger","Bag of Preparation","Blood Vial","Potion Belt","The Courier","Philosopher\u0027s Stone","Lantern","Ancient Tea Set","Molten Egg 2","Dodecahedron","Black Star","Darkstone Periapt"],"potions_floor_usage":[6,6,18,28,30,33,33,38],"damage_taken":[{"damage":8,"enemies":"Jaw Worm","floor":1,"turns":4},{"damage":0,"enemies":"Small Slimes","floor":2,"turns":4},{"damage":2,"enemies":"2 Louse","floor":4,"turns":3},{"damage":12,"enemies":"Lagavulin","floor":6,"turns":7},{"damage":10,"enemies":"Gremlin Nob","floor":7,"turns":5},{"damage":12,"enemies":"Blue Slaver","floor":11,"turns":4},{"damage":2,"enemies":"3 Louse","floor":14,"turns":4},{"damage":18,"enemies":"The Guardian","floor":16,"turns":10},{"damage":5,"enemies":"Spheric Guardian","floor":18,"turns":5},{"damage":0,"enemies":"Chosen","floor":19,"turns":4},{"damage":6,"enemies":"Snake Plant","floor":20,"turns":3},{"damage":0,"enemies":"Snecko","floor":23,"turns":6},{"damage":0,"enemies":"Cultist and Chosen","floor":24,"turns":4},{"damage":9,"enemies":"Centurion and Healer","floor":28,"turns":5},{"damage":0,"enemies":"Gremlin Leader","floor":30,"turns":6},{"damage":18,"enemies":"3 Cultists","floor":31,"turns":6},{"damage":15,"enemies":"Champ","floor":33,"turns":10},{"damage":0,"enemies":"Orb Walker","floor":35,"turns":3},{"damage":70,"enemies":"Giant Head","floor":38,"turns":9}],"seed_played":"5038366832251206196","potions_obtained":[{"floor":2,"key":"Block Potion"},{"floor":4,"key":"Fire Potion"},{"floor":11,"key":"Swift Potion"},{"floor":16,"key":"GhostInAJar"},{"floor":20,"key":"GhostInAJar"},{"floor":24,"key":"Weak Potion"},{"floor":31,"key":"SpeedPotion"},{"floor":33,"key":"SkillPotion"}],"is_trial":true,"path_per_floor":["M","M","?","M","?","E","E","T","T","R","M","R","$","M","R","B",null,"M","M","M","$","?","M","M","R","T","$","M","?","E","M","R","B",null,"M","?","?","E"],"character_chosen":"THE_SILENT","items_purchased":["Apotheosis","Deflect","Infinite Blades","Lantern","Dodge and Roll","Outmaneuver"],"campfire_rested":2,"item_purchase_floors":[13,13,13,21,21,21],"current_hp_per_floor":[62,62,55,53,53,41,31,31,31,52,42,42,42,42,42,26,70,65,67,63,63,63,65,67,67,67,67,60,60,62,46,67,54,70,70,70,70,0],"gold":216,"neow_bonus":"","is_prod":false,"is_daily":false,"chose_seed":false,"campfire_upgraded":3,"win_rate":0.0,"timestamp":1548198893,"path_taken":["M","M","?","M","?","E","?","?","T","R","M","R","$","M","R","BOSS","M","M","M","$","?","M","M","R","T","$","M","?","E","M","R","BOSS","M","?","?","?"],"build_version":"2019-01-17v2","purchased_purges":0,"victory":false,"max_hp_per_floor":[70,70,70,70,70,70,70,70,70,70,70,70,70,70,70,70,70,70,70,70,70,70,70,70,70,70,70,70,70,70,70,70,70,70,70,70,70,70],"card_choices":[{"not_picked":["Backflip","Heel Hook"],"picked":"Caltrops","floor":1},{"not_picked":["Outmaneuver","Quick Slash"],"picked":"Flying Knee","floor":2},{"not_picked":["Acrobatics","Riddle With Holes"],"picked":"Cloak And Dagger","floor":4},{"not_picked":["Poisoned Stab","Night Terror"],"picked":"Deadly Poison","floor":6},{"not_picked":["Eviscerate","Sucker Punch"],"picked":"Blade Dance","floor":7},{"not_picked":["Eviscerate","Catalyst"],"picked":"Cloak And Dagger","floor":11},{"not_picked":["Heel Hook","Slice"],"picked":"Prepared","floor":14},{"not_picked":["Tools of the Trade","Venomology"],"picked":"Die Die Die","floor":16},{"not_picked":["Outmaneuver","Bouncing Flask"],"picked":"Escape Plan+1","floor":18},{"not_picked":["Bouncing Flask","Riddle With Holes+1"],"picked":"Noxious Fumes+1","floor":19},{"not_picked":["Underhanded Strike","Deadly Poison"],"picked":"Well Laid Plans","floor":20},{"not_picked":["Catalyst","Expertise+1"],"picked":"Outmaneuver+1","floor":23},{"not_picked":["Flying Knee","Leg Sweep+1"],"picked":"Dodge and Roll+1","floor":24},{"not_picked":["Bouncing Flask","Eviscerate+1"],"picked":"Sucker Punch+1","floor":28},{"not_picked":["Dagger Throw+1","Setup"],"picked":"Terror","floor":30},{"not_picked":["Tools of the Trade","Sucker Punch+1"],"picked":"PiercingWail","floor":31},{"not_picked":["Adrenaline","Glass Knife+1"],"picked":"Phantasmal Killer","floor":33},{"not_picked":["Bane+1","Masterful Stab+1"],"picked":"Dagger Spray+1","floor":35},{"not_picked":["Jack Of All Trades","Blind"],"picked":"Finesse","floor":36}],"player_experience":23547,"relics_obtained":[{"floor":6,"key":"Bag of Preparation"},{"floor":7,"key":"Blood Vial"},{"floor":8,"key":"Potion Belt"},{"floor":9,"key":"The Courier"},{"floor":26,"key":"Molten Egg 2"},{"floor":30,"key":"Dodecahedron"}],"event_choices":[{"cards_removed":["Demon Form"],"damage_healed":0,"gold_gain":0,"player_choice":"Card Removal","damage_taken":7,"max_hp_gain":0,"max_hp_loss":0,"event_name":"Golden Wing","floor":3,"gold_loss":0},{"cards_removed":["Strike_G"],"damage_healed":0,"gold_gain":0,"player_choice":"Took Card","damage_taken":0,"max_hp_gain":0,"max_hp_loss":0,"event_name":"NoteForYourself","floor":5,"gold_loss":0,"cards_obtained":["Strike_G"]},{"damage_healed":0,"gold_gain":0,"player_choice":"Opened","damage_taken":0,"relics_obtained":["Ancient Tea Set"],"max_hp_gain":0,"max_hp_loss":0,"event_name":"The Mausoleum","floor":22,"gold_loss":0,"cards_obtained":["Writhe"]},{"damage_healed":0,"gold_gain":0,"player_choice":"Ignored","damage_taken":0,"max_hp_gain":0,"max_hp_loss":0,"event_name":"Beggar","floor":29,"gold_loss":0},{"damage_healed":0,"gold_gain":0,"player_choice":"Memory 1","damage_taken":0,"max_hp_gain":0,"max_hp_loss":0,"event_name":"SensoryStone","floor":36,"gold_loss":0},{"cards_removed":["Blade Dance"],"damage_healed":0,"gold_gain":0,"player_choice":"Gave Card","damage_taken":0,"relics_obtained":["Darkstone Periapt"],"max_hp_gain":0,"max_hp_loss":0,"event_name":"WeMeetAgain","floor":37,"gold_loss":0}],"is_beta":false,"boss_relics":[{"not_picked":["Runic Pyramid","Coffee Dripper"],"picked":"Philosopher\u0027s Stone"},{"not_picked":["Lizard Tail","Velvet Choker"],"picked":"Black Star"}],"items_purged_floors":[],"is_endless":false,"potions_floor_spawned":[2,4,11,16,20,24,31,33],"killed_by":"Giant Head","ascension_level":0}