{"gold_per_floor":[119,44,94,113,188,188,214,214,214,214,229,246,246,278,278,350,350,366,41,58,58,58,58,58,77,128,140],"floor_reached":27,"playtime":1515,"items_purged":["Strike_R","Strike_R"],"score":427,"play_id":"cb89bff5-4ecf-4bbb-a4ea-c1f00f62e8df","local_time":"20190421181141","is_ascension_mode":true,"campfire_choices":[{"data":"Bash","floor":6,"key":"SMITH"},{"data":"Metallicize","floor":8,"key":"SMITH"},{"data":"Iron Wave","floor":10,"key":"SMITH"},{"data":"Inflame","floor":15,"key":"SMITH"},{"data":"Armaments","floor":23,"key":"SMITH"},{"data":"Disarm","floor":24,"key":"SMITH"}],"neow_cost":"NONE","seed_source_timestamp":767170317443900,"circlet_count":0,"master_deck":["AscendersBane","Strike_R","Defend_R","Defend_R","Defend_R","Defend_R","Bash+1","Iron Wave+1","Metallicize+1","Inflame+1","Shrug It Off","Reaper","Armaments+1","Disarm+1","Searing Blow","Spot Weakness"],"relics":["Burning Blood","NeowsBlessing","Ancient Tea Set","Bottled Tornado","WingedGreaves","Runic Dome","Juzu Bracelet","MawBank"],"potions_floor_usage":[16,20,27],"damage_taken":[{"damage":0,"enemies":"Cultist","floor":1,"turns":1},{"damage":0,"enemies":"Jaw Worm","floor":4,"turns":1},{"damage":0,"enemies":"3 Sentries","floor":7,"turns":1},{"damage":0,"enemies":"Small Slimes","floor":11,"turns":4},{"damage":2,"enemies":"Red Slaver","floor":12,"turns":5},{"damage":13,"enemies":"Lagavulin","floor":14,"turns":7},{"damage":50,"enemies":"Hexaghost","floor":16,"turns":12},{"damage":23,"enemies":"Spheric Guardian","floor":18,"turns":7},{"damage":26,"enemies":"3 Byrds","floor":20,"turns":7},{"damage":6,"enemies":"Snake Plant","floor":25,"turns":6},{"damage":62,"enemies":"Chosen and Byrds","floor":27,"turns":12}],"seed_played":"-3833043015101084141","potions_obtained":[{"floor":4,"key":"LiquidBronze"},{"floor":7,"key":"Ancient Potion"},{"floor":14,"key":"Explosive Potion"},{"floor":25,"key":"GamblersBrew"}],"is_trial":false,"path_per_floor":["M","$","?","M","?","R","E","R","T","R","M","M","?","E","R","B",null,"M","$","M","?","?","R","R","M","T","M"],"character_chosen":"IRONCLAD","items_purchased":["Juzu Bracelet","Disarm"],"campfire_rested":0,"item_purchase_floors":[19,19],"current_hp_per_floor":[74,74,74,75,64,64,70,70,70,70,75,75,68,61,61,17,61,44,44,33,33,33,33,33,45,45,0],"gold":140,"neow_bonus":"THREE_ENEMY_KILL","is_prod":false,"is_daily":false,"chose_seed":false,"campfire_upgraded":6,"win_rate":0,"timestamp":1555863101,"path_taken":["M","$","?","?","?","R","E","R","T","R","M","M","?","E","R","BOSS","M","$","M","?","?","R","R","M","T","M"],"build_version":"2019-01-23","purchased_purges":2,"victory":false,"max_hp_per_floor":[75,75,75,75,75,75,75,75,75,75,75,75,75,75,75,75,75,75,75,75,75,75,75,75,75,75,75],"card_choices":[{"not_picked":["Flex","Wild Strike"],"picked":"Iron Wave","floor":1},{"not_picked":["Intimidate","Power Through","Warcry"],"picked":"SKIP","floor":4},{"not_picked":["Blood for Blood","Armaments"],"picked":"Metallicize","floor":7},{"not_picked":["Warcry","Burning Pact","Body Slam"],"picked":"SKIP","floor":11},{"not_picked":["Anger","Fire Breathing"],"picked":"Inflame","floor":12},{"not_picked":["Flex","Uppercut"],"picked":"Shrug It Off","floor":14},{"not_picked":["Bludgeon","Fiend Fire"],"picked":"Reaper","floor":16},{"not_picked":["Flex","Pommel Strike"],"picked":"Armaments","floor":18},{"not_picked":["Iron Wave","Warcry+1","Wild Strike"],"picked":"SKIP","floor":20},{"not_picked":["Headbutt","Infernal Blade"],"picked":"Spot Weakness","floor":25}],"player_experience":259847,"relics_obtained":[{"floor":7,"key":"Ancient Tea Set"},{"floor":9,"key":"Bottled Tornado"},{"floor":14,"key":"WingedGreaves"},{"floor":26,"key":"MawBank"}],"event_choices":[{"damage_healed":0,"gold_gain":50,"player_choice":"Pray","damage_taken":0,"max_hp_gain":0,"max_hp_loss":0,"event_name":"Golden Shrine","floor":3,"gold_loss":0},{"damage_healed":0,"gold_gain":75,"player_choice":"Gather Gold","damage_taken":11,"max_hp_gain":0,"max_hp_loss":0,"event_name":"World of Goop","floor":5,"gold_loss":0},{"cards_removed":["Strike_R"],"damage_healed":0,"gold_gain":0,"player_choice":"Card Removal","damage_taken":7,"max_hp_gain":0,"max_hp_loss":0,"event_name":"Golden Wing","floor":13,"gold_loss":0},{"damage_healed":0,"gold_gain":0,"player_choice":"Ignored","damage_taken":0,"max_hp_gain":0,"max_hp_loss":0,"event_name":"Vampires","floor":21,"gold_loss":0},{"damage_healed":0,"gold_gain":0,"cards_transformed":["Strike_R"],"player_choice":"Transformed","damage_taken":0,"max_hp_gain":0,"max_hp_loss":0,"event_name":"Transmorgrifier","floor":22,"gold_loss":0,"cards_obtained":["Searing Blow"]}],"is_beta":false,"boss_relics":[{"not_picked":["Astrolabe","Eternal Feather"],"picked":"Runic Dome"}],"items_purged_floors":[2,19],"is_endless":false,"potions_floor_spawned":[4,7,14,25],"killed_by":"Chosen and Byrds","ascension_level":15}