{"gold_per_floor":[115,115,134,134,158,187,187,44,44,63,63,77,87,97,97,175,175,192,192,291,291,291,291,309,339,339,339,370,19,19,19,19,94,94,104,123,137,137,153,153,186,186,186,186,126,179,199,199,199,199],"floor_reached":51,"playtime":2429,"items_purged":[],"score":1351,"play_id":"c2bcd161-97b2-40c4-ae0b-322be5cc494f","local_time":"20190421164113","is_ascension_mode":true,"campfire_choices":[{"data":"Bash","floor":7,"key":"SMITH"},{"data":"Disarm","floor":11,"key":"SMITH"},{"data":"Pommel Strike","floor":15,"key":"SMITH"},{"data":"Shrug It Off","floor":23,"key":"SMITH"},{"floor":27,"key":"DIG"},{"floor":30,"key":"DIG"},{"floor":32,"key":"DIG"},{"floor":40,"key":"DIG"},{"floor":42,"key":"DIG"},{"floor":49,"key":"REST"}],"neow_cost":"NONE","seed_source_timestamp":760820028174100,"circlet_count":0,"master_deck":["AscendersBane","Strike_R+1","Strike_R+1","Defend_R","Defend_R","Defend_R","Defend_R","Bash+1","Whirlwind+1","Pommel Strike+1","Disarm+1","Heavy Blade","Impervious","Shrug It Off+1","Necronomicurse","Body Slam","Double Tap","Limit Break","Body Slam+1","Metallicize","True Grit+1","Spot Weakness","Iron Wave","Flash of Steel","Flash of Steel","Dark Shackles"],"relics":["Burning Blood","NeowsBlessing","Charon\u0027s Ashes","Ancient Tea Set","Mercury Hourglass","Art of War","Du-Vu Doll","Snecko Eye","MutagenicStrength","Torii","Necronomicon","Shovel","Self Forming Clay","Whetstone","Bag of Preparation","Medical Kit","Juzu Bracelet","Kunai","Philosopher\u0027s Stone","CultistMask","Matryoshka","Unceasing Top","Dodecahedron","Potion Belt","Darkstone Periapt","Girya"],"potions_floor_usage":[16,33,33,37,41,41,50,50],"damage_taken":[{"damage":0,"enemies":"Small Slimes","floor":1,"turns":1},{"damage":0,"enemies":"Jaw Worm","floor":3,"turns":1},{"damage":0,"enemies":"Lagavulin","floor":6,"turns":1},{"damage":1,"enemies":"Cultist","floor":10,"turns":3},{"damage":0,"enemies":"Exordium Wildlife","floor":12,"turns":1},{"damage":0,"enemies":"3 Louse","floor":13,"turns":1},{"damage":13,"enemies":"Blue Slaver","floor":14,"turns":3},{"damage":19,"enemies":"The Guardian","floor":16,"turns":10},{"damage":1,"enemies":"Chosen","floor":18,"turns":3},{"damage":0,"enemies":"Shell Parasite","floor":24,"turns":2},{"damage":0,"enemies":"Gremlin Leader","floor":25,"turns":3},{"damage":21,"enemies":"Book of Stabbing","floor":28,"turns":2},{"damage":37,"enemies":"Champ","floor":33,"turns":6},{"damage":14,"enemies":"3 Darklings","floor":35,"turns":2},{"damage":0,"enemies":"Orb Walker","floor":36,"turns":1},{"damage":2,"enemies":"Sphere and 2 Shapes","floor":37,"turns":1},{"damage":0,"enemies":"Writhing Mass","floor":39,"turns":2},{"damage":24,"enemies":"Giant Head","floor":41,"turns":6},{"damage":0,"enemies":"2 Orb Walkers","floor":46,"turns":2},{"damage":10,"enemies":"Jaw Worm Horde","floor":47,"turns":3},{"damage":48,"enemies":"Awakened One","floor":50,"turns":12}],"seed_played":"3415930645035334120","potions_obtained":[{"floor":1,"key":"SkillPotion"},{"floor":3,"key":"AttackPotion"},{"floor":14,"key":"FearPotion"},{"floor":16,"key":"FairyPotion"},{"floor":28,"key":"Energy Potion"},{"floor":33,"key":"Ancient Potion"},{"floor":35,"key":"Block Potion"},{"floor":37,"key":"SteroidPotion"},{"floor":46,"key":"FearPotion"},{"floor":47,"key":"Ancient Potion"}],"is_trial":false,"path_per_floor":["M","?","M","?","T","E","R","$","T","M","R","M","M","M","R","B",null,"M","?","?","T","?","R","M","E","T","R","E","$","R","?","R","B",null,"M","M","M","?","M","R","E","R","T","?","?","?","M","?","R","B",null],"character_chosen":"IRONCLAD","items_purchased":["Art of War","Medical Kit","Double Tap"],"campfire_rested":1,"item_purchase_floors":[8,29,29],"current_hp_per_floor":[74,62,68,68,68,74,74,74,74,75,75,75,75,68,68,55,70,75,75,75,75,59,59,65,71,71,71,56,56,56,56,56,25,63,55,61,65,65,71,71,53,53,53,53,53,59,55,45,67,25],"gold":199,"neow_bonus":"THREE_ENEMY_KILL","is_prod":false,"is_daily":false,"chose_seed":false,"campfire_upgraded":4,"win_rate":0,"timestamp":1555857673,"path_taken":["M","?","M","?","?","E","R","$","T","M","R","M","M","?","R","BOSS","M","?","?","?","?","R","M","E","T","R","E","$","R","?","R","BOSS","M","M","M","?","M","R","E","R","T","?","?","?","M","?","R","BOSS"],"build_version":"2019-01-23","purchased_purges":0,"victory":true,"max_hp_per_floor":[75,75,75,75,75,75,75,75,75,75,75,75,75,75,75,75,75,75,75,75,75,75,75,75,75,75,75,75,75,75,75,75,75,75,75,75,75,75,75,75,75,75,75,75,75,75,75,75,75,75],"card_choices":[{"not_picked":["Hemokinesis","Pommel Strike"],"picked":"Whirlwind","floor":1},{"not_picked":["Rage","Anger","Wild Strike"],"picked":"SKIP","floor":3},{"not_picked":["Twin Strike","Bludgeon"],"picked":"Pommel Strike","floor":6},{"not_picked":["Second Wind","Sword Boomerang"],"picked":"Disarm","floor":10},{"not_picked":["Fire Breathing","Clash","Second Wind"],"picked":"SKIP","floor":12},{"not_picked":["Dual Wield","Iron Wave"],"picked":"Heavy Blade","floor":13},{"not_picked":["Hemokinesis","Wild Strike","Second Wind"],"picked":"SKIP","floor":14},{"not_picked":["Juggernaut","Barricade"],"picked":"Impervious","floor":16},{"not_picked":["Evolve","Dual Wield"],"picked":"Shrug It Off","floor":18},{"not_picked":["Thunderclap","Intimidate","Twin Strike"],"picked":"SKIP","floor":24},{"not_picked":["Rage","Sever Soul"],"picked":"Inflame","floor":25},{"not_picked":["Reckless Charge","Anger"],"picked":"Body Slam","floor":28},{"not_picked":["Brutality","Dark Embrace"],"picked":"Limit Break","floor":33},{"not_picked":["Wild Strike","Whirlwind"],"picked":"Body Slam+1","floor":35},{"not_picked":["Rampage","Perfected Strike"],"picked":"Metallicize","floor":36},{"not_picked":["Clash","Warcry"],"picked":"True Grit+1","floor":37},{"not_picked":["Perfected Strike","Dark Embrace","Havoc"],"picked":"SKIP","floor":39},{"not_picked":["Pommel Strike","Whirlwind","Fiend Fire"],"picked":"SKIP","floor":41},{"not_picked":["Rupture","Sword Boomerang","Flex+1"],"picked":"SKIP","floor":47},{"not_picked":["Good Instincts","Discovery"],"picked":"Flash of Steel","floor":48},{"not_picked":["Purity","Good Instincts"],"picked":"Flash of Steel","floor":48},{"not_picked":["Dramatic Entrance","Mind Blast"],"picked":"Dark Shackles","floor":48}],"player_experience":253573,"relics_obtained":[{"floor":5,"key":"Ancient Tea Set"},{"floor":6,"key":"Mercury Hourglass"},{"floor":9,"key":"Du-Vu Doll"},{"floor":21,"key":"Torii"},{"floor":22,"key":"Necronomicon"},{"floor":25,"key":"Shovel"},{"floor":26,"key":"Self Forming Clay"},{"floor":27,"key":"Whetstone"},{"floor":28,"key":"Bag of Preparation"},{"floor":30,"key":"Juzu Bracelet"},{"floor":32,"key":"Kunai"},{"floor":40,"key":"Matryoshka"},{"floor":41,"key":"Unceasing Top"},{"floor":42,"key":"Dodecahedron"},{"floor":43,"key":"Potion Belt"},{"floor":43,"key":"Darkstone Periapt"},{"floor":46,"key":"Girya"}],"event_choices":[{"damage_healed":0,"gold_gain":0,"player_choice":"Success","damage_taken":12,"relics_obtained":["Charon\u0027s Ashes"],"max_hp_gain":0,"max_hp_loss":0,"event_name":"Scrap Ooze","floor":2,"gold_loss":0},{"damage_healed":0,"gold_gain":0,"player_choice":"Grow","damage_taken":0,"max_hp_gain":0,"max_hp_loss":0,"event_name":"Living Wall","floor":4,"gold_loss":0,"cards_upgraded":["Whirlwind"]},{"damage_healed":0,"gold_gain":0,"player_choice":"Inject Mutagens","damage_taken":0,"relics_obtained":["MutagenicStrength"],"max_hp_gain":0,"max_hp_loss":0,"event_name":"Drug Dealer","floor":19,"gold_loss":0},{"damage_healed":0,"gold_gain":99,"player_choice":"Stole From Cult","damage_taken":0,"max_hp_gain":0,"max_hp_loss":0,"event_name":"Nest","floor":20,"gold_loss":0},{"damage_healed":0,"gold_gain":0,"player_choice":"Obtained Book","damage_taken":16,"max_hp_gain":0,"max_hp_loss":0,"event_name":"Cursed Tome","floor":22,"gold_loss":0},{"cards_removed":["Strike_R"],"damage_healed":0,"gold_gain":0,"player_choice":"Purged","damage_taken":0,"max_hp_gain":0,"max_hp_loss":0,"event_name":"Purifier","floor":31,"gold_loss":0},{"damage_healed":0,"gold_gain":0,"player_choice":"Trade","damage_taken":0,"relics_obtained":["CultistMask"],"max_hp_gain":0,"max_hp_loss":0,"event_name":"FaceTrader","floor":38,"gold_loss":0},{"cards_removed":["Inflame"],"damage_healed":0,"gold_gain":0,"player_choice":"Removed Power","damage_taken":0,"max_hp_gain":0,"max_hp_loss":0,"event_name":"Falling","floor":44,"gold_loss":0},{"damage_healed":0,"gold_gain":0,"cards_transformed":["Strike_R","Strike_R"],"player_choice":"Transformed Cards","damage_taken":0,"max_hp_gain":0,"max_hp_loss":0,"event_name":"Designer","floor":45,"gold_loss":60,"cards_obtained":["Spot Weakness","Iron Wave"]},{"damage_healed":0,"gold_gain":0,"player_choice":"Fight","damage_taken":0,"max_hp_gain":0,"max_hp_loss":0,"event_name":"Mysterious Sphere","floor":46,"gold_loss":0},{"damage_healed":0,"gold_gain":0,"player_choice":"Memory 3","damage_taken":10,"max_hp_gain":0,"max_hp_loss":0,"event_name":"SensoryStone","floor":48,"gold_loss":0}],"is_beta":false,"boss_relics":[{"not_picked":["Mark of Pain","Calling Bell"],"picked":"Snecko Eye"},{"not_picked":["White Beast Statue","Orrery"],"picked":"Philosopher\u0027s Stone"}],"items_purged_floors":[],"is_endless":false,"potions_floor_spawned":[1,3,14,16,28,33,35,37,46,47],"ascension_level":14}