{"path_per_floor":["M","?","M","?","M","E","M","M","T","E","R","$","E","M","R","B",null,"M","?","?","M","M","E","R","M","T","E","$","$","R","M","R","B",null,"M","M","?","M","?","R","M","R","T","E","M","R","E","$","R","B"],"character_chosen":"IRONCLAD","items_purchased":["Omamori","Flex","Singing Bowl","Bandage Up","Medical Kit","Weak Potion"],"gold_per_floor":[119,119,135,85,98,133,152,162,162,194,194,34,68,79,79,175,175,195,195,195,215,231,261,261,274,274,307,307,48,48,60,60,155,155,169,179,179,193,193,193,211,211,238,265,284,284,312,33,33,33],"floor_reached":51,"campfire_rested":4,"playtime":3295,"current_hp_per_floor":[67,67,71,71,71,49,41,41,41,34,58,58,64,70,70,40,86,86,86,86,78,60,51,51,42,42,14,14,14,41,44,72,53,94,96,100,100,63,63,63,61,61,61,69,65,65,62,62,93,41],"items_purged":["Defend_R","Defend_R"],"gold":33,"play_id":"2484bd84-9db4-4cd8-9624-e47eb2359766","is_prod":false,"is_daily":false,"is_ascension_mode":true,"campfire_upgraded":5,"path_taken":["M","?","M","?","M","E","M","M","T","E","R","$","E","M","R","BOSS","M","?","?","M","M","E","R","?","T","E","?","$","R","M","R","BOSS","M","M","?","M","?","R","M","R","T","E","M","R","E","$","R","BOSS"],"build_version":"2018-01-25-PROD3","purchased_purges":4,"victory":true,"master_deck":["Strike_R","Strike_R","Strike_R","Strike_R","Bash+1","Inflame","Pummel","Uppercut+1","Feed+1","Clash","Flex+1","Clash","Clash","Thunderclap","Bandage Up","Whirlwind+1","Bludgeon+1","Heavy Blade","Sever Soul+1","Pommel Strike+1","Inflame+1","Brutality"],"max_hp_per_floor":[80,80,80,80,80,80,80,80,80,83,83,83,83,83,83,86,86,86,86,86,86,86,90,90,90,90,90,90,90,90,94,94,94,94,98,100,100,106,106,106,106,106,106,106,106,106,106,106,106,106],"relics":["Burning Blood","Bag of Marbles","Gambling Chip","The Courier","Omamori","Mercury Hourglass","Lizard Tail","Bronze Scales","Ice Cream","Pen Nib","Singing Bowl","Cursed Key","Blood Vial","Ornamental Fan","Happy Flower","Medical Kit"],"card_choices":[{"not_picked":["Warcry","Spot Weakness"],"picked":"Inflame"},{"not_picked":["Second Wind","Anger"],"picked":"Pummel"},{"not_picked":["Shrug It Off","Headbutt"],"picked":"Uppercut"},{"not_picked":["Pommel Strike","Headbutt"],"picked":"Feed"},{"not_picked":["Twin Strike","Wild Strike"],"picked":"Clash"},{"not_picked":["Clothesline","Body Slam"],"picked":"Clash"},{"not_picked":["Battle Trance","Twin Strike"],"picked":"Clash"},{"not_picked":["Uppercut","Anger"],"picked":"Thunderclap"},{"not_picked":["Spot Weakness","Clothesline"],"picked":"Whirlwind"},{"not_picked":["Juggernaut","Barricade"],"picked":"Bludgeon"},{"not_picked":["Havoc","Second Wind"],"picked":"Heavy Blade"},{"not_picked":["Perfected Strike","Second Wind"],"picked":"Sever Soul"},{"not_picked":["Armaments","Sword Boomerang"],"picked":"Pommel Strike"},{"not_picked":["Metallicize","Body Slam"],"picked":"Inflame"},{"not_picked":["Shockwave","Ghostly Armor"],"picked":"Brutality"}],"player_experience":204532,"potions_floor_usage":[6,13,16,23,25,41,44,47,50],"damage_taken":[{"damage":19,"enemies":"Jaw Worm","floor":1,"turns":3},{"damage":2,"enemies":"2 Louse","floor":3,"turns":3},{"damage":6,"enemies":"Cultist","floor":5,"turns":3},{"damage":40,"enemies":"Lagavulin","floor":6,"turns":6},{"damage":14,"enemies":"Lots of Slimes","floor":7,"turns":4},{"damage":6,"enemies":"Exordium Thugs","floor":8,"turns":3},{"damage":16,"enemies":"Gremlin Nob","floor":10,"turns":3},{"damage":0,"enemies":"Lagavulin","floor":13,"turns":2},{"damage":0,"enemies":"Looter","floor":14,"turns":1},{"damage":39,"enemies":"Hexaghost","floor":16,"turns":6},{"damage":0,"enemies":"Chosen","floor":18,"turns":2},{"damage":14,"enemies":"Shell Parasite","floor":21,"turns":2},{"damage":24,"enemies":"Snake Plant","floor":22,"turns":2},{"damage":25,"enemies":"Book of Stabbing","floor":23,"turns":3},{"damage":15,"enemies":"Centurion and Healer","floor":25,"turns":3},{"damage":34,"enemies":"Slavers","floor":27,"turns":2},{"damage":11,"enemies":"Sentry and Sphere","floor":31,"turns":3},{"damage":101,"enemies":"Automaton","floor":33,"turns":8},{"damage":8,"enemies":"3 Shapes","floor":35,"turns":3},{"damage":0,"enemies":"Orb Walker","floor":36,"turns":1},{"damage":49,"enemies":"4 Shapes","floor":38,"turns":3},{"damage":12,"enemies":"3 Darklings","floor":41,"turns":3},{"damage":0,"enemies":"2 Orb Walkers","floor":44,"turns":1},{"damage":12,"enemies":"Sphere and 2 Shapes","floor":45,"turns":2},{"damage":15,"enemies":"Nemesis","floor":47,"turns":3},{"damage":64,"enemies":"Time Eater","floor":50,"turns":4}],"event_choices":[{"event_name":"Liars Game","player_choice":"disagreed","floor":2,"damage_taken":0},{"event_name":"The Cleric","player_choice":"Card Removal","floor":4,"damage_taken":0},{"event_name":"Accursed Blacksmith","player_choice":"Forge","floor":19,"damage_taken":0},{"event_name":"Cursed Tome","player_choice":"Ignored","floor":20,"damage_taken":0},{"event_name":"Match and Keep!","player_choice":"0 cards matched","floor":37,"damage_taken":0}],"boss_relics":[{"not_picked":["Mark of Pain","Astrolabe"],"picked":"Lizard Tail"},{"not_picked":["Black Blood","Velvet Choker"],"picked":"Cursed Key"}],"potions_floor_spawned":[1,6,10,13,16,18,21,27,33,35,44,47],"seed_played":"8719047083563305316","ascension_level":4,"is_trial":false}