{"gold_per_floor":[113,113,123,141,141,141,174,192,192,204],"floor_reached":10,"playtime":510,"items_purged":[],"score":136,"play_id":"e7ec62a9-03b2-496b-a91e-79c8d104f1b2","local_time":"20190410031806","is_ascension_mode":true,"campfire_choices":[{"floor":6.0,"key":"REST"}],"neow_cost":"NONE","seed_source_timestamp":380119419043005,"circlet_count":0,"master_deck":["AscendersBane","Strike_B","Strike_B","Strike_B","Defend_B+1","Defend_B","Defend_B","Defend_B","Zap+1","Dualcast","Reboot","Scrape","Auto Shields","Undo","All For One"],"special_seed":0,"relics":["Cracked Core","Golden Idol","Pen Nib","MawBank"],"potions_floor_usage":[],"damage_taken":[{"damage":2.0,"enemies":"Jaw Worm","floor":1.0,"turns":3.0},{"damage":0.0,"enemies":"2 Louse","floor":3.0,"turns":2.0},{"damage":8.0,"enemies":"Small Slimes","floor":4.0,"turns":2.0},{"damage":29.0,"enemies":"3 Sentries","floor":7.0,"turns":14.0},{"damage":1.0,"enemies":"2 Fungi Beasts","floor":8.0,"turns":3.0},{"damage":56,"enemies":"Gremlin Nob","floor":10,"turns":3}],"seed_played":"1393364319675910665","potions_obtained":[{"floor":1.0,"key":"EssenceOfSteel"}],"is_trial":false,"path_per_floor":["?","?"],"character_chosen":"DEFECT","items_purchased":[],"campfire_rested":1,"item_purchase_floors":[],"current_hp_per_floor":[62,41,41,33,33,52,23,22,22,0],"gold":204,"neow_bonus":"TRANSFORM_CARD","is_prod":false,"is_daily":false,"chose_seed":false,"campfire_upgraded":0,"win_rate":0,"timestamp":1554884286,"path_taken":["M","?","M","M","?","R","E","M","T","E"],"build_version":"2019-01-23","purchased_purges":0,"victory":false,"max_hp_per_floor":[71,71,71,71,64,64,64,64,64,64],"card_choices":[{"not_picked":["Compile Driver","Barrage"],"picked":"Scrape","floor":1.0},{"not_picked":["White Noise","Hello World"],"picked":"Auto Shields","floor":3.0},{"not_picked":["Stack","Cold Snap"],"picked":"Undo","floor":4.0},{"not_picked":["Creative AI","Doom and Gloom"],"picked":"All For One","floor":7.0},{"not_picked":["Recycle","Loop","Compile Driver"],"picked":"SKIP","floor":8.0}],"player_experience":375020,"relics_obtained":[{"floor":7.0,"key":"Pen Nib"},{"floor":9.0,"key":"MawBank"}],"event_choices":[{"damage_healed":0.0,"max_hp_gain":0.0,"max_hp_loss":0.0,"gold_gain":0.0,"event_name":"Shining Light","player_choice":"Entered Light","floor":2.0,"gold_loss":0.0,"damage_taken":21.0,"cards_upgraded":["Defend_B","Zap"]},{"damage_healed":0.0,"max_hp_gain":0.0,"max_hp_loss":7.0,"gold_gain":0.0,"event_name":"Golden Idol","player_choice":"Lose Max HP","floor":5.0,"gold_loss":0.0,"damage_taken":0.0,"relics_obtained":["Golden Idol"]}],"is_beta":false,"boss_relics":[],"items_purged_floors":[],"is_endless":false,"potions_floor_spawned":[1],"killed_by":"Gremlin Nob","ascension_level":20}