{"gold_per_floor":[19,19,19,19,19,49,49,60,60,71,71,83,98,108,108,183,183,183],"floor_reached":18,"playtime":705,"items_purged":[],"score":284,"play_id":"59040b83-9bfa-44c7-ad4f-4a95e747dc7b","local_time":"20190421182338","is_ascension_mode":true,"campfire_choices":[{"floor":7,"key":"REST"},{"data":"Bash","floor":11,"key":"SMITH"},{"floor":15,"key":"REST"}],"neow_cost":"NO_GOLD","seed_source_timestamp":768698318950300,"circlet_count":0,"master_deck":["AscendersBane","Strike_R","Strike_R","Strike_R","Strike_R","Defend_R","Defend_R","Defend_R","Defend_R","Bash+1","Metallicize","True Grit","Armaments","Spot Weakness","Reaper"],"relics":["Burning Blood","Du-Vu Doll","Blood Vial","Bronze Scales","Letter Opener","Black Star"],"potions_floor_usage":[16,16],"damage_taken":[{"damage":1,"enemies":"Cultist","floor":1,"turns":3},{"damage":67,"enemies":"Lagavulin","floor":6,"turns":8},{"damage":7,"enemies":"Small Slimes","floor":8,"turns":4},{"damage":0,"enemies":"2 Louse","floor":10,"turns":4},{"damage":10,"enemies":"Large Slime","floor":12,"turns":5},{"damage":6,"enemies":"Red Slaver","floor":13,"turns":6},{"damage":30,"enemies":"Exordium Thugs","floor":14,"turns":9},{"damage":35,"enemies":"Hexaghost","floor":16,"turns":14},{"damage":0,"enemies":"2 Thieves","floor":18,"turns":1}],"seed_played":"-4240887190028446270","potions_obtained":[{"floor":8,"key":"SpeedPotion"},{"floor":13,"key":"EssenceOfSteel"},{"floor":16,"key":"Ancient Potion"}],"is_trial":false,"path_per_floor":["M","$","?","?","?","E","R","M","T","M","R","M","M","M","R","B",null,"M"],"character_chosen":"IRONCLAD","items_purchased":[],"campfire_rested":2,"item_purchase_floors":[],"current_hp_per_floor":[73,73,73,66,66,7,29,30,30,38,38,36,38,16,38,11,59,61],"gold":183,"neow_bonus":"ONE_RARE_RELIC","is_prod":false,"is_daily":false,"chose_seed":false,"campfire_upgraded":1,"win_rate":0,"timestamp":1555863818,"path_taken":["M","$","?","?","?","E","R","M","T","?","R","M","M","M","R","BOSS","M"],"build_version":"2019-01-23","purchased_purges":0,"victory":false,"max_hp_per_floor":[75,75,75,75,75,75,75,75,75,75,75,75,75,75,75,75,75,75],"card_choices":[{"not_picked":["Clash","Iron Wave"],"picked":"Twin Strike","floor":1},{"not_picked":["Clash","Warcry","Berserk"],"picked":"SKIP","floor":6},{"not_picked":["Pommel Strike","Armaments"],"picked":"Metallicize","floor":8},{"not_picked":["Reckless Charge","Wild Strike","Carnage"],"picked":"SKIP","floor":10},{"not_picked":["Havoc","Iron Wave"],"picked":"True Grit","floor":12},{"not_picked":["Rupture","Flex"],"picked":"Armaments","floor":13},{"not_picked":["Bloodletting","Rampage"],"picked":"Spot Weakness","floor":14},{"not_picked":["Barricade","Bludgeon"],"picked":"Reaper","floor":16}],"player_experience":261362,"relics_obtained":[{"floor":6,"key":"Bronze Scales"},{"floor":9,"key":"Letter Opener"}],"event_choices":[{"damage_healed":0,"gold_gain":0,"player_choice":"Ignored","damage_taken":0,"max_hp_gain":0,"max_hp_loss":0,"event_name":"Liars Game","floor":3,"gold_loss":0},{"cards_removed":["Strike_R"],"damage_healed":0,"gold_gain":0,"player_choice":"Card Removal","damage_taken":7,"max_hp_gain":0,"max_hp_loss":0,"event_name":"Golden Wing","floor":4,"gold_loss":0},{"cards_removed":["Twin Strike"],"damage_healed":0,"gold_gain":0,"player_choice":"Gave Card","damage_taken":0,"relics_obtained":["Blood Vial"],"max_hp_gain":0,"max_hp_loss":0,"event_name":"WeMeetAgain","floor":5,"gold_loss":0}],"is_beta":false,"boss_relics":[{"not_picked":["Calling Bell","Orrery"],"picked":"Black Star"}],"items_purged_floors":[],"is_endless":false,"potions_floor_spawned":[8,13,14,16],"killed_by":"2 Thieves","ascension_level":15}