{"path_per_floor":["M","?","M","M","?","R","$","?","T","E","R","?","M","M","R"],"character_chosen":"DEFECT","items_purchased":["Jack Of All Trades"],"gold_per_floor":[111,111,122,139,139,139,49,49,119,147,147,147,167,177,177,177],"floor_reached":16,"campfire_rested":1,"playtime":442,"current_hp_per_floor":[64,64,64,60,60,60,60,34,34,1,22,22,26,33,33,0],"items_purged":[],"gold":177,"score":175,"play_id":"124e3a94-942a-4241-938f-b736036650f5","local_time":"20180515223615","is_prod":false,"is_daily":false,"chose_seed":false,"is_ascension_mode":true,"campfire_upgraded":2,"timestamp":1526394975,"path_taken":["M","?","M","M","?","R","?","?","T","E","R","?","?","M","R","BOSS"],"build_version":"2018-05-14v2","seed_source_timestamp":468773491652651,"purchased_purges":0,"victory":false,"master_deck":["Strike_B","Strike_B","Strike_B","Defend_B","Defend_B","Defend_B","Defend_B","Zap+1","Dualcast","AscendersBane","Glacier","Leap","Auto Shields+1","Capacitor","Jack Of All Trades+1","Biased Cognition","Self Repair","Sunder"],"max_hp_per_floor":[71,71,71,71,71,71,71,71,71,71,71,71,71,71,71,71],"relics":["Cracked Core","Vajra","DataDisk","Letter Opener","Bag of Preparation"],"card_choices":[{"not_picked":["Double Energy","Hello World"],"picked":"Glacier","floor":1},{"not_picked":["Coolheaded","Force Field"],"picked":"Auto Shields","floor":3},{"not_picked":["Self Repair","Turbo"],"picked":"Capacitor","floor":4},{"not_picked":["Barrage","Nova"],"picked":"Biased Cognition","floor":10},{"not_picked":["Axe Kick","Recycle"],"picked":"Self Repair","floor":13},{"not_picked":["Recycle","Stack"],"picked":"Sunder","floor":14}],"player_experience":996272,"potions_floor_usage":[],"damage_taken":[{"damage":0,"enemies":"2 Louse","floor":1,"turns":2},{"damage":0,"enemies":"Cultist","floor":3,"turns":4},{"damage":4,"enemies":"Jaw Worm","floor":4,"turns":4},{"damage":33,"enemies":"Gremlin Nob","floor":10,"turns":6},{"damage":0,"enemies":"Exordium Thugs","floor":13,"turns":3},{"damage":0,"enemies":"Red Slaver","floor":14,"turns":2},{"damage":38,"enemies":"Slime Boss","floor":16,"turns":15}],"relics_obtained":[{"floor":9,"key":"Letter Opener"},{"floor":10,"key":"Bag of Preparation"}],"event_choices":[{"event_name":"Transmorgrifier","player_choice":"Transform","floor":2,"damage_taken":0},{"event_name":"Upgrade Shrine","player_choice":"Upgraded","floor":5,"damage_taken":0},{"event_name":"Scrap Ooze","player_choice":"success","floor":8,"damage_taken":26},{"event_name":"Dead Adventurer","player_choice":"Searched \u00271\u0027 times","floor":12,"damage_taken":0}],"boss_relics":[],"potions_floor_spawned":[1,3,4,13],"seed_played":"-3202286606713411154","killed_by":"Slime Boss","ascension_level":15,"potions_obtained":[{"floor":1,"key":"LiquidBronze"},{"floor":3,"key":"SpeedPotion"},{"floor":4,"key":"AttackPotion"}],"is_trial":false}