{"path_per_floor":["M","M","$","?","?","R","M","M","T","E","R","E","?","$","R","B",null,"M","M","$","M","M","R","?","R","T","M","R","M","T","E","R","B",null,"M","$","M","?","M","R","?","R","T","R","E","M","E","?","R","B"],"character_chosen":"IRONCLAD","items_purchased":["Regen Potion","Havoc"],"gold_per_floor":[115,130,55,55,55,55,72,90,90,121,121,151,151,0,0,96,96,109,129,4,22,36,36,36,36,36,50,50,67,67,98,98,195,195,215,169,181,181,191,191,191,191,191,191,224,238,267,314,314,314],"floor_reached":51,"campfire_rested":1,"playtime":3272,"current_hp_per_floor":[78,80,80,80,80,80,80,79,79,47,47,41,34,34,34,38,67,76,61,61,61,62,62,46,46,46,38,38,39,39,33,57,56,76,53,53,55,45,41,41,73,73,73,73,54,57,73,70,70,57],"items_purged":["Strike_R","Parasite","Strike_R"],"gold":314,"score":900,"play_id":"659c5c52-5139-450c-9e51-e39b74dd5324","is_prod":false,"is_daily":false,"is_ascension_mode":true,"campfire_upgraded":9,"path_taken":["M","?","$","?","?","R","M","M","T","E","R","E","?","$","R","BOSS","M","M","$","M","M","R","?","R","T","M","R","M","?","E","R","BOSS","M","$","M","?","M","R","?","R","T","R","E","M","E","?","R","BOSS"],"build_version":"2018-02-15-PROD1","purchased_purges":3,"victory":true,"master_deck":["Strike_R","Strike_R","Defend_R","Defend_R","Defend_R","Bash","Spot Weakness","Evolve+1","Metallicize+1","Power Through","Pommel Strike","Bloodletting+1","Immolate+1","Shrug It Off+1","Seeing Red","Pommel Strike+1","Necronomicurse","True Grit+1","Second Wind+1","Burning Pact","Exhume","Havoc+1","Havoc","Dark Embrace+1","Madness","Madness","Warcry","Headbutt+1","Armaments+1"],"max_hp_per_floor":[80,80,80,80,80,80,80,80,80,80,80,80,80,77,77,77,77,80,80,80,80,80,80,80,80,80,80,80,83,83,83,83,83,83,83,83,83,83,83,83,73,73,73,73,73,73,83,83,83,83],"relics":["Burning Blood","NeowsBlessing","Sundial","Unceasing Top","Dead Branch","Mark of Pain","Necronomicon","Ice Cream","Thread and Needle","Self Forming Clay","Cursed Key","Peace Pipe","Shuriken","Strawberry","Red Skull"],"card_choices":[{"not_picked":["Power Through","Disarm"],"picked":"Spot Weakness"},{"not_picked":["Inflame","Shockwave"],"picked":"Evolve"},{"not_picked":["Armaments","Cleave"],"picked":"Metallicize"},{"not_picked":["True Grit","Thunderclap"],"picked":"Power Through"},{"not_picked":["Berserk","Uppercut"],"picked":"Pommel Strike"},{"not_picked":["Clothesline","Sentinel"],"picked":"Bloodletting"},{"not_picked":["Bludgeon","Dark Embrace"],"picked":"Immolate"},{"not_picked":["Blood for Blood","Intimidate"],"picked":"Shrug It Off"},{"not_picked":["Clothesline","Thunderclap"],"picked":"Seeing Red"},{"not_picked":["Headbutt","Spot Weakness"],"picked":"Pommel Strike"},{"not_picked":["Iron Wave","Cleave"],"picked":"True Grit"},{"not_picked":["Heavy Blade","Dropkick"],"picked":"Second Wind"},{"not_picked":["Clothesline","Perfected Strike"],"picked":"Burning Pact"},{"not_picked":["Demon Form","Berserk"],"picked":"Exhume"},{"not_picked":["Iron Wave","Cleave"],"picked":"Havoc"},{"not_picked":["Warcry","True Grit"],"picked":"Dark Embrace"},{"not_picked":["Rupture","Hemokinesis"],"picked":"Warcry"},{"not_picked":["Heavy Blade","Blood for Blood"],"picked":"Headbutt"},{"not_picked":["Demon Form","Second Wind"],"picked":"Armaments"}],"player_experience":367949,"potions_floor_usage":[12,16,21,27,27,29,29,33,50,50,50],"damage_taken":[{"damage":0,"enemies":"Cultist","floor":1,"turns":1},{"damage":0,"enemies":"2 Louse","floor":2,"turns":2},{"damage":0,"enemies":"Small Slimes","floor":7,"turns":2},{"damage":7,"enemies":"2 Fungi Beasts","floor":8,"turns":4},{"damage":38,"enemies":"3 Sentries","floor":10,"turns":10},{"damage":12,"enemies":"Lagavulin","floor":12,"turns":7},{"damage":17,"enemies":"Hexaghost","floor":16,"turns":9},{"damage":0,"enemies":"Chosen","floor":18,"turns":6},{"damage":21,"enemies":"2 Thieves","floor":19,"turns":3},{"damage":21,"enemies":"Centurion and Healer","floor":21,"turns":7},{"damage":5,"enemies":"Snecko","floor":22,"turns":5},{"damage":14,"enemies":"Cultist and Chosen","floor":27,"turns":7},{"damage":8,"enemies":"Slaver and Parasite","floor":29,"turns":4},{"damage":12,"enemies":"Gremlin Leader","floor":31,"turns":4},{"damage":7,"enemies":"Collector","floor":33,"turns":4},{"damage":29,"enemies":"3 Darklings","floor":35,"turns":7},{"damage":4,"enemies":"3 Shapes","floor":37,"turns":7},{"damage":10,"enemies":"Maw","floor":39,"turns":4},{"damage":25,"enemies":"2 Orb Walkers","floor":45,"turns":3},{"damage":3,"enemies":"4 Shapes","floor":46,"turns":5},{"damage":0,"enemies":"Nemesis","floor":47,"turns":3},{"damage":9,"enemies":"Mysterious Sphere","floor":48,"turns":4},{"damage":19,"enemies":"Awakened One","floor":50,"turns":7}],"event_choices":[{"event_name":"Living Wall","player_choice":"Forget","floor":4,"damage_taken":0},{"event_name":"The Woman in Blue","player_choice":"Bought 0 Potions","floor":5,"damage_taken":0},{"event_name":"Golden Wing","player_choice":"Card Removal","floor":13,"damage_taken":0},{"event_name":"Cursed Tome","player_choice":"Obtained Book","floor":24,"damage_taken":0},{"event_name":"Winding Halls","player_choice":"Embrace Madness","floor":38,"damage_taken":0},{"event_name":"The Moai Head","player_choice":"Heal","floor":41,"damage_taken":0},{"event_name":"Mysterious Sphere","player_choice":"Fight","floor":48,"damage_taken":0}],"boss_relics":[{"not_picked":["Black Star","Runic Pyramid"],"picked":"Mark of Pain"},{"not_picked":["Eternal Feather","Snecko Eye"],"picked":"Cursed Key"}],"potions_floor_spawned":[1,12,16,21,22,27,31,35,46,47],"seed_played":"-9124713808571895030","ascension_level":10,"is_trial":false}