{"gold_per_floor":[19,39,55,66,31,66,78,78,78,112,112,127,127,157,157,231,231,241,257,267,282,313,313,348,360,372,7,57,257,257,307,307,385,385,403,625,183,183,201,227,239,267,267,267,284,295,295,0,0,0,0,0,0,31,31],"floor_reached":55,"playtime":3016,"items_purged":["Strike_R","Strike_R"],"score":1395,"play_id":"5fdd24db-1fff-4bd1-ad2b-2a1eeaa93cd5","local_time":"20190418200902","is_ascension_mode":true,"campfire_choices":[{"data":"Uppercut","floor":8.0,"key":"SMITH"},{"data":"Inflame","floor":13.0,"key":"SMITH"},{"data":"Feed","floor":15.0,"key":"SMITH"},{"data":"Metallicize","floor":23.0,"key":"SMITH"},{"data":"Shockwave","floor":32.0,"key":"SMITH"},{"floor":47,"key":"RECALL"},{"data":"Entrench","floor":49,"key":"SMITH"},{"data":"Juggernaut","floor":52,"key":"SMITH"}],"neow_cost":"NO_GOLD","seed_source_timestamp":924494260048468,"circlet_count":0,"master_deck":["AscendersBane","Strike_R","Defend_R","Defend_R","Defend_R","Defend_R","Bash","Feed+1","Sword Boomerang","Shrug It Off","Inflame+1","Sword Boomerang","Uppercut+1","Shrug It Off","Metallicize+1","Shrug It Off","Exhume","True Grit+1","Heavy Blade","Warcry+1","Pommel Strike+1","Pummel+1","Perfected Strike","Shockwave+1","Juggernaut+1","Spot Weakness","Secret Technique","Blind","Blind","Heavy Blade+1","Disarm","Spot Weakness","Parasite","Entrench+1","Impervious","Feel No Pain","Flame Barrier","Feel No Pain"],"special_seed":0,"relics":["Burning Blood","Juzu Bracelet","Oddly Smooth Stone","Ancient Tea Set","Darkstone Periapt","Coffee Dripper","Red Mask","MawBank","Shuriken","Mark of Pain","Meat on the Bone","Gremlin Horn","Paper Frog","The Courier","Art of War"],"potions_floor_usage":[42,42,55],"damage_taken":[{"damage":7.0,"enemies":"2 Louse","floor":1.0,"turns":3.0},{"damage":14.0,"enemies":"Jaw Worm","floor":2.0,"turns":4.0},{"damage":7.0,"enemies":"Small Slimes","floor":3.0,"turns":3.0},{"damage":9.0,"enemies":"Blue Slaver","floor":4.0,"turns":5.0},{"damage":8.0,"enemies":"Gremlin Nob","floor":6.0,"turns":3.0},{"damage":23.0,"enemies":"Lots of Slimes","floor":7.0,"turns":6.0},{"damage":6.0,"enemies":"Lagavulin","floor":10.0,"turns":6.0},{"damage":10.0,"enemies":"3 Louse","floor":12.0,"turns":3.0},{"damage":27.0,"enemies":"3 Sentries","floor":14.0,"turns":9.0},{"damage":29.0,"enemies":"Hexaghost","floor":16.0,"turns":10.0},{"damage":9.0,"enemies":"Shell Parasite","floor":18.0,"turns":7.0},{"damage":0.0,"enemies":"3 Byrds","floor":19.0,"turns":8.0},{"damage":19.0,"enemies":"Snake Plant","floor":20.0,"turns":5.0},{"damage":6.0,"enemies":"Centurion and Healer","floor":21.0,"turns":10.0},{"damage":36.0,"enemies":"Masked Bandits","floor":22.0,"turns":5.0},{"damage":49.0,"enemies":"Gremlin Leader","floor":24.0,"turns":10.0},{"damage":32.0,"enemies":"Champ","floor":33.0,"turns":13.0},{"damage":32.0,"enemies":"3 Shapes","floor":35.0,"turns":8.0},{"damage":32.0,"enemies":"3 Darklings","floor":39.0,"turns":8.0},{"damage":60.0,"enemies":"Giant Head","floor":40.0,"turns":8.0},{"damage":19.0,"enemies":"Spire Growth","floor":41.0,"turns":5.0},{"damage":16,"enemies":"Reptomancer","floor":42,"turns":5},{"damage":7,"enemies":"4 Shapes","floor":45,"turns":10},{"damage":21,"enemies":"Writhing Mass","floor":46,"turns":7},{"damage":44,"enemies":"Time Eater","floor":50,"turns":12},{"damage":88,"enemies":"Shield and Spear","floor":54,"turns":10},{"damage":50,"enemies":"The Heart","floor":55,"turns":6}],"seed_played":"3765671336883765998","potions_obtained":[{"floor":2.0,"key":"PowerPotion"},{"floor":3.0,"key":"Fire Potion"},{"floor":7.0,"key":"Strength Potion"},{"floor":10.0,"key":"EssenceOfSteel"},{"floor":16.0,"key":"PowerPotion"},{"floor":24.0,"key":"Block Potion"},{"floor":33.0,"key":"Poison Potion"},{"floor":35.0,"key":"FearPotion"},{"floor":40.0,"key":"PowerPotion"},{"floor":45,"key":"LiquidBronze"}],"is_trial":false,"path_per_floor":["M","M","M","M","?","E","M","R","T","E","?","M","R","E","R","B",null,"M","M","M","M","?","R","E","?","T","$","?","?","?","?","R","B",null,"M","?","$","?","M","E","M","E","T","?","M","M","R","$","R","B",null,"R","$","E","B"],"character_chosen":"IRONCLAD","items_purchased":["Shuriken","Weak Potion","Spot Weakness","Meat on the Bone","Impervious","Feel No Pain","Flame Barrier","Feel No Pain"],"campfire_rested":0,"item_purchase_floors":[27,27,37,37,48,48,48,48],"current_hp_per_floor":[70,65,67,67,87,88,74,74,74,74,79,78,78,60,60,41,91,92,106,97,105,79,79,36,36,36,36,36,36,36,36,36,10,105,87,87,87,77,67,25,24,26,26,121,124,115,115,115,115,77,118,118,118,48,0],"gold":31,"neow_bonus":"THREE_RARE_CARDS","is_prod":false,"is_daily":false,"chose_seed":false,"campfire_upgraded":7,"win_rate":0,"timestamp":1555632542,"path_taken":["M","M","M","M","?","E","M","R","T","E","?","M","R","E","R","BOSS","M","M","M","M","?","R","E","?","T","$","?","?","?","?","R","BOSS","M","?","$","?","M","E","M","E","T","?","M","M","R","?","R","BOSS","R","$","E","BOSS"],"build_version":"2019-04-04","purchased_purges":2,"victory":false,"max_hp_per_floor":[78,81,84,87,87,90,93,93,93,93,98,101,101,104,104,108,108,112,120,124,132,136,136,136,136,136,136,136,136,136,136,136,136,136,144,144,144,144,148,148,148,148,148,121,125,131,131,131,131,131,131,131,131,131,131],"card_choices":[{"not_picked":["Limit Break","Fiend Fire"],"picked":"Feed","floor":0.0},{"not_picked":["Anger","Reckless Charge"],"picked":"Sword Boomerang","floor":1.0},{"not_picked":["Wild Strike","Warcry"],"picked":"Shrug It Off","floor":2.0},{"not_picked":["Havoc","Cleave"],"picked":"Inflame","floor":3.0},{"not_picked":["Warcry","Bloodletting"],"picked":"Sword Boomerang","floor":4.0},{"not_picked":["Fire Breathing","Pommel Strike"],"picked":"Uppercut","floor":6.0},{"not_picked":["Thunderclap","Perfected Strike"],"picked":"Shrug It Off","floor":7.0},{"not_picked":["Rupture","Havoc"],"picked":"Metallicize","floor":10.0},{"not_picked":["Clash","Wild Strike","Cleave"],"picked":"SKIP","floor":12.0},{"not_picked":["Berserk","Perfected Strike"],"picked":"Shrug It Off","floor":14.0},{"not_picked":["Barricade","Double Tap"],"picked":"Exhume","floor":16.0},{"not_picked":["Iron Wave","Rage"],"picked":"True Grit+1","floor":18.0},{"not_picked":["Pommel Strike","Clash"],"picked":"Heavy Blade","floor":19.0},{"not_picked":["Burning Pact","Dual Wield"],"picked":"Warcry+1","floor":20.0},{"not_picked":["Flex","Clothesline"],"picked":"Pommel Strike+1","floor":21.0},{"not_picked":["Pommel Strike","Twin Strike"],"picked":"Pummel+1","floor":22.0},{"not_picked":["Carnage+1","Iron Wave","Dark Embrace"],"picked":"SKIP","floor":24.0},{"not_picked":["Exhume","Brutality"],"picked":"Juggernaut","floor":33.0},{"not_picked":["Bloodletting","Fire Breathing","Ghostly Armor+1"],"picked":"SKIP","floor":35.0},{"not_picked":["Good Instincts","Metamorphosis"],"picked":"Secret Technique","floor":38.0},{"not_picked":["Mayhem","Mind Blast"],"picked":"Blind","floor":38.0},{"not_picked":["PanicButton","Impatience"],"picked":"Blind","floor":38.0},{"not_picked":["Cleave","Clothesline"],"picked":"Heavy Blade+1","floor":39.0},{"not_picked":["Rampage","Evolve"],"picked":"Disarm","floor":40.0},{"not_picked":["Body Slam+1","Combust+1","Pommel Strike+1"],"picked":"SKIP","floor":41.0},{"not_picked":["Rage","Burning Pact"],"picked":"Spot Weakness","floor":42},{"not_picked":["Clothesline+1","Rampage+1","Shockwave"],"picked":"SKIP","floor":45},{"not_picked":["Whirlwind","Dual Wield"],"picked":"Entrench","floor":46},{"not_picked":["Pommel Strike","Evolve","Rampage"],"picked":"SKIP","floor":54}],"player_experience":968697,"relics_obtained":[{"floor":6.0,"key":"Juzu Bracelet"},{"floor":9.0,"key":"Oddly Smooth Stone"},{"floor":10.0,"key":"Ancient Tea Set"},{"floor":14.0,"key":"Darkstone Periapt"},{"floor":22.0,"key":"Red Mask"},{"floor":24.0,"key":"MawBank"},{"floor":40.0,"key":"Gremlin Horn"},{"floor":42,"key":"Paper Frog"},{"floor":43,"key":"The Courier"},{"floor":54,"key":"Art of War"}],"event_choices":[{"damage_healed":21.0,"max_hp_gain":0.0,"max_hp_loss":0.0,"gold_gain":0.0,"event_name":"The Cleric","player_choice":"Healed","floor":5.0,"gold_loss":35.0,"damage_taken":0.0},{"damage_healed":0.0,"max_hp_gain":5.0,"max_hp_loss":0.0,"gold_gain":0.0,"event_name":"Big Fish","player_choice":"Donut","floor":11.0,"gold_loss":0.0,"damage_taken":0.0},{"damage_healed":0.0,"max_hp_gain":0.0,"max_hp_loss":0.0,"gold_gain":0.0,"event_name":"Masked Bandits","player_choice":"Fought Bandits","floor":22.0,"gold_loss":0.0,"damage_taken":0.0},{"damage_healed":0.0,"max_hp_gain":0.0,"max_hp_loss":0.0,"gold_gain":0.0,"cards_transformed":["Strike_R","Strike_R"],"event_name":"Drug Dealer","player_choice":"Became Test Subject","floor":25.0,"gold_loss":0.0,"damage_taken":0.0,"cards_obtained":["Perfected Strike","Shockwave"]},{"damage_healed":0.0,"max_hp_gain":0.0,"max_hp_loss":0.0,"gold_gain":50.0,"event_name":"Golden Shrine","player_choice":"Pray","floor":28.0,"gold_loss":0.0,"damage_taken":0.0},{"damage_healed":0.0,"max_hp_gain":0.0,"max_hp_loss":0.0,"gold_gain":250.0,"event_name":"The Joust","player_choice":"Bet on Owner","floor":29.0,"gold_loss":50.0,"damage_taken":0.0},{"damage_healed":0.0,"max_hp_gain":0.0,"max_hp_loss":0.0,"gold_gain":0.0,"event_name":"The Mausoleum","player_choice":"Ignored","floor":30.0,"gold_loss":0.0,"damage_taken":0.0},{"damage_healed":0.0,"max_hp_gain":0.0,"max_hp_loss":0.0,"gold_gain":50.0,"event_name":"Nest","player_choice":"Stole From Cult","floor":31.0,"gold_loss":0.0,"damage_taken":0.0},{"damage_healed":0.0,"max_hp_gain":0.0,"max_hp_loss":0.0,"gold_gain":222.0,"event_name":"Tomb of Lord Red Mask","player_choice":"Wore Mask","floor":36.0,"gold_loss":0.0,"damage_taken":0.0},{"damage_healed":0.0,"max_hp_gain":0.0,"max_hp_loss":0.0,"gold_gain":0.0,"event_name":"SensoryStone","player_choice":"Memory 3","floor":38.0,"gold_loss":0.0,"damage_taken":10.0},{"damage_healed":121,"gold_gain":0,"player_choice":"Heal","damage_taken":0,"max_hp_gain":0,"max_hp_loss":27,"event_name":"The Moai Head","floor":44,"gold_loss":0}],"is_beta":true,"boss_relics":[{"not_picked":["Black Blood","Black Star"],"picked":"Coffee Dripper"},{"not_picked":["Velvet Choker","Lizard Tail"],"picked":"Mark of Pain"}],"items_purged_floors":[27,37],"is_endless":false,"potions_floor_spawned":[2,3,7,10,16,24,33,35,40,45],"killed_by":"The Heart","ascension_level":15}