{"gold_per_floor":[114,129,129,144,159,159,189,204,204,176,191,191,221,236,236,336,336,351,276,291,291,306,306,321,321,321,336,336],"floor_reached":28,"playtime":4987,"items_purged":[],"score":259,"play_id":"d57a6f00-2341-425b-bd13-80a26413e626","local_time":"20190103014429","daily_mods":["Specialized","Diverse","DeadlyEvents"],"is_ascension_mode":false,"campfire_choices":[{"data":"Zap","floor":6.0,"key":"SMITH"},{"floor":12.0,"key":"REST"},{"data":"Footwork","floor":15,"key":"SMITH"},{"floor":23,"key":"REST"},{"data":"Anger","floor":25,"key":"SMITH"}],"neow_cost":"","seed_source_timestamp":0,"circlet_count":0,"master_deck":["Strike_B+1","Strike_B+1","Strike_B+1","Strike_B+1","Defend_B+1","Defend_B+1","Defend_B+1","Defend_B+1","Zap+1","Dualcast","Shrug It Off","Shrug It Off","Shrug It Off","Shrug It Off","Shrug It Off","Go for the Eyes","Scrape","Glacier","Footwork+1","Blizzard","Steam","Redo","Disarm","Barricade","Anger+1","Dagger Throw","Rebound","Intimidate","Spot Weakness","Heavy Blade+1"],"special_seed":17899,"relics":["FrozenCore","Sundial","The Courier","Bottled Flame","Oddly Smooth Stone","Frozen Egg 2"],"potions_floor_usage":[18,18,19,24],"damage_taken":[{"damage":0.0,"enemies":"Jaw Worm","floor":1.0,"turns":4.0},{"damage":0.0,"enemies":"2 Louse","floor":2.0,"turns":3.0},{"damage":0.0,"enemies":"Small Slimes","floor":4.0,"turns":3.0},{"damage":0.0,"enemies":"Blue Slaver","floor":5.0,"turns":3.0},{"damage":35.0,"enemies":"Gremlin Nob","floor":7.0,"turns":7.0},{"damage":1.0,"enemies":"Red Slaver","floor":8.0,"turns":5.0},{"damage":4.0,"enemies":"Large Slime","floor":11.0,"turns":6.0},{"damage":10.0,"enemies":"3 Sentries","floor":13.0,"turns":10.0},{"damage":0.0,"enemies":"3 Louse","floor":14.0,"turns":4.0},{"damage":9,"enemies":"Slime Boss","floor":16,"turns":15},{"damage":9,"enemies":"Chosen","floor":18,"turns":9},{"damage":0,"enemies":"2 Thieves","floor":19,"turns":5},{"damage":23,"enemies":"Chosen and Byrds","floor":20,"turns":13},{"damage":8,"enemies":"Snake Plant","floor":22,"turns":7},{"damage":16,"enemies":"Cultist and Chosen","floor":24,"turns":12},{"damage":6,"enemies":"Snecko","floor":27,"turns":8},{"damage":36,"enemies":"Slavers","floor":28,"turns":7}],"seed_played":"6069031500032485637","potions_obtained":[{"floor":1.0,"key":"FocusPotion"},{"floor":5.0,"key":"Energy Potion"},{"floor":13.0,"key":"Block Potion"},{"floor":18,"key":"Block Potion"},{"floor":22,"key":"Fire Potion"},{"floor":24,"key":"Ancient Potion"}],"is_trial":false,"path_per_floor":["M","M","?","M","M","R","E","M","T","?","M","R","E","E","M","M","R","B",null,"M","M","M","?","M","R","M","R","T","M","E"],"character_chosen":"DEFECT","items_purchased":[],"campfire_rested":2,"item_purchase_floors":[],"current_hp_per_floor":[75,75,68,68,68,68,33,32,32,32,28,50,40,40,40,31,75,66,66,43,43,35,57,41,41,41,35,0],"gold":336,"neow_bonus":"","is_prod":false,"is_daily":true,"chose_seed":false,"campfire_upgraded":3,"win_rate":0.0,"timestamp":1546497869,"path_taken":["M","M","?","M","M","R","E","M","T","?","?","R","E","M","R","BOSS","M","M","M","?","M","R","?","R","T","M","?"],"build_version":"2018-12-20","purchased_purges":0,"victory":false,"max_hp_per_floor":[75,75,75,75,75,75,75,75,75,75,75,75,75,75,75,75,75,75,75,75,75,75,75,75,75,75,75,75],"card_choices":[{"not_picked":["Cloak And Dagger","Steam"],"picked":"Go for the Eyes","floor":1.0},{"not_picked":["Dropkick","Cloak And Dagger","Entrench"],"picked":"SKIP","floor":2.0},{"not_picked":["Twin Strike","Acrobatics"],"picked":"Scrape","floor":4.0},{"not_picked":["Wild Strike","Backstab"],"picked":"Glacier","floor":5.0},{"not_picked":["Sever Soul","Turbo"],"picked":"Footwork","floor":7.0},{"not_picked":["Clash","Armaments"],"picked":"Blizzard","floor":8.0},{"not_picked":["Dark Embrace","Sucker Punch"],"picked":"Steam","floor":11.0},{"not_picked":["Accuracy","True Grit"],"picked":"Redo","floor":13.0},{"not_picked":["Bullet Time","Cleave"],"picked":"Disarm","floor":14},{"not_picked":["Corpse Explosion","Brutality"],"picked":"Barricade","floor":16},{"not_picked":["Cleave","Whirlwind"],"picked":"Anger","floor":18},{"not_picked":["Fusion","Blade Dance+1"],"picked":"Dagger Throw","floor":19},{"not_picked":["Recycle","Coolheaded"],"picked":"Rebound","floor":20},{"not_picked":["Warcry","Storm"],"picked":"Intimidate","floor":22},{"not_picked":["Reaper","Perfected Strike"],"picked":"Spot Weakness","floor":24},{"not_picked":["Havoc+1","Tactician"],"picked":"Heavy Blade+1","floor":27}],"player_experience":3752,"relics_obtained":[{"floor":7.0,"key":"The Courier"},{"floor":9.0,"key":"Bottled Flame"},{"floor":13.0,"key":"Oddly Smooth Stone"},{"floor":26,"key":"Frozen Egg 2"}],"event_choices":[{"damage_healed":0.0,"max_hp_gain":0.0,"max_hp_loss":0.0,"gold_gain":0.0,"event_name":"Scrap Ooze","player_choice":"Success","floor":3.0,"gold_loss":0.0,"damage_taken":7.0,"relics_obtained":["Sundial"]},{"damage_healed":0.0,"max_hp_gain":0.0,"max_hp_loss":0.0,"gold_gain":0.0,"event_name":"World of Goop","player_choice":"Left Gold","floor":10.0,"gold_loss":28.0,"damage_taken":0.0},{"damage_healed":0,"gold_gain":0,"player_choice":"Simplicity","damage_taken":0,"max_hp_gain":0,"max_hp_loss":0,"event_name":"Back to Basics","floor":21,"gold_loss":0,"cards_upgraded":["Strike_B","Strike_B","Strike_B","Strike_B","Defend_B","Defend_B","Defend_B","Defend_B"]}],"is_beta":false,"boss_relics":[{"not_picked":["Tiny House","Philosopher\u0027s Stone"],"picked":"FrozenCore"}],"items_purged_floors":[],"is_endless":false,"potions_floor_spawned":[1,5,13,18,22,24],"killed_by":"Slavers","ascension_level":0}