{"gold_per_floor":[114,114,39,53,53,88,88,88,111,111,122,140,140,171,171,171],"floor_reached":16,"playtime":737,"items_purged":["Strike_B"],"score":133,"play_id":"90c4e2cd-6bab-4722-a632-c5001094ed80","local_time":"20190127125251","is_ascension_mode":false,"campfire_choices":[{"data":"Zap","floor":7,"key":"SMITH"},{"data":"Zap","floor":10,"key":"SMITH"},{"data":"Loop","floor":13,"key":"SMITH"},{"data":"Dualcast","floor":15,"key":"SMITH"}],"neow_cost":"NONE","seed_source_timestamp":329826698575911,"circlet_count":0,"master_deck":["Strike_B","Strike_B","Strike_B","Defend_B","Defend_B","Defend_B","Defend_B","Zap+1","Dualcast+1","Conserve Battery","Bandage Up","Zap+1","Loop+1","Glacier","Glacier"],"special_seed":0,"relics":["Cracked Core","NeowsBlessing","Gambling Chip","Kunai"],"potions_floor_usage":[16,16],"damage_taken":[{"damage":0,"enemies":"Small Slimes","floor":1,"turns":1},{"damage":0,"enemies":"Cultist","floor":4,"turns":1},{"damage":0,"enemies":"3 Sentries","floor":6,"turns":2},{"damage":1,"enemies":"Jaw Worm","floor":11,"turns":3},{"damage":0,"enemies":"2 Fungi Beasts","floor":12,"turns":3},{"damage":14,"enemies":"Lagavulin","floor":14,"turns":6},{"damage":69,"enemies":"Hexaghost","floor":16,"turns":16}],"seed_played":"3945151027361270678","potions_obtained":[{"floor":1,"key":"PowerPotion"},{"floor":12,"key":"FocusPotion"}],"is_trial":false,"path_per_floor":["M","?","$","M","$","E","R","$","T","R","M","M","R","E","R","B"],"character_chosen":"DEFECT","items_purchased":[],"campfire_rested":0,"item_purchase_floors":[],"current_hp_per_floor":[75,75,75,75,75,75,75,75,75,75,75,75,75,65,65,0],"gold":171,"neow_bonus":"THREE_ENEMY_KILL","is_prod":false,"is_daily":false,"chose_seed":false,"campfire_upgraded":4,"win_rate":0,"timestamp":1548611571,"path_taken":["M","?","?","?","$","E","R","$","T","R","M","M","R","E","R","BOSS"],"build_version":"2019-01-23","purchased_purges":1,"victory":false,"max_hp_per_floor":[75,75,75,75,75,75,75,75,75,75,75,75,75,75,75,75],"card_choices":[{"not_picked":["Fusion","Barrage"],"picked":"Conserve Battery","floor":1},{"not_picked":["Sweeping Beam","Reinforced Body"],"picked":"Loop","floor":4},{"not_picked":["Melter","Reinforced Body","Redo"],"picked":"SKIP","floor":6},{"not_picked":["Consume","Sweeping Beam"],"picked":"Glacier","floor":11},{"not_picked":["Barrage","Sweeping Beam","Storm"],"picked":"SKIP","floor":12},{"not_picked":["Cold Snap","Seek"],"picked":"Glacier","floor":14}],"player_experience":165026,"relics_obtained":[{"floor":6,"key":"Gambling Chip"},{"floor":14,"key":"Kunai"}],"event_choices":[{"damage_healed":0,"gold_gain":0,"player_choice":"2 cards matched","damage_taken":0,"max_hp_gain":0,"max_hp_loss":0,"event_name":"Match and Keep!","floor":2,"gold_loss":0,"cards_obtained":["Bandage Up","Zap"]}],"is_beta":false,"boss_relics":[],"items_purged_floors":[3],"is_endless":false,"potions_floor_spawned":[1,12],"killed_by":"Hexaghost","ascension_level":0}