{"path_per_floor":["M","M","$","?","M","R","E","R","T","M","E","M","M","?","R","B",null,"M","?","?","$","M","E","R","M","T","R","M","E","?","E","R","B",null,"M","?","M","?","M","R","M","R","T","?","M","M","?","M","R","B"],"character_chosen":"DEFECT","items_purchased":["Defragment","Blood Vial","Frozen Egg 2"],"gold_per_floor":[218,229,41,41,54,54,89,89,140,160,195,210,229,229,229,303,303,303,303,218,16,16,16,16,16,16,16,16,16,16,16,16,16,16,16,16,16,16,16,16,16,16,16,16,16,16,0,0,0,0],"floor_reached":51,"campfire_rested":2,"playtime":2707,"current_hp_per_floor":[64,68,68,68,66,66,56,56,56,54,26,32,36,36,71,66,70,65,65,65,65,71,76,76,81,81,81,75,48,40,69,69,81,81,81,66,50,53,39,78,81,81,81,81,81,67,67,81,81,79],"items_purged":[],"gold":0,"score":1283,"play_id":"761e4bac-00d7-4844-92bd-482608fd1d71","local_time":"20180519151322","is_prod":false,"is_daily":false,"chose_seed":false,"is_ascension_mode":true,"campfire_upgraded":7,"timestamp":1526714002,"campfire_choices":[{"data":"Zap","floor":6.0,"key":"SMITH"},{"data":"Defragment","floor":8.0,"key":"SMITH"},{"floor":15.0,"key":"REST"},{"data":"Defragment","floor":24.0,"key":"SMITH"},{"data":"Undo","floor":27.0,"key":"SMITH"},{"data":"Gash","floor":32,"key":"SMITH"},{"floor":40,"key":"REST"},{"data":"Coolheaded","floor":42,"key":"SMITH"},{"data":"Consume","floor":49,"key":"SMITH"}],"path_taken":["M","M","$","?","M","R","E","R","T","M","E","M","M","?","R","BOSS","M","?","?","$","M","E","R","M","T","R","M","E","?","E","R","BOSS","M","?","?","?","M","R","M","R","T","?","M","M","?","M","R","BOSS"],"build_version":"2018-05-17","seed_source_timestamp":785522206674013,"purchased_purges":0,"victory":true,"master_deck":["Strike_B","Defend_B","Defend_B","Defend_B","Defend_B","Zap+1","Dualcast","AscendersBane","Self Repair","Auto Shields","Defragment+1","Gash+1","Undo+1","Hologram","Defragment+1","Cold Snap","Coolheaded+1","Echo Form","Doom and Gloom","Self Repair+1","Double Energy","Hologram+1","Conserve Battery","Go for the Eyes+1","Buffer+1","Rebound","Madness","Madness","Consume+1","Capacitor+1"],"max_hp_per_floor":[71,71,71,71,71,71,71,71,71,71,71,71,71,71,71,71,71,71,71,71,71,71,81,81,81,81,81,81,81,81,81,81,81,81,81,81,81,81,81,81,81,81,81,81,81,81,81,81,81,81],"relics":["Cracked Core","Blood Vial","Anchor","Regal Pillow","The Courier","Ectoplasm","Letter Opener","Frozen Egg 2","Pear","Gremlin Horn","Emotion Chip","Pantograph","Lizard Tail","Thread and Needle","Potion Belt","Red Mask"],"card_choices":[{"not_picked":["Stack","Turbo"],"picked":"Self Repair","floor":1.0},{"not_picked":["Hologram","Lockon"],"picked":"Auto Shields","floor":2.0},{"not_picked":["Undo","Streamline"],"picked":"Gash","floor":5.0},{"not_picked":["Beam Cell","Double Energy"],"picked":"Undo","floor":7.0},{"not_picked":["Skim","Barrage"],"picked":"Hologram","floor":10.0},{"not_picked":["Force Field","Undo"],"picked":"Defragment","floor":11.0},{"not_picked":["Barrage","Beam Cell"],"picked":"Cold Snap","floor":12.0},{"not_picked":["Ball Lightning","Streamline"],"picked":"Coolheaded","floor":13.0},{"not_picked":["Multi-Cast","Hyperbeam"],"picked":"Echo Form","floor":16.0},{"not_picked":["Turbo","Streamline","Rebound"],"picked":"SKIP","floor":18.0},{"not_picked":["Leap","Stack+1"],"picked":"Doom and Gloom","floor":22.0},{"not_picked":["Skim","Recycle"],"picked":"Self Repair+1","floor":23.0},{"not_picked":["Ball Lightning","Coolheaded"],"picked":"Double Energy","floor":25.0},{"not_picked":["Recycle","Beam Cell"],"picked":"Hologram+1","floor":28.0},{"not_picked":["Coolheaded","Axe Kick"],"picked":"Conserve Battery","floor":29.0},{"not_picked":["Beam Cell","Skim"],"picked":"Go for the Eyes+1","floor":31},{"not_picked":["Multi-Cast","Nova"],"picked":"Buffer+1","floor":33},{"not_picked":["Hologram+1","Coolheaded"],"picked":"Rebound","floor":35},{"not_picked":["Steam","Stack","Axe Kick+1"],"picked":"SKIP","floor":37},{"not_picked":["Skim","Tempest+1","Steam"],"picked":"SKIP","floor":39},{"not_picked":["Barrage","Axe Kick","BootSequence"],"picked":"SKIP","floor":41},{"not_picked":["Ball Lightning","Cold Snap"],"picked":"Consume","floor":45},{"not_picked":["Storm+1","Glacier"],"picked":"Capacitor+1","floor":46},{"not_picked":["Cold Snap+1","Turbo","Axe Kick+1"],"picked":"SKIP","floor":48}],"player_experience":1014693,"potions_floor_usage":[50,50],"damage_taken":[{"damage":0.0,"enemies":"Cultist","floor":1.0,"turns":3.0},{"damage":3.0,"enemies":"Jaw Worm","floor":2.0,"turns":5.0},{"damage":11.0,"enemies":"2 Louse","floor":5.0,"turns":3.0},{"damage":19.0,"enemies":"Lagavulin","floor":7.0,"turns":7.0},{"damage":11.0,"enemies":"Exordium Thugs","floor":10.0,"turns":6.0},{"damage":37.0,"enemies":"Gremlin Nob","floor":11.0,"turns":5.0},{"damage":3.0,"enemies":"Exordium Wildlife","floor":12.0,"turns":5.0},{"damage":5.0,"enemies":"3 Louse","floor":13.0,"turns":4.0},{"damage":12.0,"enemies":"Slime Boss","floor":16.0,"turns":13.0},{"damage":13.0,"enemies":"Spheric Guardian","floor":18.0,"turns":6.0},{"damage":3.0,"enemies":"Shell Parasite","floor":22.0,"turns":8.0},{"damage":19.0,"enemies":"Book of Stabbing","floor":23.0,"turns":6.0},{"damage":16.0,"enemies":"Centurion and Healer","floor":25.0,"turns":8.0},{"damage":16.0,"enemies":"Slaver and Parasite","floor":28.0,"turns":5.0},{"damage":56.0,"enemies":"Slavers","floor":29.0,"turns":6.0},{"damage":0,"enemies":"Gremlin Leader","floor":31,"turns":9},{"damage":15,"enemies":"Champ","floor":33,"turns":14},{"damage":24,"enemies":"Orb Walker","floor":35,"turns":5},{"damage":18,"enemies":"3 Darklings","floor":37,"turns":7},{"damage":9,"enemies":"Mysterious Sphere","floor":38,"turns":6},{"damage":26,"enemies":"Flame Bruiser 2 Orb","floor":39,"turns":6},{"damage":7,"enemies":"Sphere and 2 Shapes","floor":41,"turns":7},{"damage":0,"enemies":"Spire Growth","floor":45,"turns":7},{"damage":31,"enemies":"Flame Bruiser 2 Orb","floor":46,"turns":8},{"damage":0,"enemies":"Maw","floor":48,"turns":9},{"damage":19,"enemies":"Time Eater","floor":50,"turns":15}],"relics_obtained":[{"floor":7.0,"key":"Anchor"},{"floor":9.0,"key":"Regal Pillow"},{"floor":11.0,"key":"The Courier"},{"floor":23.0,"key":"Pear"},{"floor":26.0,"key":"Gremlin Horn"},{"floor":29.0,"key":"Emotion Chip"},{"floor":31,"key":"Pantograph"},{"floor":38,"key":"Thread and Needle"},{"floor":43,"key":"Potion Belt"}],"event_choices":[{"event_name":"The Cleric","player_choice":"Leave","floor":4.0,"damage_taken":0.0},{"event_name":"Purifier","player_choice":"One Purge","floor":14.0,"damage_taken":0.0},{"event_name":"Bonfire Elementals","player_choice":"BASIC","floor":19.0,"damage_taken":0.0},{"event_name":"Addict","player_choice":"Obtained Relic","floor":20.0,"damage_taken":0.0},{"event_name":"Knowing Skull","player_choice":"","floor":30,"damage_taken":0},{"event_name":"Winding Halls","player_choice":"Embrace Madness","floor":36,"damage_taken":0},{"event_name":"Mysterious Sphere","player_choice":"Fight","floor":38,"damage_taken":0},{"event_name":"Tomb of Lord Red Mask","player_choice":"Paid","floor":47,"damage_taken":0}],"boss_relics":[{"not_picked":["Orrery","Velvet Choker"],"picked":"Lizard Tail"}],"potions_floor_spawned":[1,10,11,12,13,22,23,25,31,33,38,39,41,45],"seed_played":"-8807419420774602382","ascension_level":15,"potions_obtained":[{"floor":1.0,"key":"Dexterity Potion"},{"floor":10.0,"key":"Swift Potion"},{"floor":11.0,"key":"EssenceOfSteel"},{"floor":12.0,"key":"Dexterity Potion"},{"floor":22.0,"key":"PowerPotion"},{"floor":23.0,"key":"Dexterity Potion"},{"floor":41,"key":"Block Potion"},{"floor":45,"key":"SteroidPotion"}],"is_trial":false}