{"path_per_floor":["M","M","$","M","M","R","M","E","T","M","?","R","E","M","R","B",null,"M","M","M","$","?","R","E","R","T","M","R","E","?","M","R"],"character_chosen":"DEFECT","items_purchased":["Explosive Potion","Sunder","Bag of Preparation","Melter"],"gold_per_floor":[117,137,13,24,40,40,50,80,131,146,146,146,172,188,188,267,267,287,299,310,42,42,42,68,68,94,106,106,135,135,147,147,147],"floor_reached":33,"campfire_rested":4,"playtime":1017,"item_purchase_floors":[],"current_hp_per_floor":[66,66,66,66,66,66,66,55,55,46,46,46,20,14,52,26,65,49,33,28,28,28,66,43,43,43,42,78,46,46,22,60,0],"items_purged":["Strike_B"],"gold":147,"score":523,"play_id":"6cc4f345-3916-43b1-bd44-7185132cc915","local_time":"20180520143904","is_prod":false,"is_daily":false,"chose_seed":false,"is_ascension_mode":true,"campfire_upgraded":3,"timestamp":1526798344,"campfire_choices":[{"data":"Gash","floor":6.0,"key":"SMITH"},{"data":"Hologram","floor":12,"key":"SMITH"},{"floor":15,"key":"REST"},{"floor":23,"key":"REST"},{"data":"Sunder","floor":25,"key":"SMITH"},{"floor":28,"key":"REST"},{"floor":32,"key":"REST"}],"path_taken":["M","M","$","M","M","R","M","E","T","?","?","R","E","M","R","BOSS","M","?","M","$","?","R","E","R","T","M","R","E","?","M","R","BOSS"],"build_version":"2018-05-18","seed_source_timestamp":871566299774122,"purchased_purges":1,"victory":false,"master_deck":["Strike_B+1","Strike_B+1","Strike_B+1","Defend_B+1","Defend_B+1","Defend_B+1","Defend_B+1","Zap","Dualcast","AscendersBane","Leap","Streamline","Gash+1","Doom and Gloom","Loop","Hologram+1","Cold Snap","Axe Kick","All For One","Chill","Go for the Eyes","Capacitor","Sunder+1","Melter","Axe Kick","Redo"],"max_hp_per_floor":[78,78,78,78,78,78,78,78,78,78,78,78,78,78,78,78,78,78,78,78,78,78,78,78,78,78,78,78,78,78,78,78,78],"relics":["Cracked Core","Regal Pillow","Ornamental Fan","Sozu","Bag of Preparation","Boot","Potion Belt","DataDisk"],"card_choices":[{"not_picked":["Self Repair","Steam"],"picked":"Leap","floor":1.0},{"not_picked":["Leap","Axe Kick"],"picked":"Streamline","floor":2.0},{"not_picked":["Coolheaded","Melter"],"picked":"Gash","floor":4.0},{"not_picked":["Axe Kick","Sweeping Beam"],"picked":"Doom and Gloom","floor":5.0},{"not_picked":["Genetic Algorithm","Streamline","Barrage"],"picked":"SKIP","floor":7.0},{"not_picked":["Redo","Auto Shields"],"picked":"Loop","floor":8},{"not_picked":["Heatsinks","Stack"],"picked":"Hologram","floor":10},{"not_picked":["Meteor Strike","Capacitor"],"picked":"Cold Snap","floor":13},{"not_picked":["Blizzard","Coolheaded"],"picked":"Axe Kick","floor":14},{"not_picked":["Multi-Cast","Rainbow"],"picked":"All For One","floor":16},{"not_picked":["Coolheaded","Turbo"],"picked":"Chill","floor":18},{"not_picked":["Aggregate+1","Turbo+1"],"picked":"Go for the Eyes","floor":19},{"not_picked":["Storm","Fusion+1"],"picked":"Capacitor","floor":20},{"not_picked":["Static Discharge","Heatsinks+1"],"picked":"Axe Kick","floor":24},{"not_picked":["Electrodynamics","Darkness","Doom and Gloom"],"picked":"SKIP","floor":27},{"not_picked":["Sunder+1","Sweeping Beam"],"picked":"Redo","floor":29},{"not_picked":["Steam Power+1","Ball Lightning","BootSequence"],"picked":"SKIP","floor":31}],"player_experience":1032349,"potions_floor_usage":[16,16],"damage_taken":[{"damage":5.0,"enemies":"Cultist","floor":1.0,"turns":5.0},{"damage":0.0,"enemies":"Small Slimes","floor":2.0,"turns":4.0},{"damage":0.0,"enemies":"Jaw Worm","floor":4.0,"turns":4.0},{"damage":0.0,"enemies":"Large Slime","floor":5.0,"turns":5.0},{"damage":0.0,"enemies":"Gremlin Gang","floor":7.0,"turns":3.0},{"damage":11.0,"enemies":"Lagavulin","floor":8.0,"turns":5.0},{"damage":9,"enemies":"Red Slaver","floor":10,"turns":3},{"damage":26,"enemies":"Lagavulin","floor":13,"turns":4},{"damage":6,"enemies":"Blue Slaver","floor":14,"turns":4},{"damage":26,"enemies":"Slime Boss","floor":16,"turns":11},{"damage":16,"enemies":"Shell Parasite","floor":18,"turns":4},{"damage":16,"enemies":"Spheric Guardian","floor":19,"turns":4},{"damage":5,"enemies":"Snecko","floor":20,"turns":5},{"damage":23,"enemies":"Slavers","floor":24,"turns":6},{"damage":1,"enemies":"Sentry and Sphere","floor":27,"turns":3},{"damage":32,"enemies":"Book of Stabbing","floor":29,"turns":7},{"damage":24,"enemies":"Slaver and Parasite","floor":31,"turns":6},{"damage":77,"enemies":"Automaton","floor":33,"turns":10}],"relics_obtained":[{"floor":9,"key":"Regal Pillow"},{"floor":13,"key":"Ornamental Fan"},{"floor":24,"key":"Boot"},{"floor":26,"key":"Potion Belt"},{"floor":29,"key":"DataDisk"}],"event_choices":[{"event_name":"Liars Game","player_choice":"disagreed","floor":11,"damage_taken":0},{"event_name":"Back to Basics","player_choice":"Simplicity","floor":22,"damage_taken":0},{"event_name":"Vampires","player_choice":"Ignored","floor":30,"damage_taken":0}],"boss_relics":[{"not_picked":["Ectoplasm","White Beast Statue"],"picked":"Sozu"}],"items_purged_floors":[],"potions_floor_spawned":[1,7,10,14,18,19,29],"seed_played":"-2083768715696498879","killed_by":"Automaton","ascension_level":15,"potions_obtained":[{"floor":1.0,"key":"SteroidPotion"},{"floor":7.0,"key":"SpeedPotion"},{"floor":10,"key":"SpeedPotion"}],"is_trial":false}