{"gold_per_floor":[112,126,52,52,67,67,98,118,118,145,220,220,220,233,233,352,352,367,7,7,30,54,92,92,136,136,10,10,10,28,46,46,167,167,180,305,324,337,337,375,375,411,411,424,464,83,96,137,137,137,137,137,15,53,53],"floor_reached":55,"playtime":4645,"items_purged":["Strike_B"],"score":1072,"play_id":"b400c8b8-5541-43ba-a096-7d3dfe705a09","local_time":"20190227223051","is_ascension_mode":true,"campfire_choices":[{"data":"Sunder","floor":6.0,"key":"SMITH"},{"data":"Static Discharge","floor":12.0,"key":"SMITH"},{"floor":15.0,"key":"REST"},{"floor":24.0,"key":"REST"},{"floor":29.0,"key":"REST"},{"floor":32,"key":"RECALL"},{"floor":41,"key":"REST"},{"floor":49,"key":"REST"},{"floor":52,"key":"REST"}],"neow_cost":"NONE","seed_source_timestamp":91050913144088,"circlet_count":0,"master_deck":["Zap+1","Dualcast","Compile Driver","Static Discharge+1","Sunder+1","Capacitor","Chaos+1","Sweeping Beam","Fission+1","Conserve Battery+1","Heatsinks","Self Repair","Turbo+1","Leap+1","Creative AI","Heatsinks","Coolheaded+1","Go for the Eyes","Skim+1","Biased Cognition","Hyperbeam","Steam+1","Glacier+1","Fission+1","Amplify+1","Chill+1","Hologram+1","Coolheaded+1","Thunder Strike","Electrodynamics","Double Energy+1","BootSequence+1"],"special_seed":0,"relics":["Cracked Core","Sundial","Symbiotic Virus","Gremlin Horn","Toxic Egg 2","Golden Idol","Fusion Hammer","Letter Opener","Bag of Preparation","Pen Nib","PreservedInsect","Pandora\u0027s Box","StoneCalendar","Ginger","Orichalcum","DataDisk","Dead Branch","Juzu Bracelet","Strawberry"],"potions_floor_usage":[37,44,55,55],"damage_taken":[{"damage":0.0,"enemies":"2 Louse","floor":1.0,"turns":2.0},{"damage":2.0,"enemies":"Jaw Worm","floor":2.0,"turns":2.0},{"damage":5.0,"enemies":"Small Slimes","floor":5.0,"turns":3.0},{"damage":20.0,"enemies":"3 Sentries","floor":7.0,"turns":5.0},{"damage":7.0,"enemies":"Looter","floor":8.0,"turns":2.0},{"damage":0.0,"enemies":"Gremlin Nob","floor":10.0,"turns":2.0},{"damage":0.0,"enemies":"Large Slime","floor":14.0,"turns":4.0},{"damage":16.0,"enemies":"Hexaghost","floor":16.0,"turns":4.0},{"damage":15.0,"enemies":"Shell Parasite","floor":18.0,"turns":4.0},{"damage":0.0,"enemies":"Spheric Guardian","floor":21.0,"turns":3.0},{"damage":25.0,"enemies":"Snecko","floor":22.0,"turns":4.0},{"damage":32.0,"enemies":"Book of Stabbing","floor":23.0,"turns":4.0},{"damage":15.0,"enemies":"Slavers","floor":25.0,"turns":4.0},{"damage":7.0,"enemies":"Snake Plant","floor":30.0,"turns":3.0},{"damage":0.0,"enemies":"Centurion and Healer","floor":31.0,"turns":4.0},{"damage":27,"enemies":"Collector","floor":33,"turns":7},{"damage":5,"enemies":"3 Shapes","floor":35,"turns":2},{"damage":0,"enemies":"Mind Bloom Boss Battle","floor":36,"turns":2},{"damage":9,"enemies":"3 Darklings","floor":37,"turns":3},{"damage":0,"enemies":"Spire Growth","floor":38,"turns":3},{"damage":4,"enemies":"Nemesis","floor":40,"turns":5},{"damage":0,"enemies":"Giant Head","floor":42,"turns":3},{"damage":5,"enemies":"Writhing Mass","floor":44,"turns":4},{"damage":0,"enemies":"Nemesis","floor":45,"turns":3},{"damage":0,"enemies":"4 Shapes","floor":47,"turns":1},{"damage":7,"enemies":"Giant Head","floor":48,"turns":6},{"damage":16,"enemies":"Time Eater","floor":50,"turns":10},{"damage":8,"enemies":"Shield and Spear","floor":54,"turns":2},{"damage":73,"enemies":"The Heart","floor":55,"turns":5}],"seed_played":"-5494927833378161998","potions_obtained":[{"floor":7.0,"key":"AttackPotion"},{"floor":8.0,"key":"SkillPotion"},{"floor":14.0,"key":"Weak Potion"},{"floor":21.0,"key":"Strength Potion"},{"floor":22.0,"key":"Explosive Potion"},{"floor":23.0,"key":"Block Potion"},{"floor":30.0,"key":"GamblersBrew"},{"floor":35,"key":"SpeedPotion"},{"floor":37,"key":"SneckoOil"},{"floor":42,"key":"Poison Potion"},{"floor":44,"key":"SteroidPotion"}],"is_trial":false,"path_per_floor":["M","M","$","?","M","R","E","M","T","E","?","R","?","M","R","B",null,"M","$","?","M","M","E","R","E","T","$","?","R","M","M","R","B",null,"M","?","M","M","?","E","R","E","T","M","E","$","M","E","R","B",null,"R","$","E","B"],"character_chosen":"DEFECT","items_purchased":["Sunder","Letter Opener","Heatsinks","Cold Snap","Coolheaded+1","Double Energy+1","Dead Branch","Dexterity Potion","BootSequence+1"],"campfire_rested":6,"item_purchase_floors":[3,19,19,19,27,46,46,53,53],"current_hp_per_floor":[75,73,73,66,61,61,41,34,34,34,23,23,23,23,43,27,69,54,54,54,61,43,18,38,30,30,30,30,50,50,57,57,37,69,64,69,67,67,67,69,69,69,69,69,69,69,69,69,69,60,69,69,69,68,0],"gold":53,"neow_bonus":"UPGRADE_CARD","is_prod":false,"is_daily":false,"chose_seed":false,"campfire_upgraded":2,"win_rate":0,"timestamp":1551303051,"path_taken":["M","M","$","?","M","R","E","M","T","E","?","R","?","M","R","BOSS","M","$","?","M","M","E","R","E","T","$","?","R","M","M","R","BOSS","M","?","M","M","?","E","R","E","T","M","E","$","M","E","R","BOSS","R","$","E","BOSS"],"build_version":"2019-01-23","purchased_purges":1,"victory":false,"max_hp_per_floor":[75,75,75,75,75,75,75,75,75,75,75,75,69,69,69,69,69,69,69,69,69,69,69,69,69,69,69,69,69,69,69,69,69,69,69,69,69,69,69,69,69,69,69,69,69,69,69,69,69,69,69,69,69,76,76],"card_choices":[{"not_picked":["Stack","Coolheaded"],"picked":"Compile Driver","floor":1.0},{"not_picked":["Skim","Melter"],"picked":"Static Discharge","floor":2.0},{"not_picked":["Gash","Auto Shields"],"picked":"Capacitor","floor":5.0},{"not_picked":["Fusion","Lockon","Multi-Cast"],"picked":"SKIP","floor":7.0},{"not_picked":["Doom and Gloom","Capacitor","Reprogram"],"picked":"SKIP","floor":8.0},{"not_picked":["Beam Cell","Streamline"],"picked":"Chaos","floor":10.0},{"not_picked":["Fusion+1","Streamline"],"picked":"Sweeping Beam","floor":14.0},{"not_picked":["Seek+1","All For One"],"picked":"Fission+1","floor":16.0},{"not_picked":["Turbo+1","Streamline"],"picked":"Conserve Battery+1","floor":18.0},{"not_picked":["Reinforced Body+1","Steam+1"],"picked":"Turbo+1","floor":21.0},{"not_picked":["Cold Snap","Compile Driver+1"],"picked":"Leap+1","floor":22.0},{"not_picked":["Storm","Compile Driver"],"picked":"Creative AI","floor":23.0},{"not_picked":["Gash","Sweeping Beam"],"picked":"Heatsinks","floor":25.0},{"not_picked":["Go for the Eyes+1","Leap+1","Chaos+1"],"picked":"SKIP","floor":30.0},{"not_picked":["Leap+1","Rip and Tear","Undo+1"],"picked":"SKIP","floor":31.0},{"not_picked":["Multi-Cast+1","Rainbow+1"],"picked":"Biased Cognition","floor":33},{"not_picked":["Cold Snap+1","Barrage"],"picked":"Chill+1","floor":35},{"not_picked":["Ball Lightning+1","Turbo+1"],"picked":"Hologram+1","floor":37},{"not_picked":["Steam+1","Ball Lightning+1"],"picked":"Coolheaded+1","floor":38},{"not_picked":["Go for the Eyes","Static Discharge","Stack+1"],"picked":"SKIP","floor":40},{"not_picked":["Hologram+1","Coolheaded+1"],"picked":"Thunder Strike","floor":42},{"not_picked":["Gash+1","Melter+1","Glacier+1"],"picked":"SKIP","floor":44},{"not_picked":["Cold Snap+1","Reboot+1"],"picked":"Electrodynamics","floor":45},{"not_picked":["Gash+1","Turbo+1","Cold Snap"],"picked":"SKIP","floor":47},{"not_picked":["Hologram+1","Heatsinks","Rebound"],"picked":"SKIP","floor":48},{"not_picked":["Scrape","Sweeping Beam+1","Ball Lightning"],"picked":"SKIP","floor":54}],"player_experience":155642,"relics_obtained":[{"floor":7.0,"key":"Symbiotic Virus"},{"floor":9.0,"key":"Gremlin Horn"},{"floor":10.0,"key":"Toxic Egg 2"},{"floor":23.0,"key":"Bag of Preparation"},{"floor":25.0,"key":"Pen Nib"},{"floor":26.0,"key":"PreservedInsect"},{"floor":36,"key":"StoneCalendar"},{"floor":40,"key":"Ginger"},{"floor":42,"key":"Orichalcum"},{"floor":45,"key":"DataDisk"},{"floor":48,"key":"Juzu Bracelet"},{"floor":54,"key":"Strawberry"}],"event_choices":[{"damage_healed":0.0,"max_hp_gain":0.0,"max_hp_loss":0.0,"gold_gain":0.0,"event_name":"Scrap Ooze","player_choice":"Success","floor":4.0,"gold_loss":0.0,"damage_taken":7.0,"relics_obtained":["Sundial"]},{"damage_healed":0.0,"max_hp_gain":0.0,"max_hp_loss":0.0,"gold_gain":75.0,"event_name":"World of Goop","player_choice":"Gather Gold","floor":11.0,"gold_loss":0.0,"damage_taken":11.0},{"damage_healed":0.0,"max_hp_gain":0.0,"max_hp_loss":6.0,"gold_gain":0.0,"event_name":"Golden Idol","player_choice":"Lose Max HP","floor":13.0,"gold_loss":0.0,"damage_taken":0.0,"relics_obtained":["Golden Idol"]},{"damage_healed":0.0,"max_hp_gain":0.0,"max_hp_loss":0.0,"gold_gain":0.0,"event_name":"The Library","player_choice":"Read","floor":20.0,"gold_loss":0.0,"damage_taken":0.0,"cards_obtained":["Self Repair"]},{"damage_healed":0.0,"max_hp_gain":0.0,"max_hp_loss":0.0,"gold_gain":0.0,"cards_transformed":["Strike_B","Strike_B"],"event_name":"Drug Dealer","player_choice":"Became Test Subject","floor":28.0,"gold_loss":0.0,"damage_taken":0.0,"cards_obtained":["Go for the Eyes","Skim"]},{"damage_healed":0,"gold_gain":0,"player_choice":"Fight","damage_taken":0,"max_hp_gain":0,"max_hp_loss":0,"event_name":"MindBloom","floor":36,"gold_loss":0},{"cards_removed":["Cold Snap"],"damage_healed":0,"gold_gain":0,"player_choice":"Removed Attack","damage_taken":0,"max_hp_gain":0,"max_hp_loss":0,"event_name":"Falling","floor":39,"gold_loss":0}],"is_beta":false,"boss_relics":[{"not_picked":["Philosopher\u0027s Stone","Nuclear Battery"],"picked":"Fusion Hammer"},{"not_picked":["Velvet Choker","Empty Cage"],"picked":"Pandora\u0027s Box"}],"items_purged_floors":[27],"is_endless":false,"potions_floor_spawned":[7,8,14,21,22,23,30,35,37,42,44],"killed_by":"The Heart","ascension_level":3}