{"gold_per_floor":[117,131,147,147,4,4,29,29,52,68,68,83,83,83,83,184,184,204,204,204,104,115,115,131,46,46,56,56,72,72],"floor_reached":30,"playtime":1458,"items_purged":["Strike_B","Amplify+1"],"score":288,"play_id":"d4043e93-6c91-42d1-995a-4fd82e060cee","local_time":"20180717150214","is_ascension_mode":true,"campfire_choices":[{"data":"Zap","floor":6,"key":"SMITH"},{"data":"Electrodynamics","floor":8,"key":"SMITH"},{"data":"FTL","floor":11,"key":"SMITH"},{"data":"Hologram","floor":13,"key":"SMITH"},{"data":"Defend_B","floor":15,"key":"SMITH"},{"data":"Hyperbeam","floor":23,"key":"SMITH"},{"floor":28,"key":"REST"}],"neow_cost":"NONE","seed_source_timestamp":16639928006810,"circlet_count":0,"master_deck":["Defend_B+1","Defend_B","Defend_B","Defend_B","Zap+1","Dualcast","Seek","Gash","Gash","Chill","Electrodynamics+1","FTL+1","Hologram+1","Hyperbeam+1","Rebound+1","Beam Cell+1","Beam Cell","Hologram","Gash+1"],"relics":["Cracked Core","Lantern","Pen Nib","Astrolabe","Smiling Mask","Meat on the Bone"],"potions_floor_usage":[16,24],"damage_taken":[{"damage":0,"enemies":"Cultist","floor":1,"turns":4},{"damage":0,"enemies":"2 Louse","floor":2,"turns":2},{"damage":2,"enemies":"Jaw Worm","floor":3,"turns":3},{"damage":14,"enemies":"Gremlin Nob","floor":7,"turns":3},{"damage":17,"enemies":"3 Louse","floor":10,"turns":2},{"damage":0,"enemies":"Lots of Slimes","floor":12,"turns":3},{"damage":17,"enemies":"Hexaghost","floor":16,"turns":7},{"damage":4,"enemies":"Chosen","floor":18,"turns":2},{"damage":0,"enemies":"3 Byrds","floor":22,"turns":2},{"damage":0,"enemies":"Snake Plant","floor":24,"turns":1},{"damage":54,"enemies":"Snecko","floor":27,"turns":5},{"damage":11,"enemies":"Slaver and Parasite","floor":29,"turns":3},{"damage":42,"enemies":"Book of Stabbing","floor":30,"turns":4}],"seed_played":"-4009247129898278572","potions_obtained":[{"floor":2,"key":"SteroidPotion"},{"floor":3,"key":"Strength Potion"},{"floor":10,"key":"Strength Potion"},{"floor":18,"key":"SpeedPotion"}],"is_trial":false,"path_per_floor":["M","M","M","?","$","R","E","R","T","M","R","M","R","?","R","B",null,"M","?","?","$","M","R","M","?","T","M","R","M"],"character_chosen":"DEFECT","items_purchased":["FTL"],"campfire_rested":1,"item_purchase_floors":[5],"current_hp_per_floor":[75,75,73,73,73,73,59,59,59,42,42,42,42,42,42,25,63,59,59,59,59,59,59,59,59,59,17,39,40,0],"gold":72,"neow_bonus":"ONE_RANDOM_RARE_CARD","is_prod":false,"is_daily":false,"chose_seed":false,"campfire_upgraded":6,"win_rate":0,"timestamp":1531819934,"path_taken":["M","M","?","?","$","R","E","R","T","M","R","M","R","?","R","BOSS","M","?","?","$","M","R","M","?","T","M","R","?","E"],"build_version":"2018-07-13","purchased_purges":2,"victory":false,"max_hp_per_floor":[75,75,75,75,75,75,75,75,75,75,75,75,75,75,75,75,75,75,75,75,75,75,75,75,75,75,75,75,75,75],"card_choices":[{"not_picked":["Turbo","Double Energy"],"picked":"Gash","floor":1},{"not_picked":["Sunder","Cold Snap"],"picked":"Gash","floor":2},{"not_picked":["Coolheaded","Self Repair"],"picked":"Chill","floor":3},{"not_picked":["Steam","Sweeping Beam","Melter"],"picked":"SKIP","floor":7},{"not_picked":["Compile Driver","Amplify","Recycle"],"picked":"SKIP","floor":10},{"not_picked":["Ball Lightning","Heatsinks"],"picked":"Hologram","floor":12},{"not_picked":["Multi-Cast","Rainbow"],"picked":"Hyperbeam","floor":16},{"not_picked":["Barrage+1","Loop"],"picked":"Beam Cell","floor":18},{"not_picked":["Loop+1","Steam","Barrage"],"picked":"SKIP","floor":22},{"not_picked":["Heatsinks","Compile Driver+1"],"picked":"Hologram","floor":24},{"not_picked":["Steam","Reinforced Body","Go for the Eyes"],"picked":"SKIP","floor":27},{"not_picked":["Cold Snap","Barrage"],"picked":"Gash+1","floor":29}],"player_experience":241799,"relics_obtained":[{"floor":7,"key":"Lantern"},{"floor":9,"key":"Pen Nib"},{"floor":26,"key":"Meat on the Bone"}],"event_choices":[{"event_name":"Match and Keep!","player_choice":"1 cards matched","floor":4,"damage_taken":0},{"event_name":"Liars Game","player_choice":"disagreed","floor":14,"damage_taken":0},{"event_name":"Vampires","player_choice":"Ignored","floor":19,"damage_taken":0},{"event_name":"Ghosts","player_choice":"Ignored","floor":20,"damage_taken":0},{"event_name":"Addict","player_choice":"Obtained Relic","floor":25,"damage_taken":0}],"boss_relics":[{"not_picked":["Lizard Tail","Velvet Choker"],"picked":"Astrolabe"}],"items_purged_floors":[5,21],"is_endless":false,"potions_floor_spawned":[2,3,10,18,22],"killed_by":"Book of Stabbing","ascension_level":5}