{"gold_per_floor":[119,131,150,150,160,160,189,189,189,224,114,114,114,76,76,174,174,193,193,193,211,221,221,252,125,150,150,164,164,182,192,192,292,292,304,314,314,326,346,346,364,364,364,56,66,0,19,19,19,19],"floor_reached":51,"playtime":4985,"items_purged":["Strike_B","Shame"],"score":687,"play_id":"fb1e3b23-5dd9-44cf-9084-fc7d01d5907a","local_time":"20190128214103","is_ascension_mode":true,"campfire_choices":[{"data":"Sunder","floor":6,"key":"SMITH"},{"data":"Zap","floor":8,"key":"SMITH"},{"data":"Defragment","floor":12,"key":"SMITH"},{"data":"Loop","floor":15,"key":"SMITH"},{"floor":23,"key":"REST"},{"floor":27,"key":"REST"},{"data":"Thunder Strike","floor":29,"key":"SMITH"},{"floor":32,"key":"REST"},{"floor":40,"key":"REST"},{"floor":42,"key":"REST"},{"data":"Echo Form","floor":49,"key":"SMITH"}],"neow_cost":"TEN_PERCENT_HP_LOSS","seed_source_timestamp":372521820446819,"circlet_count":0,"master_deck":["Zap+1","Dualcast","Storm","Electrodynamics","Sunder+1","Conserve Battery","Genetic Algorithm","Auto Shields","White Noise","Defragment+1","Loop+1","Thunder Strike+1","Streamline+1","Double Energy","Biased Cognition","Tempest+1","Defragment","Force Field","Redo+1","Hologram+1","Amplify","Ball Lightning+1","Leap+1","Machine Learning+1","BootSequence+1","Gash+1","Echo Form+1","Conserve Battery","Go for the Eyes","Gash","Bandage Up","Consume+1","Writhe"],"relics":["Cracked Core","Question Card","Shuriken","Happy Flower","Pandora\u0027s Box","Potion Belt","Cables","Bottled Flame","Whetstone","Astrolabe","Bottled Lightning","Membership Card","Red Mask"],"potions_floor_usage":[13,18,21,28,33,39,41,47,50,50],"damage_taken":[{"damage":1,"enemies":"Cultist","floor":1,"turns":4},{"damage":1,"enemies":"2 Louse","floor":2,"turns":2},{"damage":3,"enemies":"Small Slimes","floor":3,"turns":3},{"damage":9,"enemies":"2 Fungi Beasts","floor":5,"turns":2},{"damage":12,"enemies":"Lagavulin","floor":7,"turns":7},{"damage":0,"enemies":"3 Sentries","floor":10,"turns":3},{"damage":7,"enemies":"The Guardian","floor":16,"turns":6},{"damage":0,"enemies":"Chosen","floor":18,"turns":5},{"damage":13,"enemies":"2 Thieves","floor":21,"turns":2},{"damage":15,"enemies":"Centurion and Healer","floor":22,"turns":3},{"damage":30,"enemies":"Book of Stabbing","floor":24,"turns":3},{"damage":6,"enemies":"Snake Plant","floor":28,"turns":4},{"damage":10,"enemies":"Cultist and Chosen","floor":30,"turns":3},{"damage":10,"enemies":"Shelled Parasite and Fungi","floor":31,"turns":3},{"damage":25,"enemies":"Collector","floor":33,"turns":5},{"damage":10,"enemies":"Orb Walker","floor":35,"turns":2},{"damage":18,"enemies":"3 Darklings","floor":36,"turns":3},{"damage":13,"enemies":"Jaw Worm Horde","floor":38,"turns":3},{"damage":17,"enemies":"Writhing Mass","floor":39,"turns":4},{"damage":0,"enemies":"Spire Growth","floor":41,"turns":3},{"damage":12,"enemies":"4 Shapes","floor":45,"turns":3},{"damage":0,"enemies":"Jaw Worm Horde","floor":47,"turns":4},{"damage":64,"enemies":"Donu and Deca","floor":50,"turns":6}],"seed_played":"-7760695298367858061","potions_obtained":[{"floor":1,"key":"Block Potion"},{"floor":5,"key":"Block Potion"},{"floor":13,"key":"Fruit Juice"},{"floor":13,"key":"SkillPotion"},{"floor":22,"key":"Strength Potion"},{"floor":31,"key":"SkillPotion"},{"floor":33,"key":"Ancient Potion"},{"floor":35,"key":"Swift Potion"},{"floor":39,"key":"PowerPotion"},{"floor":45,"key":"Block Potion"}],"is_trial":false,"path_per_floor":["M","M","M","?","M","R","E","R","T","E","$","R","?","$","R","B",null,"M","?","?","M","M","R","E","$","T","R","M","R","M","M","R","B",null,"M","M","?","M","M","R","M","R","T","$","M","?","M","?","R","B",null],"character_chosen":"DEFECT","items_purchased":["Defragment","Loop","Steam","Membership Card","Conserve Battery","Go for the Eyes","Gash","Bandage Up"],"campfire_rested":5,"item_purchase_floors":[11,14,25,44,44,44,44,44],"current_hp_per_floor":[67,66,63,63,54,54,42,42,42,42,42,42,47,47,47,40,73,73,73,73,60,45,66,36,36,36,57,51,51,41,31,52,27,73,63,45,45,32,15,36,36,57,57,57,49,49,53,71,71,11],"gold":19,"neow_bonus":"TRANSFORM_TWO_CARDS","is_prod":false,"is_daily":false,"chose_seed":false,"campfire_upgraded":6,"win_rate":0,"timestamp":1548708063,"path_taken":["M","?","M","?","?","R","E","R","T","E","$","R","?","?","R","BOSS","M","?","?","M","?","R","E","$","T","R","M","R","M","M","R","BOSS","M","M","?","M","M","R","M","R","T","$","M","?","?","?","R","BOSS"],"build_version":"2019-01-23","purchased_purges":2,"victory":true,"max_hp_per_floor":[68,68,68,68,68,68,68,68,68,68,68,68,73,73,73,73,73,73,73,73,73,73,73,73,73,73,73,73,73,73,73,73,73,73,73,73,73,73,73,73,73,73,73,73,73,73,73,73,73,73],"card_choices":[{"not_picked":["Sweeping Beam","Hologram"],"picked":"Sunder","floor":1},{"not_picked":["Gash","Steam"],"picked":"Conserve Battery","floor":2},{"not_picked":["Storm","FTL"],"picked":"Genetic Algorithm","floor":3},{"not_picked":["Chaos","Barrage"],"picked":"Chill","floor":5},{"not_picked":["Turbo","Rebound"],"picked":"Auto Shields","floor":7},{"not_picked":["Capacitor","Glacier","Coolheaded"],"picked":"White Noise","floor":10},{"not_picked":["Seek","Machine Learning","Biased Cognition"],"picked":"Thunder Strike","floor":16},{"not_picked":["Stack","Lockon","Turbo"],"picked":"Tempest+1","floor":18},{"not_picked":["Streamline","Fusion","Chaos+1"],"picked":"Defragment","floor":21},{"not_picked":["Cold Snap","Conserve Battery+1","Gash"],"picked":"Force Field","floor":22},{"not_picked":["Reprogram+1","Undo","Coolheaded"],"picked":"Redo+1","floor":24},{"not_picked":["Blizzard","Capacitor","Compile Driver+1","Electrodynamics"],"picked":"SKIP","floor":28},{"not_picked":["Darkness","Capacitor","Beam Cell","Hello World"],"picked":"SKIP","floor":30},{"not_picked":["Fusion+1","Self Repair","Beam Cell"],"picked":"Hologram+1","floor":31},{"not_picked":["Hyperbeam","Buffer","All For One"],"picked":"Amplify","floor":33},{"not_picked":["Reprogram","Melter","Sweeping Beam","Cold Snap"],"picked":"SKIP","floor":35},{"not_picked":["Turbo","Ball Lightning+1","Beam Cell"],"picked":"BootSequence+1","floor":36},{"not_picked":["Gash","Coolheaded","Rip and Tear","Barrage+1"],"picked":"SKIP","floor":38},{"not_picked":["Streamline","Double Energy","Barrage+1"],"picked":"Gash+1","floor":39},{"not_picked":["Conserve Battery+1","Cold Snap+1","Tempest"],"picked":"Echo Form","floor":41},{"not_picked":["Rebound+1","Turbo","Tempest"],"picked":"Consume+1","floor":45},{"not_picked":["Blizzard+1","Conserve Battery","Chaos+1","Hologram+1"],"picked":"SKIP","floor":47}],"player_experience":79486,"relics_obtained":[{"floor":7,"key":"Question Card"},{"floor":9,"key":"Shuriken"},{"floor":10,"key":"Happy Flower"},{"floor":24,"key":"Bottled Flame"},{"floor":26,"key":"Whetstone"},{"floor":43,"key":"Bottled Lightning"}],"event_choices":[{"damage_healed":0,"gold_gain":0,"player_choice":"Bought 0 Potions","damage_taken":0,"max_hp_gain":0,"max_hp_loss":0,"event_name":"The Woman in Blue","floor":4,"gold_loss":0},{"damage_healed":0,"gold_gain":0,"player_choice":"Got Potions","damage_taken":0,"max_hp_gain":0,"max_hp_loss":0,"event_name":"Lab","floor":13,"gold_loss":0},{"damage_healed":0,"gold_gain":0,"player_choice":"Stole Relic","damage_taken":0,"relics_obtained":["Potion Belt"],"max_hp_gain":0,"max_hp_loss":0,"event_name":"Addict","floor":19,"gold_loss":0,"cards_obtained":["Shame"]},{"cards_removed":["Chaos"],"damage_healed":0,"gold_gain":0,"player_choice":"Gave Card","damage_taken":0,"relics_obtained":["Cables"],"max_hp_gain":0,"max_hp_loss":0,"event_name":"WeMeetAgain","floor":20,"gold_loss":0},{"damage_healed":0,"gold_gain":0,"player_choice":"Ignored","damage_taken":0,"max_hp_gain":0,"max_hp_loss":0,"event_name":"Mysterious Sphere","floor":37,"gold_loss":0},{"damage_healed":0,"gold_gain":0,"player_choice":"Paid","damage_taken":0,"relics_obtained":["Red Mask"],"max_hp_gain":0,"max_hp_loss":0,"event_name":"Tomb of Lord Red Mask","floor":46,"gold_loss":66},{"damage_healed":18,"gold_gain":0,"player_choice":"Writhe","damage_taken":0,"max_hp_gain":0,"max_hp_loss":0,"event_name":"Winding Halls","floor":48,"gold_loss":0,"cards_obtained":["Writhe"]}],"is_beta":false,"boss_relics":[{"not_picked":["Velvet Choker","Sozu"],"picked":"Pandora\u0027s Box"},{"not_picked":["Nuclear Battery","Cursed Key"],"picked":"Astrolabe"}],"items_purged_floors":[11,25],"is_endless":false,"potions_floor_spawned":[1,5,22,31,33,35,39,45],"ascension_level":1}