{"gold_per_floor":[119,138,155,171,171,171,196,208,220,247,21,31,56,56,56,56],"floor_reached":16,"playtime":929,"items_purged":[],"score":129,"play_id":"b5b780c4-0bd4-4773-a5c9-10dd419fcf38","local_time":"20190314153122","is_ascension_mode":true,"campfire_choices":[{"data":"Armaments","floor":6,"key":"SMITH"},{"floor":8,"key":"REST"},{"data":"Searing Blow+1","floor":15,"key":"SMITH"}],"neow_cost":"NONE","seed_source_timestamp":2581718423554,"circlet_count":0,"master_deck":["Strike_R","Strike_R","Strike_R","Strike_R","Defend_R","Defend_R","Defend_R","Defend_R","Bash+1","Dual Wield","Armaments+1","Shockwave","Headbutt","Disarm","Corruption","Searing Blow+2"],"relics":["Burning Blood","MawBank","Orichalcum","Membership Card","Mummified Hand"],"potions_floor_usage":[7,12,13,16],"damage_taken":[{"damage":5,"enemies":"Small Slimes","floor":1,"turns":3},{"damage":8,"enemies":"2 Louse","floor":2,"turns":3},{"damage":1,"enemies":"Cultist","floor":3,"turns":3},{"damage":22,"enemies":"Blue Slaver","floor":4,"turns":5},{"damage":38,"enemies":"Gremlin Nob","floor":7,"turns":5},{"damage":16,"enemies":"Red Slaver","floor":10,"turns":4},{"damage":23,"enemies":"Large Slime","floor":12,"turns":8},{"damage":20,"enemies":"Lagavulin","floor":13,"turns":9},{"damage":42,"enemies":"Slime Boss","floor":16,"turns":8}],"seed_played":"-8872642025067583930","potions_obtained":[{"floor":1,"key":"FairyPotion"},{"floor":3,"key":"SkillPotion"},{"floor":7,"key":"Regen Potion"},{"floor":10,"key":"Energy Potion"},{"floor":13,"key":"GamblersBrew"}],"is_trial":false,"path_per_floor":["M","M","M","M","?","R","E","R","T","M","$","M","E","?","R","B"],"character_chosen":"IRONCLAD","items_purchased":["Membership Card","Searing Blow"],"campfire_rested":1,"item_purchase_floors":[11,11],"current_hp_per_floor":[80,78,80,64,57,57,25,49,49,39,39,22,23,23,23,0],"gold":56,"neow_bonus":"UPGRADE_CARD","is_prod":false,"is_daily":false,"chose_seed":false,"campfire_upgraded":2,"win_rate":0,"timestamp":1552573882,"path_taken":["M","M","M","M","?","R","E","R","T","M","$","M","E","?","R","BOSS"],"build_version":"2019-01-23","purchased_purges":0,"victory":false,"max_hp_per_floor":[80,80,80,80,80,80,80,80,80,80,80,80,80,80,80,80],"card_choices":[{"not_picked":["Infernal Blade","Headbutt"],"picked":"Dual Wield","floor":1},{"not_picked":["Fire Breathing","Perfected Strike"],"picked":"Armaments","floor":2},{"not_picked":["Shrug It Off","Heavy Blade"],"picked":"Shockwave","floor":3},{"not_picked":["Entrench","Body Slam"],"picked":"Headbutt","floor":4},{"not_picked":["True Grit","Dropkick"],"picked":"Disarm","floor":7},{"not_picked":["Burning Pact","Entrench"],"picked":"Corruption","floor":10},{"not_picked":["Sentinel","Heavy Blade","Carnage"],"picked":"SKIP","floor":12},{"not_picked":["Searing Blow","Dual Wield","Berserk"],"picked":"SKIP","floor":13}],"player_experience":205487,"relics_obtained":[{"floor":7,"key":"MawBank"},{"floor":9,"key":"Orichalcum"},{"floor":13,"key":"Mummified Hand"}],"event_choices":[{"cards_removed":["Strike_R"],"damage_healed":0,"gold_gain":0,"player_choice":"Card Removal","damage_taken":7,"max_hp_gain":0,"max_hp_loss":0,"event_name":"Golden Wing","floor":5,"gold_loss":0},{"damage_healed":0,"gold_gain":0,"player_choice":"Grow","damage_taken":0,"max_hp_gain":0,"max_hp_loss":0,"event_name":"Living Wall","floor":14,"gold_loss":0,"cards_upgraded":["Searing Blow"]}],"is_beta":false,"boss_relics":[],"items_purged_floors":[],"is_endless":false,"potions_floor_spawned":[1,3,7,10,13],"killed_by":"Slime Boss","ascension_level":3}