{"gold_per_floor":[114,114,114,129,179,209,209,157,207,57,87,102,132,257,257,357,357,372,422,476,526,576,576,591,591,616,666,696,845,173,188,188,288,288,303,353,403,418,100,100,45,75,75,150,165,215,281,331,331,331],"floor_reached":51,"playtime":1565,"items_purged":[],"score":1353,"play_id":"96e709a8-3aba-4713-b22e-b29d20578d33","local_time":"20180716222532","daily_mods":["Brewmaster","Cursed Run","Hoarder"],"is_ascension_mode":false,"campfire_choices":[{"data":"Skewer","floor":7,"key":"SMITH"},{"floor":15,"key":"DIG"},{"floor":23,"key":"DIG"},{"floor":25,"key":"DIG"},{"floor":32,"key":"DIG"},{"floor":40,"key":"DIG"},{"floor":49,"key":"DIG"}],"neow_cost":"","seed_source_timestamp":48779969765276,"circlet_count":0,"master_deck":["Defend_G+1","Defend_G+1","Defend_G+1","Defend_G+1","Defend_G+1","Strike_G+1","Strike_G+1","Strike_G+1","Strike_G+1","Strike_G+1","Survivor+1","Neutralize+1","Venomology+1","Venomology+1","Venomology+1","Venomology+1","Venomology+1","Venomology+1","Venomology+1","Venomology+1","Venomology+1","Venomology+1","Venomology+1","Venomology+1","Venomology+1","Venomology+1","Flying Knee+1","Flying Knee+1","Flying Knee+1","Footwork+1","Footwork+1","Footwork+1","Regret","Regret","Regret","Skewer+1","Skewer+1","Skewer+1","Blur+1","Blur+1","Blur+1","Deflect+1","Deflect+1","Deflect+1","Regret","Regret","Regret","Well Laid Plans+1","Well Laid Plans+1","Well Laid Plans+1","Parasite","Parasite","Parasite","After Image+1","After Image+1","After Image+1","Backstab+1","Backstab+1","Backstab+1","Endless Agony+1","Endless Agony+1","Endless Agony+1","PiercingWail+1","PiercingWail+1","PiercingWail+1","Normality","Normality","Normality","Dodge and Roll+1","Dodge and Roll+1","Dodge and Roll+1","Cloak And Dagger+1","Cloak And Dagger+1","Cloak And Dagger+1","Shame","Shame","Shame","Dagger Spray+1","Dagger Spray+1","Dagger Spray+1","Endless Agony","Endless Agony","Endless Agony","Flash of Steel","Flash of Steel","Flash of Steel","Backstab","Backstab","Backstab","Writhe","Writhe","Writhe","Clumsy","Clumsy","Clumsy","Master of Strategy","Master of Strategy","Master of Strategy","Madness","Madness","Madness","Purity","Purity","Purity","Dodge and Roll+1","Dodge and Roll+1","Dodge and Roll+1","Normality","Normality","Normality","Injury","Injury","Injury"],"special_seed":17728,"relics":["Cursed Key","Darkstone Periapt","Du-Vu Doll","White Beast Statue","Dodecahedron","SsserpentHead","Potion Belt","Boot","Orichalcum","Juzu Bracelet","Shovel","Gremlin Horn","Bag of Preparation","Black Star","Red Mask","Art of War","Matryoshka","Centennial Puzzle","Ornamental Fan","Oddly Smooth Stone","Snake Skull","Blood Vial","Bag of Marbles","OrangePellets","Incense Burner","Anchor","Lizard Tail","Mark of the Bloom","Shuriken","Question Card","Vajra","Pen Nib","Ninja Scroll","Happy Flower","Bronze Scales","Thread and Needle","Kunai","Strawberry"],"potions_floor_usage":[1,1,1,1,4,4,6,6,6,6,6,6,6,6,6,11,11,13,13,16,16,16,16,16,16,16,16,18,20,20,20,20,20,24,28,28,28,33,33,42,50,50,50,50,50,50,50,50,50],"damage_taken":[{"damage":5,"enemies":"Jaw Worm","floor":1,"turns":4},{"damage":0,"enemies":"2 Louse","floor":4,"turns":2},{"damage":14,"enemies":"Lagavulin","floor":6,"turns":4},{"damage":0,"enemies":"Gremlin Nob","floor":11,"turns":2},{"damage":0,"enemies":"Cultist","floor":12,"turns":1},{"damage":3,"enemies":"Lagavulin","floor":13,"turns":2},{"damage":22,"enemies":"Hexaghost","floor":16,"turns":8},{"damage":0,"enemies":"Shell Parasite","floor":18,"turns":1},{"damage":1,"floor":20,"turns":2},{"damage":0,"enemies":"3 Byrds","floor":24,"turns":2},{"damage":6,"enemies":"Slavers","floor":28,"turns":4},{"damage":0,"enemies":"Centurion and Healer","floor":31,"turns":1},{"damage":0,"enemies":"Collector","floor":33,"turns":1},{"damage":0,"enemies":"Orb Walker","floor":35,"turns":1},{"damage":0,"enemies":"Flame Bruiser 1 Orb","floor":38,"turns":1},{"damage":5,"enemies":"2 Orb Walkers","floor":42,"turns":3},{"damage":0,"enemies":"Maw","floor":45,"turns":1},{"damage":0,"floor":47,"turns":1},{"damage":0,"enemies":"Awakened One","floor":50,"turns":7}],"seed_played":"-2205032152784244808","potions_obtained":[{"floor":1,"key":"Swift Potion"},{"floor":4,"key":"FearPotion"},{"floor":6,"key":"FearPotion"},{"floor":11,"key":"AttackPotion"},{"floor":12,"key":"Dexterity Potion"},{"floor":13,"key":"PowerPotion"},{"floor":18,"key":"AttackPotion"},{"floor":24,"key":"Fire Potion"},{"floor":28,"key":"SkillPotion"},{"floor":31,"key":"Strength Potion"},{"floor":33,"key":"Dexterity Potion"},{"floor":35,"key":"SteroidPotion"},{"floor":38,"key":"SkillPotion"}],"is_trial":false,"path_per_floor":["M","?","?","M","?","E","R","$","T","$","E","M","E","?","R","B",null,"M","?","?","?","?","R","M","R","T","?","E","?","$","M","R","B",null,"M","?","?","M","$","R","$","E","T","T","M","?","?","T","R","B"],"character_chosen":"THE_SILENT","items_purchased":["Blur","Deflect","Juzu Bracelet","Bag of Marbles","OrangePellets","Incense Burner","Dodge and Roll","Shuriken","Endless Agony","Flash of Steel"],"campfire_rested":0,"item_purchase_floors":[8,8,10,30,30,30,30,39,39,41],"current_hp_per_floor":[65,62,62,62,68,54,54,54,60,60,60,60,57,46,46,30,88,88,88,87,87,87,87,87,87,93,93,87,87,87,89,89,97,100,100,100,100,100,100,100,100,95,95,95,95,85,85,85,85,85],"gold":331,"neow_bonus":"","is_prod":false,"is_daily":true,"chose_seed":false,"campfire_upgraded":1,"win_rate":0,"timestamp":1531760132,"path_taken":["M","?","?","M","?","E","R","?","T","$","E","M","E","?","R","BOSS","M","?","?","?","?","R","M","R","T","?","E","?","$","M","R","BOSS","M","?","?","M","$","R","?","E","T","?","M","?","?","?","R","BOSS"],"build_version":"2018-07-13","purchased_purges":0,"victory":true,"max_hp_per_floor":[70,70,70,70,76,76,76,76,82,82,82,82,82,82,82,88,88,88,88,88,88,88,88,88,88,94,94,94,94,94,94,94,100,100,100,100,100,100,100,100,100,100,106,112,112,112,112,118,125,131],"card_choices":[{"not_picked":["Expertise","Slice"],"picked":"Flying Knee","floor":1},{"not_picked":["Quick Slash","Blur"],"picked":"Footwork","floor":4},{"not_picked":["Footwork","Finisher"],"picked":"Skewer","floor":6},{"not_picked":["Poisoned Stab","Masterful Stab","Bane"],"picked":"SKIP","floor":11},{"not_picked":["Tactician","Slice","Acrobatics"],"picked":"SKIP","floor":12},{"not_picked":["Predator","Footwork"],"picked":"Well Laid Plans","floor":13},{"not_picked":["Envenom","Night Terror"],"picked":"After Image","floor":16},{"not_picked":["Quick Slash","Noxious Fumes"],"picked":"Backstab","floor":18},{"not_picked":["Endless Agony","Deadly Poison+1"],"picked":"PiercingWail","floor":24},{"not_picked":["Quick Slash","Terror","Choke"],"picked":"SKIP","floor":28},{"not_picked":["Bouncing Flask","Quick Slash"],"picked":"Cloak And Dagger","floor":31},{"not_picked":["Underhanded Strike","Dash"],"picked":"Dagger Spray+1","floor":35},{"not_picked":["Well Laid Plans+1","Concentrate+1","Predator+1"],"picked":"SKIP","floor":38},{"not_picked":["All Out Attack","Accuracy","Dagger Throw+1"],"picked":"Backstab","floor":42},{"not_picked":["Acrobatics+1","Setup","Crippling Poison","Deadly Poison+1"],"picked":"SKIP","floor":45},{"not_picked":["Good Instincts","Dark Shackles","HandOfGreed"],"picked":"Master of Strategy","floor":46},{"not_picked":["Transmutation","Mayhem","HandOfGreed"],"picked":"Madness","floor":46},{"not_picked":["Sadistic Nature","Jack Of All Trades","Trip"],"picked":"Purity","floor":46},{"not_picked":["Terror+1","Quick Slash","Slice"],"picked":"Dodge and Roll+1","floor":47}],"player_experience":233627,"relics_obtained":[{"floor":6,"key":"Boot"},{"floor":9,"key":"Orichalcum"},{"floor":11,"key":"Shovel"},{"floor":13,"key":"Gremlin Horn"},{"floor":15,"key":"Bag of Preparation"},{"floor":20,"key":"Red Mask"},{"floor":23,"key":"Matryoshka"},{"floor":25,"key":"Centennial Puzzle"},{"floor":26,"key":"Ornamental Fan"},{"floor":26,"key":"Oddly Smooth Stone"},{"floor":28,"key":"Snake Skull"},{"floor":28,"key":"Blood Vial"},{"floor":32,"key":"Anchor"},{"floor":40,"key":"Question Card"},{"floor":42,"key":"Vajra"},{"floor":42,"key":"Pen Nib"},{"floor":43,"key":"Ninja Scroll"},{"floor":43,"key":"Happy Flower"},{"floor":44,"key":"Bronze Scales"},{"floor":47,"key":"Thread and Needle"},{"floor":48,"key":"Kunai"},{"floor":49,"key":"Strawberry"}],"event_choices":[{"event_name":"Scrap Ooze","player_choice":"success","floor":2,"damage_taken":3},{"event_name":"FaceTrader","player_choice":"Trade","floor":3,"damage_taken":0},{"event_name":"Big Fish","player_choice":"Box","floor":5,"damage_taken":0},{"event_name":"World of Goop","player_choice":"Gather Gold","floor":14,"damage_taken":0},{"event_name":"The Library","player_choice":"Read","floor":19,"damage_taken":0},{"event_name":"Masked Bandits","player_choice":"Fought over 472 gold","floor":20,"damage_taken":0},{"event_name":"Drug Dealer","player_choice":"Ignored","floor":21,"damage_taken":0},{"event_name":"The Mausoleum","player_choice":"Yes","floor":22,"damage_taken":0},{"event_name":"Vampires","player_choice":"Ignored","floor":27,"damage_taken":0},{"event_name":"Nest","player_choice":"Stole From Cult","floor":29,"damage_taken":0},{"event_name":"Falling","player_choice":"Removed Skill","floor":36,"damage_taken":0},{"event_name":"MindBloom","player_choice":"Upgrade","floor":37,"damage_taken":0},{"event_name":"SensoryStone","player_choice":"Memory 3","floor":46,"damage_taken":0},{"event_name":"Mysterious Sphere","player_choice":"Fight","floor":47,"damage_taken":0}],"boss_relics":[{"not_picked":["Tiny House","Snecko Eye"],"picked":"Black Star"},{"not_picked":["Sozu","Velvet Choker"],"picked":"Lizard Tail"}],"items_purged_floors":[],"is_endless":false,"potions_floor_spawned":[1,4,6,11,12,13,16,18,20,24,28,31,33,35,38,42,45,47],"ascension_level":0}