{"gold_per_floor":[118,118,131,145,23,54,65,91,91,121,396,415,441,459,459,459],"floor_reached":16,"playtime":1703,"items_purged":["Strike_R"],"score":145,"play_id":"8cb18bf2-6a42-42f3-9737-23fdb4901ce6","local_time":"20190411221134","is_ascension_mode":true,"campfire_choices":[{"data":"1","floor":15,"key":"LIFT"}],"neow_cost":"PERCENT_DAMAGE","seed_source_timestamp":82260856648300,"circlet_count":0,"master_deck":["Strike_R","Strike_R","Strike_R","Defend_R","Defend_R","Defend_R","Defend_R","Bash","Reaper","Clothesline","Headbutt","Bludgeon","True Grit","Demon Form","True Grit","Battle Trance","Heavy Blade","Regret","Whirlwind","Feel No Pain","Armaments"],"relics":["Burning Blood","Gambling Chip","Blue Candle","Charon\u0027s Ashes","Girya","Bronze Scales"],"potions_floor_usage":[6,8,8,16],"damage_taken":[{"damage":24,"enemies":"Small Slimes","floor":1,"turns":4},{"damage":1,"enemies":"Cultist","floor":3,"turns":4},{"damage":8,"enemies":"Jaw Worm","floor":4,"turns":4},{"damage":32,"enemies":"Lagavulin","floor":6,"turns":6},{"damage":17,"enemies":"Red Slaver","floor":7,"turns":6},{"damage":39,"enemies":"3 Sentries","floor":8,"turns":7},{"damage":46,"enemies":"Lagavulin","floor":10,"turns":7},{"damage":1,"enemies":"Exordium Thugs","floor":12,"turns":4},{"damage":32,"enemies":"3 Sentries","floor":13,"turns":4},{"damage":0,"enemies":"2 Fungi Beasts","floor":14,"turns":3},{"damage":29,"enemies":"The Guardian","floor":16,"turns":5}],"seed_played":"3828519731983546674","potions_obtained":[{"floor":3,"key":"Regen Potion"},{"floor":6,"key":"Poison Potion"},{"floor":7,"key":"Regen Potion"},{"floor":14,"key":"SteroidPotion"}],"is_trial":false,"path_per_floor":["M","?","M","M","$","E","M","E","T","E","?","M","E","M","R","B"],"character_chosen":"IRONCLAD","items_purchased":["True Grit"],"campfire_rested":0,"item_purchase_floors":[5],"current_hp_per_floor":[46,46,51,49,49,42,35,35,35,8,8,21,13,19,19,0],"gold":459,"neow_bonus":"THREE_RARE_CARDS","is_prod":false,"is_daily":false,"chose_seed":false,"campfire_upgraded":0,"win_rate":0,"timestamp":1555035094,"path_taken":["M","?","?","M","$","E","M","E","T","E","?","M","E","?","R","BOSS"],"build_version":"2019-01-23","purchased_purges":1,"victory":false,"max_hp_per_floor":[80,80,80,80,80,80,80,80,80,80,80,80,80,80,80,80],"card_choices":[{"not_picked":["Offering","Dark Embrace"],"picked":"Reaper","floor":0},{"not_picked":["Perfected Strike","Sword Boomerang"],"picked":"Clothesline","floor":1},{"not_picked":["Thunderclap","Bloodletting"],"picked":"Headbutt","floor":3},{"not_picked":["Sword Boomerang","Havoc"],"picked":"Bludgeon","floor":4},{"not_picked":["Combust","Disarm"],"picked":"Demon Form","floor":6},{"not_picked":["Pommel Strike","Rage"],"picked":"True Grit","floor":7},{"not_picked":["Combust","Perfected Strike"],"picked":"Battle Trance","floor":8},{"not_picked":["Clash","Warcry"],"picked":"Heavy Blade","floor":10},{"not_picked":["Offering","Disarm"],"picked":"Whirlwind","floor":12},{"not_picked":["Entrench","Perfected Strike"],"picked":"Feel No Pain","floor":13},{"not_picked":["Headbutt","Rupture"],"picked":"Armaments","floor":14}],"player_experience":131105,"relics_obtained":[{"floor":6,"key":"Gambling Chip"},{"floor":8,"key":"Blue Candle"},{"floor":9,"key":"Charon\u0027s Ashes"},{"floor":10,"key":"Girya"},{"floor":13,"key":"Bronze Scales"}],"event_choices":[{"cards_removed":["Strike_R"],"damage_healed":0,"gold_gain":0,"player_choice":"Offered Basic","damage_taken":0,"max_hp_gain":0,"max_hp_loss":0,"event_name":"Bonfire Elementals","floor":2,"gold_loss":0},{"damage_healed":0,"gold_gain":275,"player_choice":"Desecrate","damage_taken":0,"max_hp_gain":0,"max_hp_loss":0,"event_name":"Golden Shrine","floor":11,"gold_loss":0,"cards_obtained":["Regret"]}],"is_beta":false,"boss_relics":[],"items_purged_floors":[5],"is_endless":false,"potions_floor_spawned":[3,6,7,14],"killed_by":"The Guardian","ascension_level":2}