{"gold_per_floor":[117,128,128,143,36,92,92,92,142,166,166,184,200,200,200,328,328,352,372,63,63,25,68,68],"floor_reached":24,"playtime":631,"items_purged":[],"score":266,"play_id":"146cc5fb-7cfb-4ec5-a10e-3f6e125931f9","local_time":"20190402212112","is_ascension_mode":false,"campfire_choices":[{"data":"Armaments","floor":8.0,"key":"SMITH"},{"data":"Rupture","floor":11.0,"key":"SMITH"},{"floor":15.0,"key":"REST"}],"neow_cost":"NONE","seed_source_timestamp":3376518603697258,"circlet_count":0,"master_deck":["Strike_R+1","Strike_R+1","Strike_R+1","Strike_R+1","Strike_R+1","Defend_R+1","Defend_R+1","Defend_R+1","Defend_R+1","Bash","Demon Form","Rupture+1","Bash","Brutality","Inflame","Inflame","Armaments+1","Combust","Reckless Charge","Limit Break","Ghostly Armor","Iron Wave+1","Battle Trance"],"special_seed":0,"relics":["Burning Blood","Tiny Chest","Golden Idol","Ancient Tea Set","Kunai","Mark of Pain","Gambling Chip","Meat on the Bone"],"potions_floor_usage":[23,24],"damage_taken":[{"damage":7.0,"enemies":"2 Louse","floor":1.0,"turns":3.0},{"damage":1.0,"enemies":"Cultist","floor":2.0,"turns":4.0},{"damage":2.0,"enemies":"Small Slimes","floor":4.0,"turns":4.0},{"damage":26.0,"enemies":"Lagavulin","floor":6.0,"turns":7.0},{"damage":10.0,"enemies":"2 Fungi Beasts","floor":10.0,"turns":4.0},{"damage":1.0,"enemies":"Exordium Wildlife","floor":12.0,"turns":4.0},{"damage":8.0,"enemies":"Looter","floor":13.0,"turns":4.0},{"damage":0.0,"enemies":"Slime Boss","floor":16.0,"turns":8.0},{"damage":26.0,"enemies":"Spheric Guardian","floor":18.0,"turns":4.0},{"damage":31.0,"enemies":"2 Thieves","floor":19.0,"turns":4.0},{"damage":50,"enemies":"Slavers","floor":23,"turns":4},{"damage":9,"enemies":"Snake Plant","floor":24,"turns":4}],"seed_played":"3597820550615358570","potions_obtained":[{"floor":1.0,"key":"Dexterity Potion"},{"floor":4.0,"key":"AttackPotion"},{"floor":16.0,"key":"Ancient Potion"},{"floor":18.0,"key":"BloodPotion"},{"floor":19.0,"key":"BloodPotion"}],"is_trial":false,"path_per_floor":["M","M","?","M","$","E","?","R","T","M","R","M","M","?","R","B",null,"M","M","$","?","$","E","M"],"character_chosen":"IRONCLAD","items_purchased":["Inflame","Armaments","Gambling Chip","Battle Trance"],"campfire_rested":1,"item_purchase_floors":[5,5,20,22],"current_hp_per_floor":[79,80,80,80,80,60,40,40,40,36,36,41,39,14,38,44,80,60,43,43,43,43,7,0],"gold":68,"neow_bonus":"ONE_RANDOM_RARE_CARD","is_prod":false,"is_daily":false,"chose_seed":false,"campfire_upgraded":2,"win_rate":0,"timestamp":1554254472,"path_taken":["M","M","?","?","$","E","?","R","T","M","R","M","M","?","R","BOSS","M","M","$","?","$","E","M"],"build_version":"2019-03-15","purchased_purges":0,"victory":false,"max_hp_per_floor":[80,80,80,80,80,80,80,80,80,80,80,80,80,80,80,80,80,80,80,80,80,80,80,80],"card_choices":[{"not_picked":["Bloodletting","Clash","Perfected Strike"],"picked":"SKIP","floor":1.0},{"not_picked":["Iron Wave","Heavy Blade"],"picked":"Rupture","floor":2.0},{"not_picked":["Sword Boomerang","Heavy Blade"],"picked":"Inflame","floor":4.0},{"not_picked":["Havoc","Reckless Charge"],"picked":"Combust","floor":6.0},{"not_picked":["Rampage","Iron Wave","Clash"],"picked":"SKIP","floor":10.0},{"not_picked":["Warcry","Perfected Strike"],"picked":"Reckless Charge","floor":12.0},{"not_picked":["Burning Pact","Clash"],"picked":"Limit Break","floor":13.0},{"not_picked":["Anger","Intimidate"],"picked":"Ghostly Armor","floor":18.0},{"not_picked":["Sever Soul","Inflame"],"picked":"Iron Wave+1","floor":19.0},{"not_picked":["Cleave","Dropkick","Rupture"],"picked":"SKIP","floor":23}],"player_experience":898922,"relics_obtained":[{"floor":6.0,"key":"Tiny Chest"},{"floor":9.0,"key":"Ancient Tea Set"},{"floor":23,"key":"Meat on the Bone"}],"event_choices":[{"damage_healed":0.0,"max_hp_gain":0.0,"max_hp_loss":0.0,"gold_gain":0.0,"event_name":"Match and Keep!","player_choice":"2 cards matched","floor":3.0,"gold_loss":0.0,"damage_taken":0.0,"cards_obtained":["Bash","Brutality"]},{"damage_healed":0.0,"max_hp_gain":0.0,"max_hp_loss":0.0,"gold_gain":0.0,"event_name":"Golden Idol","player_choice":"Take Damage","floor":7.0,"gold_loss":0.0,"damage_taken":20.0,"relics_obtained":["Golden Idol"]},{"damage_healed":0.0,"max_hp_gain":0.0,"max_hp_loss":0.0,"gold_gain":0.0,"event_name":"Scrap Ooze","player_choice":"Success","floor":14.0,"gold_loss":0.0,"damage_taken":25.0,"relics_obtained":["Kunai"]},{"damage_healed":0.0,"max_hp_gain":0.0,"max_hp_loss":0.0,"gold_gain":0.0,"event_name":"Back to Basics","player_choice":"Simplicity","floor":21.0,"gold_loss":0.0,"damage_taken":0.0,"cards_upgraded":["Strike_R","Strike_R","Strike_R","Strike_R","Strike_R","Defend_R","Defend_R","Defend_R","Defend_R"]}],"is_beta":true,"boss_relics":[{"not_picked":["Lizard Tail","Astrolabe"],"picked":"Mark of Pain"}],"items_purged_floors":[],"is_endless":false,"potions_floor_spawned":[1,4,16,18,19],"killed_by":"Snake Plant","ascension_level":0}