{"gold_per_floor":[116,131,81,156,175,175,175,187,187,187,187,218,234,245,245,340,390,370,382,382,401,326,326,27,42,68,68,68,68,68,81,81,176,176,187,148,148,48,48,48,48,48,75,75,88,104,104,121,121,121],"floor_reached":51,"playtime":4029,"items_purged":["Strike_B","Writhe"],"score":670,"play_id":"39b1735f-11d6-4ac6-9ae6-e340451df9b2","local_time":"20190128193325","is_ascension_mode":false,"campfire_choices":[{"data":"Zap","floor":6.0,"key":"SMITH"},{"floor":11.0,"key":"REST"},{"floor":15.0,"key":"REST"},{"floor":23.0,"key":"REST"},{"floor":27.0,"key":"REST"},{"floor":32.0,"key":"REST"},{"data":"Echo Form","floor":40.0,"key":"SMITH"},{"data":"Static Discharge","floor":42.0,"key":"SMITH"},{"data":"Multi-Cast","floor":44.0,"key":"SMITH"},{"floor":49,"key":"REST"}],"neow_cost":"PERCENT_DAMAGE","seed_source_timestamp":365748999370496,"circlet_count":0,"master_deck":["Defend_B","Defend_B","Defend_B","Defend_B","Zap+1","Dualcast","Defragment","BootSequence+1","Tempest","Leap","Glacier","Ball Lightning","Echo Form+1","Hologram","Leap+1","FTL+1","Sunder","Machine Learning","Writhe","Multi-Cast+1","Steam+1","Static Discharge+1","Go for the Eyes+1","Force Field"],"special_seed":0,"relics":["Cracked Core","Orichalcum","Darkstone Periapt","Pear","Tiny House","Art of War","Molten Egg 2","Anchor","Busted Crown","Bag of Marbles"],"potions_floor_usage":[50,50],"damage_taken":[{"damage":6.0,"enemies":"2 Louse","floor":1.0,"turns":3.0},{"damage":5.0,"enemies":"Small Slimes","floor":2.0,"turns":3.0},{"damage":1.0,"enemies":"Jaw Worm","floor":5.0,"turns":2.0},{"damage":8.0,"enemies":"2 Fungi Beasts","floor":8.0,"turns":3.0},{"damage":22.0,"enemies":"Gremlin Nob","floor":12.0,"turns":4.0},{"damage":0.0,"enemies":"Red Slaver","floor":13.0,"turns":3.0},{"damage":2.0,"enemies":"Large Slime","floor":14.0,"turns":4.0},{"damage":23.0,"enemies":"Slime Boss","floor":16.0,"turns":10.0},{"damage":21.0,"enemies":"2 Thieves","floor":18.0,"turns":5.0},{"damage":17.0,"enemies":"Shell Parasite","floor":19.0,"turns":5.0},{"damage":25.0,"enemies":"Centurion and Healer","floor":21.0,"turns":7.0},{"damage":30.0,"enemies":"Chosen and Byrds","floor":25.0,"turns":5.0},{"damage":59.0,"enemies":"3 Cultists","floor":31.0,"turns":8.0},{"damage":61.0,"enemies":"Automaton","floor":33.0,"turns":17.0},{"damage":38.0,"enemies":"3 Darklings","floor":35.0,"turns":9.0},{"damage":7.0,"enemies":"Orb Walker","floor":45.0,"turns":3.0},{"damage":21,"enemies":"4 Shapes","floor":46,"turns":5},{"damage":38,"enemies":"Jaw Worm Horde","floor":48,"turns":4},{"damage":57,"enemies":"Time Eater","floor":50,"turns":17}],"seed_played":"-2324953373821987106","potions_obtained":[{"floor":1.0,"key":"Ancient Potion"},{"floor":8.0,"key":"Energy Potion"},{"floor":12.0,"key":"Strength Potion"},{"floor":14.0,"key":"Energy Potion"},{"floor":16.0,"key":"Regen Potion"},{"floor":17.0,"key":"FairyPotion"},{"floor":18.0,"key":"Poison Potion"},{"floor":21.0,"key":"SpeedPotion"},{"floor":31.0,"key":"Weak Potion"},{"floor":35.0,"key":"SteroidPotion"},{"floor":46,"key":"Poison Potion"}],"is_trial":false,"path_per_floor":["M","M","?","?","M","R","?","M","T","?","R","E","M","M","R","B",null,"M","M","?","M","?","R","$","M","T","R","T","?","$","M","R","B",null,"M","$","?","$","?","R","?","R","T","R","M","M","?","M","R","B",null],"character_chosen":"DEFECT","items_purchased":["Sunder","Machine Learning","Static Discharge"],"campfire_rested":6,"item_purchase_floors":[24,24,36],"current_hp_per_floor":[62,57,57,46,45,45,33,25,25,25,51,39,39,37,66,43,104,83,66,66,41,41,72,72,47,47,78,78,84,84,25,58,11,110,72,72,106,106,106,106,106,106,106,106,99,78,78,40,74,17],"gold":121,"neow_bonus":"TWENTY_PERCENT_HP_BONUS","is_prod":false,"is_daily":false,"chose_seed":false,"campfire_upgraded":4,"win_rate":0.0,"timestamp":1548700405,"path_taken":["M","M","?","?","M","R","?","M","T","?","R","E","?","M","R","BOSS","M","M","?","?","?","R","$","M","T","R","?","?","?","M","R","BOSS","M","$","?","$","?","R","?","R","T","R","?","M","?","M","R","BOSS"],"build_version":"2019-01-23","purchased_purges":2,"victory":true,"max_hp_per_floor":[89,89,89,89,89,89,89,89,89,89,89,99,99,99,99,99,104,104,104,104,104,104,104,104,104,104,104,104,110,110,110,110,110,110,110,110,116,116,116,116,116,116,116,116,116,116,116,116,116,116],"card_choices":[{"not_picked":["Steam","Leap"],"picked":"Defragment","floor":1.0},{"not_picked":["Cold Snap","Double Energy"],"picked":"BootSequence","floor":2.0},{"not_picked":["Turbo","Ball Lightning"],"picked":"Tempest","floor":5.0},{"not_picked":["Steam Power","Turbo"],"picked":"Leap","floor":8.0},{"not_picked":["Turbo","Beam Cell"],"picked":"Glacier","floor":12.0},{"not_picked":["Leap","Seek"],"picked":"Ball Lightning","floor":13.0},{"not_picked":["Aggregate","Compile Driver","Scrape"],"picked":"SKIP","floor":14.0},{"not_picked":["Reboot","Meteor Strike"],"picked":"Echo Form","floor":16.0},{"not_picked":["Cold Snap","Rebound"],"picked":"Hologram","floor":17.0},{"not_picked":["Force Field","Ball Lightning"],"picked":"Leap+1","floor":18.0},{"not_picked":["Hello World","Double Energy"],"picked":"FTL+1","floor":19.0},{"not_picked":["Steam+1","Doom and Gloom"],"picked":"Lockon","floor":21.0},{"not_picked":["Reprogram","Barrage+1","Redo"],"picked":"SKIP","floor":25.0},{"not_picked":["Reinforced Body","Sweeping Beam+1","Gash+1"],"picked":"SKIP","floor":31.0},{"not_picked":["Creative AI","Fission"],"picked":"Multi-Cast","floor":33.0},{"not_picked":[],"picked":"Steam+1","floor":35.0},{"not_picked":["Heatsinks"],"picked":"SKIP","floor":45.0},{"not_picked":[],"picked":"Go for the Eyes+1","floor":46},{"not_picked":[],"picked":"Force Field","floor":48}],"player_experience":75457,"relics_obtained":[{"floor":9.0,"key":"Darkstone Periapt"},{"floor":12.0,"key":"Pear"},{"floor":26.0,"key":"Art of War"},{"floor":28.0,"key":"Molten Egg 2"},{"floor":43.0,"key":"Bag of Marbles"}],"event_choices":[{"cards_removed":["Strike_B"],"damage_healed":0.0,"max_hp_gain":0.0,"max_hp_loss":0.0,"gold_gain":0.0,"event_name":"The Cleric","player_choice":"Card Removal","floor":3.0,"gold_loss":50.0,"damage_taken":0.0},{"damage_healed":0.0,"max_hp_gain":0.0,"max_hp_loss":0.0,"gold_gain":75.0,"event_name":"World of Goop","player_choice":"Gather Gold","floor":4.0,"gold_loss":0.0,"damage_taken":11.0},{"damage_healed":0.0,"max_hp_gain":0.0,"max_hp_loss":0.0,"gold_gain":0.0,"event_name":"Scrap Ooze","player_choice":"Success","floor":7.0,"gold_loss":0.0,"damage_taken":12.0,"relics_obtained":["Orichalcum"]},{"damage_healed":0.0,"max_hp_gain":0.0,"max_hp_loss":0.0,"gold_gain":0.0,"event_name":"Golden Wing","player_choice":"Ignored","floor":10.0,"gold_loss":0.0,"damage_taken":0.0},{"damage_healed":0.0,"max_hp_gain":0.0,"max_hp_loss":0.0,"gold_gain":0.0,"event_name":"The Woman in Blue","player_choice":"Bought 0 Potions","floor":20.0,"gold_loss":0.0,"damage_taken":0.0},{"cards_removed":["Strike_B"],"damage_healed":0.0,"max_hp_gain":0.0,"max_hp_loss":0.0,"gold_gain":0.0,"event_name":"Beggar","player_choice":"Gave Gold","floor":22.0,"gold_loss":75.0,"damage_taken":0.0},{"damage_healed":0.0,"max_hp_gain":0.0,"max_hp_loss":0.0,"gold_gain":0.0,"event_name":"The Mausoleum","player_choice":"Opened","floor":29.0,"gold_loss":0.0,"damage_taken":0.0,"relics_obtained":["Anchor"],"cards_obtained":["Writhe"]},{"damage_healed":28.0,"max_hp_gain":0.0,"max_hp_loss":0.0,"gold_gain":0.0,"event_name":"Winding Halls","player_choice":"Writhe","floor":37.0,"gold_loss":0.0,"damage_taken":0.0,"cards_obtained":["Writhe"]},{"cards_removed":["Lockon"],"damage_healed":0.0,"max_hp_gain":0.0,"max_hp_loss":0.0,"gold_gain":0.0,"event_name":"Falling","player_choice":"Removed Attack","floor":39.0,"gold_loss":0.0,"damage_taken":0.0},{"damage_healed":0.0,"max_hp_gain":0.0,"max_hp_loss":0.0,"gold_gain":0.0,"event_name":"NoteForYourself","player_choice":"Ignored","floor":41.0,"gold_loss":0.0,"damage_taken":0.0},{"cards_removed":["Strike_B"],"damage_healed":0,"gold_gain":0,"player_choice":"Purged","damage_taken":0,"max_hp_gain":0,"max_hp_loss":0,"event_name":"Purifier","floor":47,"gold_loss":0}],"is_beta":false,"boss_relics":[{"not_picked":["Sozu","Orrery"],"picked":"Tiny House"},{"not_picked":["Empty Cage","Philosopher\u0027s Stone"],"picked":"Busted Crown"}],"items_purged_floors":[24,38],"is_endless":false,"potions_floor_spawned":[1,8,12,14,16,18,21,31,35,46],"ascension_level":0}