{"path_per_floor":["M","M","M","?","M","R","E","R","T","E","?","?","?","M","R","B",null,"M","$","?","M"],"character_chosen":"DEFECT","items_purchased":["Magnetism"],"gold_per_floor":[20,38,51,1,11,11,40,40,40,69,69,69,69,93,93,223,223,223,25,25,0,0],"floor_reached":22,"campfire_rested":2,"playtime":487,"current_hp_per_floor":[66,64,57,57,57,57,22,44,44,29,29,47,47,47,67,39,62,43,43,43,18,0],"items_purged":[],"gold":0,"score":262,"play_id":"977bce4c-25d0-445b-b6f1-93fbcab15d8f","local_time":"20180505115223","is_prod":false,"is_daily":false,"chose_seed":false,"is_ascension_mode":true,"campfire_upgraded":1,"timestamp":1525492343,"path_taken":["M","M","M","?","?","R","E","R","T","E","?","?","?","M","R","BOSS","M","$","?","M","M"],"build_version":"2018-05-03","seed_source_timestamp":42435301618779,"purchased_purges":0,"victory":false,"master_deck":["Strike_B","Strike_B","Strike_B","Defend_B","Defend_B","Defend_B","Defend_B","Zap","Dualcast","Leap","Capacitor","White Noise+1","Amplify","Auto Shields","Normality","Parasite","Double Energy","Ball Lightning","Reboot","Doom and Gloom+1","Magnetism","Loop"],"max_hp_per_floor":[75,75,75,75,75,75,75,75,75,75,75,75,69,69,69,69,69,69,69,69,69,69],"relics":["Cracked Core","Emotion Chip","Sundial","Letter Opener","Blue Candle","Dream Catcher","Golden Idol","Ectoplasm"],"card_choices":[{"not_picked":["Turbo","Hologram"],"picked":"Leap","floor":1},{"not_picked":["Stack","Melter"],"picked":"Capacitor","floor":3},{"not_picked":["Rebound","Undo"],"picked":"White Noise","floor":5},{"not_picked":["Reinforced Body","Darkness"],"picked":"Amplify","floor":7},{"not_picked":["Beam Cell","Hologram"],"picked":"Auto Shields","floor":10},{"not_picked":["Turbo","Recycle"],"picked":"Double Energy","floor":14},{"not_picked":["Sweeping Beam","Rebound"],"picked":"Ball Lightning","floor":15},{"not_picked":["All For One","Amplify"],"picked":"Reboot","floor":16},{"not_picked":["Leap","Hologram"],"picked":"Doom and Gloom","floor":18},{"not_picked":["Cold Snap","Doom and Gloom"],"picked":"Loop","floor":21}],"player_experience":944630,"potions_floor_usage":[5,14],"damage_taken":[{"damage":2,"enemies":"Small Slimes","floor":1,"turns":3},{"damage":2,"enemies":"2 Louse","floor":2,"turns":3},{"damage":7,"enemies":"Jaw Worm","floor":3,"turns":4},{"damage":0,"enemies":"Lots of Slimes","floor":5,"turns":1},{"damage":35,"enemies":"Gremlin Nob","floor":7,"turns":4},{"damage":15,"enemies":"Lagavulin","floor":10,"turns":7},{"damage":0,"enemies":"Looter","floor":14,"turns":3},{"damage":35,"enemies":"Slime Boss","floor":16,"turns":10},{"damage":19,"enemies":"Chosen","floor":18,"turns":8},{"damage":25,"enemies":"2 Thieves","floor":21,"turns":3},{"damage":23,"enemies":"Centurion and Healer","floor":22,"turns":2}],"event_choices":[{"event_name":"The Cleric","player_choice":"Card Removal","floor":4,"damage_taken":0},{"event_name":"Accursed Blacksmith","player_choice":"Rummage","floor":11,"damage_taken":0},{"event_name":"Mushrooms","player_choice":"Healed and dodged fight","floor":12,"damage_taken":0},{"event_name":"Golden Idol","player_choice":"Lose Max HP","floor":13,"damage_taken":0},{"event_name":"Beggar","player_choice":"Ignored","floor":20,"damage_taken":0}],"boss_relics":[{"not_picked":["Calling Bell","Black Star"],"picked":"Ectoplasm"}],"potions_floor_spawned":[2,3,10,14],"seed_played":"6252750648816146866","killed_by":"Centurion and Healer","ascension_level":7,"is_trial":false}