{"path_per_floor":["M","M","$","M","M","R","E","R","T","?","M","?","R","E","R","B",null,"M","M","M","$","?","E","R","M","T","R","?","?","E","M","R","B",null,"M","?","$","M","?","R","M","E","T","R","$","M","M","M","R"],"character_chosen":"DEFECT","items_purchased":["Apotheosis","Question Card","Orichalcum","Weak Potion"],"gold_per_floor":[212,228,15,35,48,48,80,80,80,80,98,98,98,123,123,222,222,232,247,259,13,13,44,44,61,114,114,39,39,70,86,86,184,184,203,203,48,68,68,68,81,108,134,134,11,26,37,55,55,55],"floor_reached":50,"campfire_rested":5,"playtime":2866,"current_hp_per_floor":[68,66,66,66,58,58,33,70,70,55,55,55,75,75,75,41,75,71,42,32,32,32,20,57,55,55,55,55,55,44,30,67,67,75,66,66,66,51,51,51,37,55,55,55,55,41,39,35,74,0],"items_purged":["Strike_B"],"gold":55,"score":715,"play_id":"ea96e7c0-4c28-4c89-9730-26c52105c6a5","local_time":"20180428233013","is_prod":false,"is_daily":false,"chose_seed":false,"is_ascension_mode":true,"campfire_upgraded":1,"timestamp":1524929413,"path_taken":["M","M","$","M","M","R","E","R","T","?","M","?","R","E","R","BOSS","M","M","M","$","?","E","R","M","T","R","?","?","E","?","R","BOSS","M","?","$","M","?","R","M","E","T","R","$","M","M","M","R","BOSS"],"build_version":"2018-04-27v3","seed_source_timestamp":0,"purchased_purges":3,"victory":false,"master_deck":["Strike_B+1","Defend_B","Defend_B","Defend_B","Zap","Dualcast","Beam Cell","Leap+1","Apotheosis+1","Beam Cell","Multi-Cast","Hello World+1","Stack","Glacier","Machine Learning","Sweeping Beam","Hologram","Capacitor","Thunder Strike","Beam Cell","Sunder","Static Discharge+1","Creative AI","Turbo","Creative AI+1","Echo Form+1","Double Energy+1","Self Repair+1","Buffer+1","Double Energy+1"],"max_hp_per_floor":[75,75,75,75,75,75,75,75,75,75,75,75,75,75,75,75,75,75,75,75,75,75,75,75,75,75,75,75,75,75,75,75,75,75,75,75,75,75,75,75,75,75,75,75,75,77,79,81,81,81],"relics":["Cracked Core","Regal Pillow","Meat on the Bone","Shovel","Art of War","Nuclear Battery","Question Card","Bottled Flame","Bag of Marbles","Ancient Tea Set","Frozen Egg 2","Runic Dome","Orichalcum","Girya","Bag of Preparation","Pen Nib","Singing Bowl"],"card_choices":[{"not_picked":["Stack","Genetic Algorithm"],"picked":"Beam Cell","floor":1},{"not_picked":["Flux Capacitor","Axe Kick"],"picked":"Leap","floor":2},{"not_picked":["Recycle","Stack"],"picked":"Beam Cell","floor":4},{"not_picked":["Reprogram","Turbo"],"picked":"Multi-Cast","floor":5},{"not_picked":["Beam Cell","Capacitor"],"picked":"Hello World","floor":7},{"not_picked":["Axe Kick","White Noise"],"picked":"Stack","floor":11},{"not_picked":["Capacitor","Coolheaded"],"picked":"Glacier","floor":14},{"not_picked":["Biased Cognition","Redo"],"picked":"Machine Learning","floor":16},{"not_picked":["Rebound","Ball Lightning"],"picked":"Sweeping Beam","floor":18},{"not_picked":["Sweeping Beam","Leap"],"picked":"Hologram","floor":19},{"not_picked":["Beam Cell","Force Field"],"picked":"Capacitor","floor":20},{"not_picked":["Machine Learning","Axe Kick","Leap"],"picked":"Sunder","floor":23},{"not_picked":["Stack","Axe Kick","Recycle"],"picked":"Static Discharge","floor":25},{"not_picked":["Streamline","Rebound","Hologram"],"picked":"Turbo","floor":30},{"not_picked":["Ball Lightning","Rebound","Skim"],"picked":"Creative AI","floor":31},{"not_picked":["Meteor Strike","Fusion","Fission"],"picked":"Echo Form","floor":33},{"not_picked":["Skim","Tempest","Rebound"],"picked":"Double Energy","floor":35},{"not_picked":["Go for the Eyes","Stack","Defragment"],"picked":"Self Repair","floor":38},{"not_picked":["Streamline","Go for the Eyes","Coolheaded"],"picked":"Buffer","floor":41},{"not_picked":["Prime","Cold Snap","Go for the Eyes"],"picked":"Double Energy","floor":42}],"player_experience":916951,"potions_floor_usage":[11,20,23,30,31,33,41,50,50],"damage_taken":[{"damage":7,"enemies":"Small Slimes","floor":1,"turns":3},{"damage":2,"enemies":"Jaw Worm","floor":2,"turns":3},{"damage":0,"enemies":"Cultist","floor":4,"turns":2},{"damage":8,"enemies":"Large Slime","floor":5,"turns":5},{"damage":25,"enemies":"3 Sentries","floor":7,"turns":7},{"damage":0,"enemies":"Gremlin Gang","floor":11,"turns":3},{"damage":0,"enemies":"Lagavulin","floor":14,"turns":5},{"damage":34,"enemies":"Hexaghost","floor":16,"turns":12},{"damage":4,"enemies":"3 Byrds","floor":18,"turns":6},{"damage":29,"enemies":"2 Thieves","floor":19,"turns":4},{"damage":37,"enemies":"Sentry and Sphere","floor":20,"turns":8},{"damage":24,"enemies":"Slavers","floor":23,"turns":8},{"damage":2,"enemies":"Centurion and Healer","floor":25,"turns":8},{"damage":23,"enemies":"Book of Stabbing","floor":30,"turns":5},{"damage":26,"enemies":"Cultist and Chosen","floor":31,"turns":7},{"damage":0,"enemies":"Champ","floor":33,"turns":13},{"damage":9,"enemies":"3 Shapes","floor":35,"turns":5},{"damage":15,"enemies":"Flame Bruiser 1 Orb","floor":38,"turns":8},{"damage":36,"enemies":"Maw","floor":41,"turns":7},{"damage":0,"enemies":"Giant Head","floor":42,"turns":8},{"damage":28,"enemies":"4 Shapes","floor":46,"turns":4},{"damage":16,"enemies":"Spire Growth","floor":47,"turns":4},{"damage":28,"enemies":"Sphere and 2 Shapes","floor":48,"turns":4},{"damage":86,"enemies":"Awakened One","floor":50,"turns":8}],"event_choices":[{"event_name":"Shining Light","player_choice":"Entered Light","floor":10,"damage_taken":0},{"event_name":"Upgrade Shrine","player_choice":"Upgraded","floor":12,"damage_taken":0},{"event_name":"Match and Keep!","player_choice":"2 cards matched","floor":22,"damage_taken":0},{"event_name":"Beggar","player_choice":"Gave Gold","floor":28,"damage_taken":0},{"event_name":"The Library","player_choice":"Read","floor":29,"damage_taken":0},{"event_name":"Purifier","player_choice":"One Purge","floor":36,"damage_taken":0}],"boss_relics":[{"not_picked":["Runic Pyramid","Black Star"],"picked":"Nuclear Battery"},{"not_picked":["Philosopher\u0027s Stone","Lizard Tail"],"picked":"Runic Dome"}],"potions_floor_spawned":[4,5,7,14,18,25,31,33,35,38,47],"seed_played":"7465435933334004427","killed_by":"Awakened One","ascension_level":3,"is_trial":false}