{"gold_per_floor":[211,211,231,251,271,306,320,320,620,620,646,659,180,192,192,294,294,307,96,113,113,129,129,164,38,65,65,65],"floor_reached":28,"playtime":1430,"items_purged":["Strike_R","Strike_R"],"score":313,"play_id":"af1ac0a3-212d-4f39-8611-912cd4be7569","local_time":"20190324110620","is_ascension_mode":true,"campfire_choices":[{"data":"Bash","floor":8.0,"key":"SMITH"},{"data":"Armaments","floor":10.0,"key":"SMITH"},{"floor":15.0,"key":"REST"},{"floor":23,"key":"REST"}],"neow_cost":"NONE","seed_source_timestamp":121551059998015,"circlet_count":0,"master_deck":["Strike_R","Strike_R","Defend_R","Defend_R","Defend_R","Defend_R","Bash+1","Carnage","Pummel","Pommel Strike","Armaments+1","Anger","Ghostly Armor","Whirlwind","Demon Form","Flame Barrier+1","Metallicize","True Grit+1","Feed","Armaments+1","Seeing Red+1","Inflame+1","Sentinel+1","Flame Barrier+1","Offering+1","Fiend Fire"],"special_seed":0,"relics":["Burning Blood","Strawberry","Old Coin","Blue Candle","Membership Card","Toxic Egg 2","Philosopher\u0027s Stone","Darkstone Periapt","Unceasing Top","Tiny Chest","Juzu Bracelet"],"potions_floor_usage":[24],"damage_taken":[{"damage":1.0,"enemies":"Cultist","floor":1.0,"turns":3.0},{"damage":14.0,"enemies":"Jaw Worm","floor":3.0,"turns":3.0},{"damage":0.0,"enemies":"2 Louse","floor":4.0,"turns":2.0},{"damage":11.0,"enemies":"Blue Slaver","floor":5.0,"turns":3.0},{"damage":46.0,"enemies":"Lagavulin","floor":6.0,"turns":7.0},{"damage":13.0,"enemies":"2 Fungi Beasts","floor":7.0,"turns":3.0},{"damage":18.0,"enemies":"Gremlin Nob","floor":11.0,"turns":4.0},{"damage":4.0,"enemies":"Exordium Wildlife","floor":12.0,"turns":3.0},{"damage":1.0,"enemies":"Looter","floor":14.0,"turns":3.0},{"damage":21.0,"enemies":"Slime Boss","floor":16.0,"turns":5.0},{"damage":29.0,"enemies":"3 Byrds","floor":18.0,"turns":4.0},{"damage":13.0,"enemies":"Shell Parasite","floor":20.0,"turns":4.0},{"damage":29.0,"enemies":"Snake Plant","floor":22.0,"turns":3.0},{"damage":30,"enemies":"Book of Stabbing","floor":24,"turns":4},{"damage":51,"enemies":"Slavers","floor":28,"turns":7}],"seed_played":"-3624134760175226226","potions_obtained":[{"floor":1.0,"key":"Swift Potion"},{"floor":4.0,"key":"PowerPotion"},{"floor":7.0,"key":"Block Potion"},{"floor":11.0,"key":"Weak Potion"},{"floor":16.0,"key":"Energy Potion"},{"floor":18.0,"key":"FearPotion"}],"is_trial":false,"path_per_floor":["M","$","M","M","M","E","M","R","T","R","E","M","$","M","R","B",null,"M","$","M","?","M","R","E","$","T","?","E"],"character_chosen":"IRONCLAD","items_purchased":["Membership Card","Toxic Egg 2","Flame Barrier+1","Metallicize","Seeing Red+1","Darkstone Periapt","Tiny Chest","Offering+1"],"campfire_rested":2,"item_purchase_floors":[13,13,13,13,19,19,25,25],"current_hp_per_floor":[80,80,72,78,73,40,33,33,33,33,21,23,23,28,54,39,87,67,67,60,60,37,64,43,43,43,43,0],"gold":65,"neow_bonus":"HUNDRED_GOLD","is_prod":false,"is_daily":false,"chose_seed":false,"campfire_upgraded":2,"win_rate":0,"timestamp":1553421980,"path_taken":["M","?","M","M","M","E","M","R","T","R","E","?","$","M","R","BOSS","M","?","M","?","M","R","E","$","T","?","E"],"build_version":"2019-01-23","purchased_purges":2,"victory":false,"max_hp_per_floor":[80,80,80,80,80,87,87,87,87,87,87,87,87,87,87,87,87,90,90,90,90,90,90,93,93,93,93,96],"card_choices":[{"not_picked":["Sentinel","Armaments"],"picked":"Carnage","floor":1.0},{"not_picked":["Dropkick","Body Slam"],"picked":"Pummel","floor":3.0},{"not_picked":["True Grit","Hemokinesis"],"picked":"Pommel Strike","floor":4.0},{"not_picked":["Second Wind","Whirlwind"],"picked":"Armaments","floor":5.0},{"not_picked":["Thunderclap","Blood for Blood"],"picked":"Anger","floor":6.0},{"not_picked":["Iron Wave","Sentinel"],"picked":"Ghostly Armor","floor":7.0},{"not_picked":["Dual Wield","Twin Strike"],"picked":"Whirlwind","floor":11.0},{"not_picked":["Havoc","Warcry"],"picked":"Demon Form","floor":12.0},{"not_picked":["Body Slam","Armaments+1"],"picked":"True Grit+1","floor":14.0},{"not_picked":["Brutality","Double Tap+1"],"picked":"Feed","floor":16.0},{"not_picked":["Cleave","Hemokinesis"],"picked":"Armaments+1","floor":18.0},{"not_picked":["Sword Boomerang","Shrug It Off+1"],"picked":"Inflame+1","floor":20.0},{"not_picked":["Iron Wave","Twin Strike+1"],"picked":"Sentinel+1","floor":22},{"not_picked":["Power Through+1","Fire Breathing"],"picked":"Flame Barrier+1","floor":24}],"player_experience":223288,"relics_obtained":[{"floor":6.0,"key":"Strawberry"},{"floor":9.0,"key":"Old Coin"},{"floor":11.0,"key":"Blue Candle"},{"floor":24,"key":"Unceasing Top"},{"floor":26,"key":"Juzu Bracelet"}],"event_choices":[{"cards_removed":["Strike_R"],"damage_healed":0.0,"max_hp_gain":0.0,"max_hp_loss":0.0,"gold_gain":0.0,"event_name":"Back to Basics","player_choice":"Elegance","floor":21.0,"gold_loss":0.0,"damage_taken":0.0},{"damage_healed":0,"gold_gain":0,"player_choice":"Read","damage_taken":0,"max_hp_gain":0,"max_hp_loss":0,"event_name":"The Library","floor":27,"gold_loss":0,"cards_obtained":["Fiend Fire"]}],"is_beta":false,"boss_relics":[{"not_picked":["Runic Pyramid","Black Blood"],"picked":"Philosopher\u0027s Stone"}],"items_purged_floors":[13,19],"is_endless":false,"potions_floor_spawned":[1,4,7,11,16,18],"killed_by":"Slavers","ascension_level":3}