{"gold_per_floor":[119,119,129,1,0,31,31,31,31,65,81,81,0,0,0,98,98,116,116,13,29,39,39,39],"floor_reached":24,"playtime":1150,"items_purged":["Strike_R"],"score":323,"play_id":"107a55ef-9690-4125-8cf2-8a3016f5abe3","local_time":"20190420224043","is_ascension_mode":true,"campfire_choices":[{"data":"Havoc","floor":7,"key":"SMITH"},{"data":"True Grit","floor":12,"key":"SMITH"},{"data":"Whirlwind","floor":15,"key":"SMITH"},{"data":"Limit Break","floor":23,"key":"SMITH"}],"neow_cost":"NONE","seed_source_timestamp":697275651768500,"circlet_count":0,"master_deck":["AscendersBane","Strike_R","Strike_R","Strike_R","Defend_R","Defend_R","Defend_R","Defend_R","Bash+1","Havoc+1","Inflame","Feel No Pain","Feed","True Grit+1","Headbutt","Whirlwind+1","Limit Break+1","Armaments+1","Shrug It Off","Battle Trance"],"relics":["Burning Blood","Letter Opener","Ginger","Smiling Mask","Mark of Pain"],"potions_floor_usage":[6,16,16,21,22,24,24],"damage_taken":[{"damage":1,"enemies":"Cultist","floor":1,"turns":3},{"damage":0,"enemies":"Jaw Worm","floor":3,"turns":3},{"damage":48,"enemies":"3 Sentries","floor":6,"turns":9},{"damage":22,"enemies":"Gremlin Nob","floor":10,"turns":4},{"damage":7,"enemies":"Small Slimes","floor":11,"turns":3},{"damage":45,"enemies":"Hexaghost","floor":16,"turns":9},{"damage":20,"enemies":"2 Thieves","floor":18,"turns":3},{"damage":7,"enemies":"Chosen","floor":21,"turns":6},{"damage":23,"enemies":"Centurion and Healer","floor":22,"turns":5},{"damage":42,"enemies":"Book of Stabbing","floor":24,"turns":4}],"seed_played":"-856643402700955367","potions_obtained":[{"floor":1,"key":"Dexterity Potion"},{"floor":10,"key":"AttackPotion"},{"floor":16,"key":"Weak Potion"},{"floor":18,"key":"Dexterity Potion"},{"floor":21,"key":"SkillPotion"},{"floor":22,"key":"SneckoOil"}],"is_trial":false,"path_per_floor":["M","$","M","$","?","E","R","?","T","E","M","R","$","?","R","B",null,"M","?","$","M","M","R","E"],"character_chosen":"IRONCLAD","items_purchased":["Inflame","Block Potion","Whirlwind","Shrug It Off"],"campfire_rested":0,"item_purchase_floors":[4,4,13,20],"current_hp_per_floor":[77,77,80,80,80,38,38,38,38,25,27,27,27,55,55,16,69,55,55,55,54,37,37,0],"gold":39,"neow_bonus":"UPGRADE_CARD","is_prod":false,"is_daily":false,"chose_seed":false,"campfire_upgraded":4,"win_rate":0,"timestamp":1555792843,"path_taken":["M","$","?","$","?","E","R","?","T","E","?","R","?","?","R","BOSS","M","?","$","M","M","R","E"],"build_version":"2019-01-23","purchased_purges":1,"victory":false,"max_hp_per_floor":[80,80,80,80,80,80,80,80,80,83,86,86,86,86,86,86,86,86,86,86,86,86,86,86],"card_choices":[{"not_picked":["Fire Breathing","Cleave"],"picked":"Havoc","floor":1},{"not_picked":["Bloodletting","Sword Boomerang","Entrench"],"picked":"SKIP","floor":3},{"not_picked":["Sever Soul","Pummel"],"picked":"Feel No Pain","floor":6},{"not_picked":["Second Wind","Sword Boomerang"],"picked":"True Grit","floor":10},{"not_picked":["Double Tap","Anger"],"picked":"Headbutt","floor":11},{"not_picked":["Fiend Fire","Double Tap"],"picked":"Limit Break","floor":16},{"not_picked":["Perfected Strike+1","Whirlwind+1"],"picked":"Armaments","floor":18},{"not_picked":["Rage","True Grit"],"picked":"Battle Trance","floor":21},{"not_picked":["Headbutt","Rupture","Sword Boomerang"],"picked":"SKIP","floor":22}],"player_experience":235685,"relics_obtained":[{"floor":6,"key":"Letter Opener"},{"floor":9,"key":"Ginger"},{"floor":10,"key":"Smiling Mask"}],"event_choices":[{"damage_healed":0,"gold_gain":0,"player_choice":"Left Gold","damage_taken":0,"max_hp_gain":0,"max_hp_loss":0,"event_name":"World of Goop","floor":5,"gold_loss":1},{"damage_healed":0,"gold_gain":0,"cards_transformed":["Strike_R"],"player_choice":"Transformed","damage_taken":0,"max_hp_gain":0,"max_hp_loss":0,"event_name":"Transmorgrifier","floor":8,"gold_loss":0,"cards_obtained":["Feed"]},{"damage_healed":28,"gold_gain":0,"player_choice":"Banana","damage_taken":0,"max_hp_gain":0,"max_hp_loss":0,"event_name":"Big Fish","floor":14,"gold_loss":0},{"damage_healed":0,"gold_gain":0,"player_choice":"Forge","damage_taken":0,"max_hp_gain":0,"max_hp_loss":0,"event_name":"Accursed Blacksmith","floor":19,"gold_loss":0,"cards_upgraded":["Armaments"]}],"is_beta":false,"boss_relics":[{"not_picked":["Runic Pyramid","Orrery"],"picked":"Mark of Pain"}],"items_purged_floors":[20],"is_endless":false,"potions_floor_spawned":[1,10,16,18,21,22],"killed_by":"Book of Stabbing","ascension_level":12}