{"gold_per_floor":[16,16,16,34,34,68,32,55,78,102,102,161,175,189,189,189],"floor_reached":16,"playtime":568,"items_purged":[],"score":102,"play_id":"f212fb43-a7db-4ca4-be21-43eb22795e08","local_time":"20190421120052","is_ascension_mode":false,"campfire_choices":[{"floor":11,"key":"REST"},{"floor":15,"key":"REST"}],"neow_cost":"NO_GOLD","seed_source_timestamp":153939330195830,"circlet_count":0,"master_deck":["Strike_R","Strike_R","Strike_R","Strike_R","Strike_R","Defend_R","Defend_R","Defend_R","Defend_R","Bash","Feed","Body Slam","Shrug It Off","Seeing Red"],"relics":["Burning Blood","Golden Idol","Art of War","Blood Vial","Anchor"],"potions_floor_usage":[10,16],"damage_taken":[{"damage":2,"enemies":"2 Louse","floor":1,"turns":4},{"damage":4,"enemies":"Small Slimes","floor":4,"turns":6},{"damage":68,"enemies":"Lagavulin","floor":6,"turns":7},{"damage":6,"enemies":"Jaw Worm","floor":8,"turns":4},{"damage":0,"enemies":"3 Louse","floor":10,"turns":1},{"damage":4,"enemies":"2 Fungi Beasts","floor":13,"turns":4},{"damage":30,"enemies":"Large Slime","floor":14,"turns":11},{"damage":61,"enemies":"The Guardian","floor":16,"turns":12}],"seed_played":"-5757661099963886865","potions_obtained":[{"floor":6,"key":"FairyPotion"},{"floor":8,"key":"Explosive Potion"},{"floor":10,"key":"Weak Potion"}],"is_trial":false,"path_per_floor":["M","?","?","M","?","E","?","M","T","M","R","?","M","M","R","B"],"character_chosen":"IRONCLAD","items_purchased":[],"campfire_rested":2,"item_purchase_floors":[],"current_hp_per_floor":[83,77,74,76,81,19,19,24,24,35,61,61,65,43,69,10],"gold":189,"neow_bonus":"THREE_RARE_CARDS","is_prod":false,"is_daily":false,"chose_seed":false,"campfire_upgraded":0,"win_rate":0,"timestamp":1555862452,"path_taken":["M","?","?","M","?","E","?","M","T","M","R","?","M","M","R","BOSS"],"build_version":"2019-01-23","purchased_purges":0,"victory":false,"max_hp_per_floor":[83,77,77,77,82,82,82,85,85,88,88,88,88,88,88,88],"card_choices":[{"not_picked":["Reaper","Exhume"],"picked":"Feed","floor":0},{"not_picked":["Clothesline","Perfected Strike","Entrench"],"picked":"SKIP","floor":1},{"not_picked":["Sentinel","Reckless Charge"],"picked":"Body Slam","floor":4},{"not_picked":["Infernal Blade","Second Wind","Rupture"],"picked":"SKIP","floor":6},{"not_picked":["Iron Wave","Heavy Blade"],"picked":"Shrug It Off","floor":8},{"not_picked":["Rage","Warcry"],"picked":"Seeing Red","floor":10},{"not_picked":["Shrug It Off","Wild Strike","Pommel Strike"],"picked":"SKIP","floor":13},{"not_picked":["Dropkick","Anger","True Grit"],"picked":"SKIP","floor":14}],"player_experience":184866,"relics_obtained":[{"floor":6,"key":"Blood Vial"},{"floor":9,"key":"Anchor"}],"event_choices":[{"damage_healed":0,"gold_gain":0,"player_choice":"Lose Max HP","damage_taken":0,"relics_obtained":["Golden Idol"],"max_hp_gain":0,"max_hp_loss":6,"event_name":"Golden Idol","floor":2,"gold_loss":0},{"damage_healed":0,"gold_gain":0,"player_choice":"Success","damage_taken":3,"relics_obtained":["Art of War"],"max_hp_gain":0,"max_hp_loss":0,"event_name":"Scrap Ooze","floor":3,"gold_loss":0},{"damage_healed":0,"gold_gain":0,"player_choice":"Donut","damage_taken":0,"max_hp_gain":5,"max_hp_loss":0,"event_name":"Big Fish","floor":5,"gold_loss":0},{"damage_healed":0,"gold_gain":0,"player_choice":"Left Gold","damage_taken":0,"max_hp_gain":0,"max_hp_loss":0,"event_name":"World of Goop","floor":7,"gold_loss":36},{"damage_healed":0,"gold_gain":59,"player_choice":"Gained Gold","damage_taken":0,"max_hp_gain":0,"max_hp_loss":0,"event_name":"Golden Wing","floor":12,"gold_loss":0}],"is_beta":false,"boss_relics":[],"items_purged_floors":[],"is_endless":false,"potions_floor_spawned":[6,8,10],"killed_by":"The Guardian","ascension_level":0}