{"gold_per_floor":[115,131,131,146,146,146,173,173,173,173,192,221,221,237,237,334,334,351,266,191,191,209,209,239,44,44,78,94,94,94,193,193,288,288,306,317,317,87,102,131,131,231,231,242,542,562,594,612,612,612],"floor_reached":51,"playtime":3013,"items_purged":["Strike_G"],"score":1220,"play_id":"354c7fdc-cdbd-4905-9863-2ff1cb83b627","local_time":"20190415072256","daily_mods":["Diverse"],"is_ascension_mode":true,"campfire_choices":[{"data":"Body Slam","floor":6.0,"key":"SMITH"},{"floor":8.0,"key":"REST"},{"data":"Neutralize","floor":10.0,"key":"SMITH"},{"data":"Noxious Fumes","floor":13.0,"key":"SMITH"},{"data":"Crippling Poison","floor":15.0,"key":"SMITH"},{"data":"Juggernaut","floor":23,"key":"SMITH"},{"data":"Body Slam","floor":30,"key":"SMITH"},{"data":"Crippling Poison","floor":32,"key":"SMITH"},{"floor":45,"key":"DIG"},{"floor":49,"key":"DIG"}],"neow_cost":"","seed_source_timestamp":0,"circlet_count":0,"master_deck":["AscendersBane","Defend_G+1","Defend_G+1","Defend_G","Defend_G","Defend_G+1","Strike_G","Strike_G","Survivor+1","Neutralize+1","Dagger Spray","Body Slam+1","Defend_G+1","Undo","Dodge and Roll","Noxious Fumes+1","Crippling Poison+1","Juggernaut+1","Crippling Poison+1","Body Slam+1","Adrenaline","Skim+1","Backflip","BootSequence"],"special_seed":0,"relics":["Ring of the Snake","PreservedInsect","Bottled Flame","Vajra","Cursed Key","Blood Vial","Bag of Marbles","ClockworkSouvenir","Strawberry","Philosopher\u0027s Stone","War Paint","Darkstone Periapt","Shovel","Old Coin","Bronze Scales","Centennial Puzzle"],"potions_floor_usage":[24,27,29,33,33,39,47,50,50,50],"damage_taken":[{"damage":0.0,"enemies":"Cultist","floor":1.0,"turns":4.0},{"damage":1.0,"enemies":"Jaw Worm","floor":2.0,"turns":4.0},{"damage":0.0,"enemies":"Small Slimes","floor":4.0,"turns":4.0},{"damage":29.0,"enemies":"3 Sentries","floor":7.0,"turns":11.0},{"damage":1.0,"enemies":"Red Slaver","floor":11.0,"turns":5.0},{"damage":16.0,"enemies":"Lagavulin","floor":12.0,"turns":10.0},{"damage":0.0,"enemies":"2 Fungi Beasts","floor":14.0,"turns":3.0},{"damage":0.0,"enemies":"The Guardian","floor":16.0,"turns":12.0},{"damage":3.0,"enemies":"2 Thieves","floor":18.0,"turns":5.0},{"damage":0,"enemies":"Shell Parasite","floor":22,"turns":5},{"damage":10,"enemies":"Gremlin Leader","floor":24,"turns":5},{"damage":2,"enemies":"Book of Stabbing","floor":27,"turns":5},{"damage":2,"enemies":"Snecko","floor":28,"turns":6},{"damage":5,"enemies":"Chosen and Byrds","floor":29,"turns":4},{"damage":14,"enemies":"Collector","floor":33,"turns":9},{"damage":11,"enemies":"3 Darklings","floor":35,"turns":4},{"damage":0,"enemies":"Orb Walker","floor":36,"turns":3},{"damage":0,"enemies":"Jaw Worm Horde","floor":39,"turns":3},{"damage":6,"enemies":"Reptomancer","floor":40,"turns":4},{"damage":0,"enemies":"Mind Bloom Boss Battle","floor":42,"turns":5},{"damage":0,"enemies":"3 Darklings","floor":44,"turns":5},{"damage":3,"enemies":"Sphere and 2 Shapes","floor":46,"turns":4},{"damage":0,"enemies":"Nemesis","floor":47,"turns":7},{"damage":0,"enemies":"Spire Growth","floor":48,"turns":4},{"damage":36,"enemies":"Time Eater","floor":50,"turns":9}],"seed_played":"4995184021665598586","potions_obtained":[{"floor":7.0,"key":"GhostInAJar"},{"floor":11.0,"key":"SpeedPotion"},{"floor":16.0,"key":"Dexterity Potion"},{"floor":18.0,"key":"SmokeBomb"},{"floor":22,"key":"SkillPotion"},{"floor":24,"key":"Regen Potion"},{"floor":27,"key":"Strength Potion"},{"floor":36,"key":"Dexterity Potion"},{"floor":44,"key":"Swift Potion"},{"floor":46,"key":"GhostInAJar"},{"floor":47,"key":"AttackPotion"},{"floor":48,"key":"GamblersBrew"}],"is_trial":true,"path_per_floor":["M","?","?","?","?","T","M","?","?","?","?","M"],"character_chosen":"THE_SILENT","items_purchased":["ClockworkSouvenir","War Paint"],"campfire_rested":1,"item_purchase_floors":[25,38],"current_hp_per_floor":[63,62,48,48,48,48,19,40,40,40,39,23,23,23,23,23,58,55,55,55,55,57,57,49,49,49,71,71,68,68,68,68,56,72,63,65,65,65,67,63,63,65,65,67,67,66,68,70,70,36],"gold":612,"neow_bonus":"","is_prod":false,"is_daily":false,"chose_seed":false,"campfire_upgraded":7,"win_rate":0,"timestamp":1555330976,"path_taken":["M","?","?","M","?","R","E","R","T","R","M","E","R","M","R","BOSS","M","?","?","?","M","R","E","$","T","E","?","M","R","?","R","BOSS","M","M","?","$","M","E","?","?","T","?","R","M","E","M","R","BOSS"],"build_version":"2019-01-23","purchased_purges":1,"victory":true,"max_hp_per_floor":[70,70,70,70,70,70,70,70,70,70,70,70,70,70,70,70,70,70,70,70,70,70,70,70,70,70,77,77,77,77,77,77,77,77,77,77,77,77,77,77,73,73,73,73,73,73,73,73,73,73],"card_choices":[{"not_picked":["Bane","Perfected Strike"],"picked":"Dagger Spray","floor":1.0},{"not_picked":["Rupture","Outmaneuver","Aggregate"],"picked":"SKIP","floor":2.0},{"not_picked":["Quick Slash","Dodge and Roll"],"picked":"Body Slam","floor":4.0},{"not_picked":["Finisher","Concentrate"],"picked":"Undo","floor":7.0},{"not_picked":["Wraith Form v2","Stack"],"picked":"Dodge and Roll","floor":11.0},{"not_picked":["Auto Shields","Flying Knee"],"picked":"Noxious Fumes","floor":12.0},{"not_picked":["Stack","Dagger Throw"],"picked":"Crippling Poison","floor":14.0},{"not_picked":["Reboot","Demon Form"],"picked":"Juggernaut","floor":16.0},{"not_picked":["Turbo","Deflect"],"picked":"Crippling Poison","floor":18.0},{"not_picked":["Gash","Redo","Thunderclap"],"picked":"SKIP","floor":22},{"not_picked":["Redo+1","Doom and Gloom+1","Steam Power"],"picked":"SKIP","floor":24},{"not_picked":["Cleave+1","Warcry","Pommel Strike"],"picked":"SKIP","floor":27},{"not_picked":["Clothesline","Backstab"],"picked":"Body Slam","floor":28},{"not_picked":["Tools of the Trade","Reaper"],"picked":"Adrenaline","floor":33},{"not_picked":["Sweeping Beam","Storm"],"picked":"Skim+1","floor":35},{"not_picked":["Bane","Flex+1","Power Through+1"],"picked":"SKIP","floor":36},{"not_picked":["Beam Cell+1","Feel No Pain"],"picked":"Backflip","floor":39},{"not_picked":["Seeing Red+1","Accuracy+1","Lockon+1"],"picked":"SKIP","floor":40},{"not_picked":["Grand Finale","Lockon+1","Deadly Poison"],"picked":"SKIP","floor":44},{"not_picked":["Sucker Punch","Pummel","Stack+1"],"picked":"SKIP","floor":46},{"not_picked":["Flex+1","Go for the Eyes+1"],"picked":"BootSequence","floor":47},{"not_picked":["Sweeping Beam","Eviscerate","Uppercut"],"picked":"SKIP","floor":48}],"player_experience":426281,"relics_obtained":[{"floor":7.0,"key":"PreservedInsect"},{"floor":9.0,"key":"Bottled Flame"},{"floor":12.0,"key":"Vajra"},{"floor":24,"key":"Bag of Marbles"},{"floor":27,"key":"Strawberry"},{"floor":40,"key":"Darkstone Periapt"},{"floor":42,"key":"Shovel"},{"floor":45,"key":"Old Coin"},{"floor":47,"key":"Bronze Scales"},{"floor":49,"key":"Centennial Puzzle"}],"event_choices":[{"damage_healed":0.0,"max_hp_gain":0.0,"max_hp_loss":0.0,"gold_gain":0.0,"event_name":"Shining Light","player_choice":"Entered Light","floor":3.0,"gold_loss":0.0,"damage_taken":14.0,"cards_upgraded":["Survivor","Defend_G"]},{"cards_removed":["Strike_G"],"damage_healed":0.0,"max_hp_gain":0.0,"max_hp_loss":0.0,"gold_gain":0.0,"event_name":"NoteForYourself","player_choice":"Took Card","floor":5.0,"gold_loss":0.0,"damage_taken":0.0,"cards_obtained":["Defend_G"]},{"damage_healed":0.0,"max_hp_gain":0.0,"max_hp_loss":0.0,"gold_gain":0.0,"event_name":"Addict","player_choice":"Obtained Relic","floor":19.0,"gold_loss":85.0,"damage_taken":0.0,"relics_obtained":["Blood Vial"]},{"cards_removed":["Strike_G"],"damage_healed":0.0,"max_hp_gain":0.0,"max_hp_loss":0.0,"gold_gain":0.0,"event_name":"Beggar","player_choice":"Gave Gold","floor":20.0,"gold_loss":75.0,"damage_taken":0.0},{"damage_healed":0,"gold_gain":99,"player_choice":"Stole From Cult","damage_taken":0,"max_hp_gain":0,"max_hp_loss":0,"event_name":"Nest","floor":31,"gold_loss":0},{"damage_healed":0,"gold_gain":0,"player_choice":"Ignored","damage_taken":0,"max_hp_gain":0,"max_hp_loss":0,"event_name":"Tomb of Lord Red Mask","floor":37,"gold_loss":0},{"damage_healed":0,"gold_gain":0,"player_choice":"Max HP","damage_taken":0,"max_hp_gain":0,"max_hp_loss":4,"event_name":"Winding Halls","floor":41,"gold_loss":0},{"damage_healed":0,"gold_gain":0,"player_choice":"Fight","damage_taken":0,"max_hp_gain":0,"max_hp_loss":0,"event_name":"MindBloom","floor":42,"gold_loss":0}],"is_beta":false,"boss_relics":[{"not_picked":["WristBlade","Ring of the Serpent"],"picked":"Cursed Key"},{"not_picked":["Fusion Hammer","Runic Dome"],"picked":"Philosopher\u0027s Stone"}],"items_purged_floors":[38],"is_endless":false,"potions_floor_spawned":[7,11,16,18,22,24,27,36,44,46,47,48],"ascension_level":10}