{"path_per_floor":["M","M","?","M","M","R","M","R","T","M","M","?","M","M","R","B",null,"M","?","$","M","M","R","?"],"character_chosen":"IRONCLAD","items_purchased":["Pen Nib","Paper Frog","Good Instincts"],"gold_per_floor":[115,130,205,216,230,230,247,247,247,259,277,277,287,303,303,407,407,425,515,7,18,28,28,28],"floor_reached":25,"campfire_rested":3,"playtime":968,"current_hp_per_floor":[64,51,40,34,14,38,27,27,27,27,24,24,30,35,59,44,71,77,61,61,37,21,45,30],"items_purged":[],"gold":28,"score":299,"play_id":"0d1801c2-affa-4335-a6e4-811536daa03e","is_prod":false,"is_daily":false,"is_ascension_mode":true,"campfire_upgraded":1,"path_taken":["M","?","?","M","M","R","M","R","T","M","M","?","M","M","R","BOSS","M","?","$","M","M","R","?","E"],"build_version":"2018-02-12-PROD1","purchased_purges":0,"victory":false,"master_deck":["Strike_R","Strike_R","Strike_R","Strike_R","Strike_R","Defend_R","Defend_R","Defend_R","Defend_R","Bash","Parasite","Heavy Blade","Whirlwind+1","Thunderclap","Battle Trance","Heavy Blade","Spot Weakness","Evolve+1","Good Instincts","Heavy Blade+1"],"max_hp_per_floor":[80,80,80,80,80,80,80,80,80,80,80,80,80,80,80,80,80,80,80,80,80,80,80,85],"relics":["Burning Blood","Art of War","Unceasing Top","Sozu","Pen Nib","Paper Frog"],"card_choices":[{"not_picked":["Headbutt","Cleave"],"picked":"Heavy Blade"},{"not_picked":["Ghostly Armor","Shrug It Off"],"picked":"Whirlwind"},{"not_picked":["Anger","Fire Breathing"],"picked":"Thunderclap"},{"not_picked":["Headbutt","Sword Boomerang"],"picked":"Battle Trance"},{"not_picked":["Whirlwind","Clothesline"],"picked":"Heavy Blade"},{"not_picked":["Iron Wave","Perfected Strike"],"picked":"Spot Weakness"},{"not_picked":["Sentinel","Thunderclap"],"picked":"Evolve"},{"not_picked":["Pommel Strike","Hemokinesis"],"picked":"Heavy Blade"}],"player_experience":349476,"potions_floor_usage":[16,16],"damage_taken":[{"damage":14.0,"enemies":"Blue Slaver","floor":1.0,"turns":8.0},{"damage":19.0,"enemies":"Small Slimes","floor":2.0,"turns":4.0},{"damage":12.0,"enemies":"Jaw Worm","floor":4.0,"turns":2.0},{"damage":26.0,"enemies":"Exordium Thugs","floor":5.0,"turns":4.0},{"damage":17.0,"enemies":"Exordium Wildlife","floor":7.0,"turns":4.0},{"damage":6.0,"enemies":"Looter","floor":10.0,"turns":3.0},{"damage":9.0,"enemies":"Red Slaver","floor":11.0,"turns":3.0},{"damage":0.0,"enemies":"Lots of Slimes","floor":13.0,"turns":1.0},{"damage":1,"enemies":"2 Fungi Beasts","floor":14,"turns":2},{"damage":36,"enemies":"The Guardian","floor":16,"turns":7},{"damage":0,"enemies":"3 Byrds","floor":18,"turns":4},{"damage":30,"enemies":"Spheric Guardian","floor":21,"turns":4},{"damage":22,"enemies":"Centurion and Healer","floor":22,"turns":4},{"damage":10,"enemies":"Gremlin Leader","floor":25,"turns":4}],"event_choices":[{"event_name":"World of Goop","player_choice":"Gather Gold","floor":3.0,"damage_taken":0.0},{"event_name":"Liars Game","player_choice":"disagreed","floor":12.0,"damage_taken":0.0},{"event_name":"Knowing Skull","player_choice":"GOLD ","floor":19,"damage_taken":0},{"event_name":"Forgotten Altar","player_choice":"Shed Blood","floor":24,"damage_taken":0}],"boss_relics":[{"not_picked":["Mark of Pain","White Beast Statue"],"picked":"Sozu"}],"potions_floor_spawned":[5,7,10,11,14,21],"seed_played":"5431227521174914024","killed_by":"Gremlin Leader","ascension_level":10,"is_trial":false}