{"path_per_floor":["M","?","?","M","$","R","E","R","T","M","E","M","R","E","R","B",null,"M","M","$","?","?"],"character_chosen":"DEFECT","items_purchased":["Seek","Sweeping Beam","Regal Pillow","Skim"],"gold_per_floor":[113,113,113,136,11,11,44,44,44,69,108,123,123,154,154,280,280,299,318,40,40,40,40],"floor_reached":23,"campfire_rested":2,"playtime":779,"current_hp_per_floor":[65,47,47,47,47,47,27,49,49,48,18,22,44,47,47,57,71,46,46,46,46,46,0],"items_purged":["Strike_B"],"gold":40,"score":311,"play_id":"cb7026c1-5b79-422e-83df-af90ea11d75a","local_time":"20180508235347","is_prod":false,"is_daily":false,"chose_seed":false,"is_ascension_mode":true,"campfire_upgraded":2,"timestamp":1525794827,"path_taken":["M","?","?","M","$","R","E","R","T","M","E","M","R","E","R","BOSS","M","M","$","?","?","E"],"build_version":"2018-05-07","seed_source_timestamp":199040702733147,"purchased_purges":1,"victory":false,"master_deck":["Strike_B","Strike_B","Strike_B","Defend_B","Defend_B","Defend_B","Defend_B","Zap+1","Dualcast","AscendersBane","Cold Snap","Finesse","Cold Snap","Seek","Sweeping Beam","Undo","Capacitor","Storm","Streamline","Creative AI+1","Seek","Nova+1","Leap","Conserve Battery","Turbo","Skim"],"max_hp_per_floor":[75,75,75,75,75,75,75,75,75,75,75,75,75,75,75,75,75,75,75,75,75,75,75],"relics":["Cracked Core","Golden Idol","Torii","Meat on the Bone","Bird Faced Urn","Molten Egg 2","Orrery","Regal Pillow"],"card_choices":[{"not_picked":["Beam Cell","Axe Kick"],"picked":"Cold Snap","floor":1.0},{"not_picked":["Skim","Hologram"],"picked":"Cold Snap","floor":4.0},{"not_picked":["Stack","Hologram"],"picked":"Undo","floor":7.0},{"not_picked":["Coolheaded","Axe Kick"],"picked":"Capacitor","floor":10.0},{"not_picked":["Sweeping Beam","Biased Cognition"],"picked":"Storm","floor":11.0},{"not_picked":["Sweeping Beam","Leap"],"picked":"Streamline","floor":12.0},{"not_picked":["Consume","Undo"],"picked":"Creative AI","floor":14.0},{"not_picked":["Rainbow","Biased Cognition"],"picked":"Seek","floor":16.0},{"not_picked":["Hologram","Coolheaded"],"picked":"Nova","floor":17.0},{"not_picked":["Loop","Capacitor"],"picked":"Leap","floor":17.0},{"not_picked":["Sunder","Stack"],"picked":"Conserve Battery","floor":17.0},{"not_picked":["Steam Power","Axe Kick"],"picked":"Turbo","floor":19.0}],"player_experience":971867,"potions_floor_usage":[23],"damage_taken":[{"damage":3.0,"enemies":"Jaw Worm","floor":1.0,"turns":4.0},{"damage":0.0,"enemies":"2 Louse","floor":4.0,"turns":2.0},{"damage":20.0,"enemies":"Lagavulin","floor":7.0,"turns":7.0},{"damage":1.0,"enemies":"Cultist","floor":10.0,"turns":4.0},{"damage":56.0,"enemies":"Gremlin Nob","floor":11.0,"turns":6.0},{"damage":10.0,"enemies":"Large Slime","floor":12.0,"turns":6.0},{"damage":13.0,"enemies":"3 Sentries","floor":14.0,"turns":7.0},{"damage":6.0,"enemies":"Hexaghost","floor":16.0,"turns":8.0},{"damage":57.0,"enemies":"3 Byrds","floor":18.0,"turns":5.0},{"damage":26.0,"enemies":"Spheric Guardian","floor":19.0,"turns":5.0},{"damage":65,"enemies":"Gremlin Leader","floor":23,"turns":7}],"event_choices":[{"event_name":"Golden Idol","player_choice":"Take Damage","floor":2.0,"damage_taken":0.0},{"event_name":"Match and Keep!","player_choice":"1 cards matched","floor":3.0,"damage_taken":0.0},{"event_name":"Addict","player_choice":"Ignored","floor":21.0,"damage_taken":0.0},{"event_name":"Beggar","player_choice":"Ignored","floor":22.0,"damage_taken":0.0}],"boss_relics":[],"potions_floor_spawned":[7,10,11,19],"seed_played":"3006041601714427584","killed_by":"Gremlin Leader","ascension_level":10,"is_trial":false}