{"path_per_floor":["M","?","M","M","M","R","E","?","T","E","R","M","R","?","R","B",null,"M","?","M","M","M","R","?","M","T","$","R","?","R","M","R","B",null,"M","M","?","?","$","R","?","R","T","$","E","R","E"],"character_chosen":"IRONCLAD","items_purchased":["Whetstone","Girya","Ginger","Battle Trance"],"gold_per_floor":[115,95,106,125,144,144,175,252,252,278,278,292,292,292,292,390,390,405,405,415,429,441,441,691,701,752,231,231,231,231,251,251,349,349,360,376,376,376,68,68,68,68,114,46,74,74,104],"floor_reached":48,"campfire_rested":3,"playtime":2357,"current_hp_per_floor":[80,80,65,61,55,55,41,41,41,30,30,36,36,20,44,9,62,50,50,47,53,29,53,53,16,16,16,16,16,32,33,33,23,48,46,45,35,35,35,35,35,35,35,35,43,43,40],"items_purged":["Regret"],"gold":104,"play_id":"ff1da923-a9f0-47d2-866e-a520291cca9a","is_prod":false,"is_daily":false,"is_ascension_mode":true,"campfire_upgraded":5,"path_taken":["M","?","M","M","M","R","E","?","T","E","R","M","R","?","R","BOSS","M","?","?","M","M","R","?","M","T","?","R","?","R","M","R","BOSS","M","M","?","?","?","R","?","R","T","$","E","R","E","M"],"build_version":"2018-01-25-PROD3","purchased_purges":1,"victory":false,"master_deck":["Defend_R+1","Defend_R","Defend_R","Defend_R","Bash","Heavy Blade+1","Inflame","Flex+1","Offering+1","Flex","Cleave+1","Twin Strike+1","Limit Break+1","Warcry+1","Burning Pact+1","Perfected Strike+1","Seeing Red","Sword Boomerang+1","Bite_R","Bite_R","Bite_R","Bite_R","Bite_R","Berserk+1","Feed","Warcry+1","Madness","Madness","Battle Trance","Bloodletting+1","Uppercut+1"],"max_hp_per_floor":[80,80,80,80,80,80,80,80,80,80,80,80,80,80,80,80,80,80,80,80,80,80,80,80,80,80,80,80,56,56,56,56,56,56,56,56,56,56,56,56,56,56,56,56,56,56,59],"relics":["Black Blood","Bronze Scales","Gambling Chip","Dead Branch","Sozu","Mummified Hand","Oddly Smooth Stone","Whetstone","Girya","Ginger","Singing Bowl","Frozen Egg","Self Forming Clay"],"card_choices":[{"not_picked":["Perfected Strike","Body Slam"],"picked":"Heavy Blade"},{"not_picked":["Body Slam","Shrug It Off"],"picked":"Inflame"},{"not_picked":["Havoc","Clash"],"picked":"Flex"},{"not_picked":["Entrench","Clash"],"picked":"Offering"},{"not_picked":["Cleave","Headbutt"],"picked":"Flex"},{"not_picked":["Shockwave","Sentinel"],"picked":"Cleave"},{"not_picked":["Flame Barrier","Armaments"],"picked":"Twin Strike"},{"not_picked":["Brutality","Reaper"],"picked":"Limit Break"},{"not_picked":["Rage","Armaments"],"picked":"Warcry"},{"not_picked":["Anger","Rampage"],"picked":"Burning Pact"},{"not_picked":["Twin Strike","Body Slam"],"picked":"Perfected Strike"},{"not_picked":["Anger","Havoc"],"picked":"Seeing Red"},{"not_picked":["Searing Blow","Clash"],"picked":"Sword Boomerang"},{"not_picked":["True Grit","Body Slam"],"picked":"Berserk"},{"not_picked":["Juggernaut","Impervious"],"picked":"Feed"},{"not_picked":["Sentinel","Entrench"],"picked":"Warcry"},{"not_picked":["Twin Strike","Perfected Strike"],"picked":"Bloodletting"},{"not_picked":["Hemokinesis","Entrench"],"picked":"Uppercut"}],"player_experience":210604,"potions_floor_usage":[],"damage_taken":[{"damage":6.0,"enemies":"Cultist","floor":1.0,"turns":3.0},{"damage":21.0,"enemies":"Blue Slaver","floor":3.0,"turns":3.0},{"damage":10.0,"enemies":"Small Slimes","floor":4.0,"turns":3.0},{"damage":12.0,"enemies":"Exordium Wildlife","floor":5.0,"turns":4.0},{"damage":20.0,"enemies":"Lagavulin","floor":7.0,"turns":4.0},{"damage":17.0,"enemies":"3 Sentries","floor":10.0,"turns":4.0},{"damage":0.0,"enemies":"2 Fungi Beasts","floor":12.0,"turns":1.0},{"damage":41.0,"enemies":"Hexaghost","floor":16.0,"turns":6.0},{"damage":18.0,"enemies":"Shell Parasite","floor":18.0,"turns":2.0},{"damage":9.0,"enemies":"3 Byrds","floor":20.0,"turns":3.0},{"damage":0.0,"enemies":"Snecko","floor":21.0,"turns":2.0},{"damage":30.0,"enemies":"Centurion and Healer","floor":22.0,"turns":3.0},{"damage":43.0,"enemies":"Snake Plant","floor":25.0,"turns":3.0},{"damage":11.0,"enemies":"Sentry and Sphere","floor":31.0,"turns":2.0},{"damage":26.0,"enemies":"Automaton","floor":33.0,"turns":5.0},{"damage":16.0,"enemies":"Orb Walker","floor":35.0,"turns":2.0},{"damage":19.0,"enemies":"3 Shapes","floor":36.0,"turns":2.0},{"damage":4.0,"enemies":"Nemesis","floor":45.0,"turns":1.0},{"damage":20,"enemies":"2 Orb Walkers","floor":47,"turns":3},{"damage":49,"enemies":"Sphere and 2 Shapes","floor":48,"turns":4}],"event_choices":[{"event_name":"The Woman in Blue","player_choice":"Bought 1 Potion","floor":2.0,"damage_taken":0.0},{"event_name":"Golden Wing","player_choice":"Gained Gold","floor":8.0,"damage_taken":0.0},{"event_name":"Shining Light","player_choice":"Entered Light","floor":14.0,"damage_taken":0.0},{"event_name":"The Mausoleum","player_choice":"Yes","floor":19.0,"damage_taken":0.0},{"event_name":"Golden Shrine","player_choice":"Desecrate","floor":24.0,"damage_taken":0.0},{"event_name":"Vampires","player_choice":"Became a vampire","floor":29.0,"damage_taken":0.0},{"event_name":"Winding Halls","player_choice":"Embrace Madness","floor":37.0,"damage_taken":0.0},{"event_name":"Tomb of Lord Red Mask","player_choice":"Ignored","floor":38.0,"damage_taken":0.0},{"event_name":"The Lab","player_choice":"Got Potions","floor":41.0,"damage_taken":0.0}],"boss_relics":[],"potions_floor_spawned":[1,5,10,18,21,22,45],"seed_played":"-967979222389058189","killed_by":"Sphere and 2 Shapes","ascension_level":5,"is_trial":false}