{"gold_per_floor":[114,114,125,143,68,68,97,113,113,113,139,38,38,49,49,128,128,142,158,158,172,72,72,103,103,176,176,189,221,240,253,253,329,329,345,345,358,5,15,15,43,43,43,43,53,79,91,106,106,106,106],"floor_reached":52,"playtime":3532,"items_purged":["Strike_R","Strike_R","Seeing Red"],"score":1953,"play_id":"b61a6280-7ddf-4163-bb00-05243b627073","local_time":"20190420160711","is_ascension_mode":true,"campfire_choices":[{"floor":6.0,"key":"REST"},{"data":"Searing Blow","floor":10.0,"key":"SMITH"},{"data":"Armaments","floor":15.0,"key":"SMITH"},{"data":"Searing Blow+1","floor":23.0,"key":"SMITH"},{"data":"Searing Blow+2","floor":25,"key":"SMITH"},{"data":"Searing Blow+3","floor":27,"key":"SMITH"},{"data":"Searing Blow+4","floor":32,"key":"SMITH"},{"data":"Searing Blow+5","floor":40,"key":"SMITH"},{"data":"Searing Blow+6","floor":42,"key":"SMITH"},{"data":"Searing Blow+7","floor":44,"key":"SMITH"},{"data":"Searing Blow+8","floor":49,"key":"SMITH"}],"neow_cost":"NONE","seed_source_timestamp":800668752145598,"circlet_count":0,"master_deck":["AscendersBane","Strike_R+1","Defend_R","Defend_R","Defend_R","Defend_R+1","Pommel Strike","Twin Strike","Searing Blow+9","Disarm","Armaments+1","Shrug It Off","Battle Trance","Immolate","Metallicize+1","Dual Wield+1","Impervious+1","Shrug It Off+1","True Grit+1"],"special_seed":0,"relics":["Velvet Choker","Bag of Preparation","Matryoshka","Gambling Chip","Black Star","Pantograph","Frozen Egg 2","Boot","Toxic Egg 2","Kunai","Question Card","Cursed Key","Red Skull","Torii","Charon\u0027s Ashes","Dream Catcher","Dead Branch"],"potions_floor_usage":[24,31,33,33,41,46,50],"damage_taken":[{"damage":0.0,"enemies":"2 Louse","floor":1.0,"turns":2.0},{"damage":7.0,"enemies":"Small Slimes","floor":3.0,"turns":3.0},{"damage":7.0,"enemies":"Jaw Worm","floor":4.0,"turns":2.0},{"damage":8.0,"enemies":"Gremlin Nob","floor":7.0,"turns":3.0},{"damage":0.0,"enemies":"3 Louse","floor":8.0,"turns":3.0},{"damage":10.0,"enemies":"3 Sentries","floor":11.0,"turns":6.0},{"damage":0.0,"enemies":"2 Fungi Beasts","floor":14.0,"turns":3.0},{"damage":5.0,"enemies":"Hexaghost","floor":16.0,"turns":9.0},{"damage":0.0,"enemies":"Spheric Guardian","floor":18.0,"turns":3.0},{"damage":0.0,"enemies":"Chosen","floor":19.0,"turns":5.0},{"damage":10.0,"enemies":"3 Cultists","floor":21.0,"turns":4.0},{"damage":3,"enemies":"Slavers","floor":24,"turns":3},{"damage":8,"enemies":"Chosen and Byrds","floor":28,"turns":7},{"damage":2,"enemies":"Gremlin Leader","floor":29,"turns":4},{"damage":0,"enemies":"Cultist and Chosen","floor":30,"turns":2},{"damage":0,"enemies":"Centurion and Healer","floor":31,"turns":6},{"damage":49,"enemies":"Collector","floor":33,"turns":8},{"damage":0,"enemies":"3 Darklings","floor":35,"turns":2},{"damage":0,"enemies":"Orb Walker","floor":37,"turns":2},{"damage":0,"enemies":"Writhing Mass","floor":39,"turns":5},{"damage":0,"enemies":"Nemesis","floor":41,"turns":9},{"damage":0,"enemies":"Sphere and 2 Shapes","floor":45,"turns":6},{"damage":29,"enemies":"Reptomancer","floor":46,"turns":5},{"damage":0,"enemies":"4 Shapes","floor":47,"turns":4},{"damage":0,"enemies":"Jaw Worm Horde","floor":48,"turns":3},{"damage":47,"enemies":"Time Eater","floor":50,"turns":10},{"damage":34,"enemies":"Awakened One","floor":51,"turns":12}],"seed_played":"7816054522518874730","potions_obtained":[{"floor":7.0,"key":"FearPotion"},{"floor":8.0,"key":"Fire Potion"},{"floor":14.0,"key":"Dexterity Potion"},{"floor":16.0,"key":"SpeedPotion"},{"floor":28,"key":"Block Potion"},{"floor":29,"key":"AttackPotion"},{"floor":30,"key":"BloodPotion"},{"floor":31,"key":"Strength Potion"},{"floor":39,"key":"GamblersBrew"},{"floor":48,"key":"SpeedPotion"}],"is_trial":false,"path_per_floor":["?","?","$","?","?","$","?"],"character_chosen":"IRONCLAD","items_purchased":["Shrug It Off","Red Skull","Block Potion"],"campfire_rested":1,"item_purchase_floors":[12,38,38],"current_hp_per_floor":[68,45,38,31,31,53,45,45,45,45,35,35,35,35,35,30,64,64,64,64,54,54,54,51,51,51,51,43,41,41,48,48,24,62,62,62,62,62,62,62,62,62,62,62,62,33,33,33,33,11,2],"gold":106,"neow_bonus":"BOSS_RELIC","is_prod":false,"is_daily":false,"chose_seed":false,"campfire_upgraded":10,"win_rate":0,"timestamp":1555794431,"path_taken":["M","?","M","M","?","R","E","M","T","R","E","?","?","M","R","BOSS","M","M","?","M","?","R","E","R","T","R","M","E","M","M","R","BOSS","M","?","M","$","M","R","E","R","T","R","M","E","M","M","R","BOSS","BOSS"],"build_version":"2019-01-23","purchased_purges":3,"victory":true,"max_hp_per_floor":[75,75,75,75,75,75,75,75,75,75,75,75,75,75,75,75,75,75,75,75,75,75,75,75,75,75,75,75,75,75,75,75,75,75,75,75,75,75,75,75,75,75,75,75,75,75,75,75,75,75,75],"card_choices":[{"not_picked":["Body Slam","Evolve"],"picked":"Pommel Strike","floor":1.0},{"not_picked":["Combust","Flex"],"picked":"Twin Strike","floor":3.0},{"not_picked":["True Grit","Evolve","Havoc"],"picked":"SKIP","floor":4.0},{"not_picked":["Burning Pact","Anger"],"picked":"Searing Blow","floor":7.0},{"not_picked":["Clash","Clothesline"],"picked":"Disarm","floor":8.0},{"not_picked":["Combust","Entrench"],"picked":"Armaments","floor":11.0},{"not_picked":["Dark Embrace","Sword Boomerang"],"picked":"Battle Trance","floor":14.0},{"not_picked":["Brutality","Bludgeon"],"picked":"Immolate","floor":16.0},{"not_picked":["Wild Strike","Warcry","Flex"],"picked":"SKIP","floor":18.0},{"not_picked":["Body Slam","Hemokinesis","Infernal Blade"],"picked":"SKIP","floor":19.0},{"not_picked":["Armaments+1","Corruption+1","Carnage"],"picked":"SKIP","floor":21.0},{"not_picked":["Perfected Strike","Armaments"],"picked":"Metallicize","floor":24},{"not_picked":["Perfected Strike","Sword Boomerang","Fire Breathing+1"],"picked":"SKIP","floor":28},{"not_picked":["Entrench+1","Sever Soul"],"picked":"Dual Wield+1","floor":29},{"not_picked":["Iron Wave","Carnage","Reckless Charge","Dropkick"],"picked":"SKIP","floor":30},{"not_picked":["Anger","Combust+1","Cleave","Clothesline"],"picked":"SKIP","floor":31},{"not_picked":["Fiend Fire","Exhume+1","Dark Embrace+1"],"picked":"Impervious+1","floor":33},{"not_picked":["Clothesline","Fire Breathing+1","Flex+1","Rage+1"],"picked":"SKIP","floor":35},{"not_picked":["Sword Boomerang+1","Bloodletting+1","Havoc+1"],"picked":"Shrug It Off+1","floor":37},{"not_picked":["Perfected Strike","Anger","Iron Wave","Cleave"],"picked":"SKIP","floor":39},{"not_picked":["Whirlwind","Warcry+1","Thunderclap"],"picked":"True Grit+1","floor":41},{"not_picked":["Armaments+1","Feel No Pain+1","Twin Strike","Battle Trance+1"],"picked":"SKIP","floor":45},{"not_picked":["Hemokinesis","Intimidate+1","Corruption+1","Battle Trance+1"],"picked":"SKIP","floor":46},{"not_picked":["Wild Strike+1","Rupture+1","Ghostly Armor+1","Cleave+1"],"picked":"SKIP","floor":47},{"not_picked":["Seeing Red+1","Iron Wave","Body Slam","Sword Boomerang"],"picked":"SKIP","floor":48}],"player_experience":468426,"relics_obtained":[{"floor":7.0,"key":"Bag of Preparation"},{"floor":9.0,"key":"Matryoshka"},{"floor":11.0,"key":"Gambling Chip"},{"floor":24,"key":"Pantograph"},{"floor":24,"key":"Frozen Egg 2"},{"floor":26,"key":"Boot"},{"floor":26,"key":"Toxic Egg 2"},{"floor":29,"key":"Kunai"},{"floor":29,"key":"Question Card"},{"floor":41,"key":"Torii"},{"floor":41,"key":"Charon\u0027s Ashes"},{"floor":46,"key":"Dream Catcher"},{"floor":46,"key":"Dead Branch"}],"event_choices":[{"damage_healed":0.0,"max_hp_gain":0.0,"max_hp_loss":0.0,"gold_gain":0.0,"event_name":"Shining Light","player_choice":"Entered Light","floor":2.0,"gold_loss":0.0,"damage_taken":23.0,"cards_upgraded":["Defend_R","Strike_R"]},{"cards_removed":["Strike_R"],"damage_healed":0.0,"max_hp_gain":0.0,"max_hp_loss":0.0,"gold_gain":0.0,"event_name":"The Cleric","player_choice":"Card Removal","floor":5.0,"gold_loss":75.0,"damage_taken":0.0},{"damage_healed":0.0,"max_hp_gain":0.0,"max_hp_loss":0.0,"gold_gain":0.0,"event_name":"Scrap Ooze","player_choice":"Fled","floor":13.0,"gold_loss":0.0,"damage_taken":0.0},{"damage_healed":0.0,"max_hp_gain":0.0,"max_hp_loss":0.0,"gold_gain":0.0,"cards_transformed":["Strike_R"],"event_name":"Transmorgrifier","player_choice":"Transformed","floor":20.0,"gold_loss":0.0,"damage_taken":0.0,"cards_obtained":["Seeing Red"]},{"cards_removed":["Bash"],"damage_healed":0,"gold_gain":0,"player_choice":"Removed Attack","damage_taken":0,"max_hp_gain":0,"max_hp_loss":0,"event_name":"Falling","floor":36,"gold_loss":0}],"is_beta":false,"boss_relics":[{"not_picked":["Busted Crown","Runic Cube"],"picked":"Black Star"},{"not_picked":["Runic Dome","White Beast Statue"],"picked":"Cursed Key"}],"items_purged_floors":[12,22,38],"is_endless":false,"potions_floor_spawned":[7,8,14,16,28,29,30,31,39,48],"ascension_level":20}