{"gold_per_floor":[115,131,131,146,96,96,107,107,131,161,181,181,11,11,11,108,108,123,123,123,136,153,184,184,35,35,35,70,70,45,63,63,165,165,179,189,189,78,89,107,133,150,150,169,185,198,210,210],"floor_reached":48,"playtime":3733,"items_purged":["Writhe"],"score":531,"play_id":"d079c49e-edc4-4ba0-aac9-e8a23141052e","local_time":"20190128144301","is_ascension_mode":true,"campfire_choices":[{"data":"Cleave","floor":6,"key":"SMITH"},{"data":"Infernal Blade","floor":8,"key":"SMITH"},{"floor":12,"key":"REST"},{"data":"Armaments","floor":15,"key":"SMITH"},{"data":"Heavy Blade","floor":24,"key":"SMITH"},{"data":"Shockwave","floor":27,"key":"SMITH"},{"floor":29,"key":"REST"},{"data":"Shrug It Off","floor":32,"key":"SMITH"}],"neow_cost":"CURSE","seed_source_timestamp":348702143668887,"circlet_count":0,"master_deck":["Strike_R","Strike_R","Defend_R","Defend_R","Defend_R","Bash","Corruption","Disarm","Spot Weakness","Cleave+1","Flex","Infernal Blade+1","Armaments+1","Inflame","Flex","Reaper","Shockwave+1","Infernal Blade","Heavy Blade+1","Wild Strike+1","Inflame","Rage","Thunderclap+1","Shrug It Off+1","Rampage+1","Blood for Blood+1","Power Through","Iron Wave+1","Demon Form"],"relics":["Burning Blood","Orichalcum","Bag of Marbles","Anchor","Orrery","Bag of Preparation","Vajra","Oddly Smooth Stone","Paper Frog","Mango","Empty Cage","Ancient Tea Set","Pantograph"],"potions_floor_usage":[7,10,23,33,35,44,44,45,45],"damage_taken":[{"damage":13,"enemies":"Small Slimes","floor":1,"turns":5},{"damage":1,"enemies":"Cultist","floor":2,"turns":3},{"damage":6,"enemies":"2 Louse","floor":4,"turns":3},{"damage":16,"enemies":"Exordium Wildlife","floor":7,"turns":3},{"damage":27,"enemies":"Lagavulin","floor":10,"turns":7},{"damage":11,"enemies":"3 Louse","floor":11,"turns":3},{"damage":36,"enemies":"Hexaghost","floor":16,"turns":11},{"damage":18,"enemies":"Chosen","floor":18,"turns":7},{"damage":7,"enemies":"Shell Parasite","floor":21,"turns":4},{"damage":0,"enemies":"Cultist and Chosen","floor":22,"turns":4},{"damage":15,"enemies":"Book of Stabbing","floor":23,"turns":3},{"damage":26,"enemies":"Slavers","floor":28,"turns":4},{"damage":18,"enemies":"Sentry and Sphere","floor":31,"turns":4},{"damage":48,"enemies":"Collector","floor":33,"turns":7},{"damage":1,"enemies":"3 Shapes","floor":35,"turns":2},{"damage":5,"enemies":"Orb Walker","floor":36,"turns":3},{"damage":18,"enemies":"3 Darklings","floor":39,"turns":3},{"damage":25,"enemies":"Transient","floor":40,"turns":5},{"damage":30,"enemies":"Nemesis","floor":41,"turns":7},{"damage":6,"enemies":"4 Shapes","floor":42,"turns":4},{"damage":43,"enemies":"Sphere and 2 Shapes","floor":44,"turns":6},{"damage":37,"enemies":"Maw","floor":45,"turns":8},{"damage":44,"enemies":"Transient","floor":46,"turns":5},{"damage":0,"enemies":"3 Darklings","floor":47,"turns":4},{"damage":48,"enemies":"Reptomancer","floor":48,"turns":3}],"seed_played":"6151155248663564767","potions_obtained":[{"floor":1,"key":"AttackPotion"},{"floor":4,"key":"AttackPotion"},{"floor":11,"key":"Energy Potion"},{"floor":22,"key":"Energy Potion"},{"floor":28,"key":"Energy Potion"},{"floor":33,"key":"BloodPotion"},{"floor":39,"key":"Strength Potion"},{"floor":41,"key":"AttackPotion"},{"floor":42,"key":"SkillPotion"},{"floor":44,"key":"Swift Potion"},{"floor":47,"key":"SpeedPotion"}],"is_trial":false,"path_per_floor":["M","M","?","M","?","R","M","R","T","E","M","R","$","$","R","B",null,"M","?","?","M","M","E","R","$","T","R","E","R","$","M","R","B",null,"M","M","?","$","M","M","E","M","T","M","M","M","M","E"],"character_chosen":"IRONCLAD","items_purchased":["Anchor","Flex","Oddly Smooth Stone","Shrug It Off","Power Through"],"campfire_rested":2,"item_purchase_floors":[13,13,25,30,38],"current_hp_per_floor":[73,78,78,78,78,78,68,68,68,47,42,66,66,66,66,36,80,78,78,78,77,80,71,71,71,71,71,65,93,93,81,81,39,94,94,94,94,94,82,75,51,51,51,57,61,33,39,0],"gold":210,"neow_bonus":"TRANSFORM_TWO_CARDS","is_prod":false,"is_daily":false,"chose_seed":false,"campfire_upgraded":6,"win_rate":0,"timestamp":1548682981,"path_taken":["M","M","?","?","?","R","M","R","T","E","M","R","?","$","R","BOSS","M","?","?","M","M","E","R","$","T","R","E","R","?","M","R","BOSS","M","M","?","$","M","M","E","M","T","?","M","M","M","E"],"build_version":"2019-01-23","purchased_purges":1,"victory":false,"max_hp_per_floor":[80,80,80,80,80,80,80,80,80,80,80,80,80,80,80,80,80,80,80,80,80,80,80,80,80,80,80,94,94,94,94,94,94,94,94,94,94,94,94,94,94,94,94,94,94,94,94,94],"card_choices":[{"not_picked":["Rage","Flex"],"picked":"Spot Weakness","floor":1},{"not_picked":["Uppercut","Shrug It Off"],"picked":"Cleave","floor":2},{"not_picked":["Wild Strike","Thunderclap"],"picked":"Flex","floor":4},{"not_picked":["Sword Boomerang","Twin Strike"],"picked":"Infernal Blade","floor":7},{"not_picked":["Disarm","Offering"],"picked":"Armaments","floor":10},{"not_picked":["Iron Wave","True Grit"],"picked":"Inflame","floor":11},{"not_picked":["Offering","Dark Embrace"],"picked":"Reaper","floor":16},{"not_picked":["Pummel","Sword Boomerang"],"picked":"Shockwave","floor":17},{"not_picked":["Clothesline","Rampage"],"picked":"Infernal Blade","floor":17},{"not_picked":["Dropkick","Shrug It Off"],"picked":"Heavy Blade","floor":17},{"not_picked":["Thunderclap","Headbutt"],"picked":"Wild Strike+1","floor":18},{"not_picked":["Intimidate+1","Sever Soul"],"picked":"Rage","floor":21},{"not_picked":["Clash","Carnage"],"picked":"Thunderclap+1","floor":22},{"not_picked":["Intimidate","Burning Pact","Sword Boomerang"],"picked":"SKIP","floor":23},{"not_picked":["Warcry","Cleave","Fiend Fire"],"picked":"SKIP","floor":28},{"not_picked":["Pommel Strike","Infernal Blade"],"picked":"Rampage+1","floor":31},{"not_picked":["Evolve+1","Intimidate","Clothesline"],"picked":"SKIP","floor":35},{"not_picked":["Power Through","Twin Strike+1"],"picked":"Blood for Blood+1","floor":36},{"not_picked":["Twin Strike","Shrug It Off+1"],"picked":"Iron Wave+1","floor":39},{"not_picked":["Rampage+1","Heavy Blade","Thunderclap"],"picked":"SKIP","floor":40},{"not_picked":["Anger","Clash+1","Iron Wave+1"],"picked":"SKIP","floor":41},{"not_picked":["Wild Strike+1","Armaments+1"],"picked":"Demon Form","floor":42},{"not_picked":["Headbutt+1","Battle Trance+1","True Grit"],"picked":"SKIP","floor":44},{"not_picked":["Perfected Strike+1","Clothesline+1","Whirlwind"],"picked":"SKIP","floor":45},{"not_picked":["Cleave+1","Dual Wield+1","True Grit+1"],"picked":"SKIP","floor":46},{"not_picked":["Reckless Charge+1","Whirlwind+1","Havoc+1"],"picked":"SKIP","floor":47}],"player_experience":67804,"relics_obtained":[{"floor":9,"key":"Orichalcum"},{"floor":10,"key":"Bag of Marbles"},{"floor":23,"key":"Vajra"},{"floor":26,"key":"Paper Frog"},{"floor":28,"key":"Mango"},{"floor":41,"key":"Ancient Tea Set"},{"floor":43,"key":"Pantograph"}],"event_choices":[{"damage_healed":0,"gold_gain":0,"player_choice":"Bought 0 Potions","damage_taken":0,"max_hp_gain":0,"max_hp_loss":0,"event_name":"The Woman in Blue","floor":3,"gold_loss":0},{"cards_removed":["Shame"],"damage_healed":0,"gold_gain":0,"player_choice":"Card Removal","damage_taken":0,"max_hp_gain":0,"max_hp_loss":0,"event_name":"The Cleric","floor":5,"gold_loss":50},{"damage_healed":0,"gold_gain":0,"player_choice":"Opened","damage_taken":0,"relics_obtained":["Bag of Preparation"],"max_hp_gain":0,"max_hp_loss":0,"event_name":"The Mausoleum","floor":19,"gold_loss":0,"cards_obtained":["Writhe"]},{"damage_healed":0,"gold_gain":0,"player_choice":"Read","damage_taken":0,"max_hp_gain":0,"max_hp_loss":0,"event_name":"The Library","floor":20,"gold_loss":0,"cards_obtained":["Inflame"]},{"damage_healed":0,"gold_gain":0,"player_choice":"0 cards matched","damage_taken":0,"max_hp_gain":0,"max_hp_loss":0,"event_name":"Match and Keep!","floor":37,"gold_loss":0,"cards_obtained":[]}],"is_beta":false,"boss_relics":[{"not_picked":["Sozu","Eternal Feather"],"picked":"Orrery"},{"not_picked":["White Beast Statue","Philosopher\u0027s Stone"],"picked":"Empty Cage"}],"items_purged_floors":[38],"is_endless":false,"potions_floor_spawned":[1,4,11,22,28,33,39,41,42,44,47],"killed_by":"Reptomancer","ascension_level":1}