{"gold_per_floor":[119,269,279,42,56,56,88,100,127,127,141,141,181,197,197,296,296,310,341,365,93,117,117,151,169,169,205,223,223,223,258,258,348,378,401,220,239,264,343,343,13,38,38,77,77,92,107,146,146,146,146,146,146,7,48,48],"floor_reached":56,"playtime":4084,"items_purged":["Doubt","Pain","Regret"],"score":2008,"play_id":"bf95315e-5270-4ff0-8937-5a73c033995c","local_time":"20190126144001","is_ascension_mode":true,"campfire_choices":[{"data":"Buffer","floor":6.0,"key":"SMITH"},{"data":"Zap","floor":10.0,"key":"SMITH"},{"data":"Fission","floor":15.0,"key":"SMITH"},{"floor":23.0,"key":"REST"},{"data":"1","floor":29.0,"key":"LIFT"},{"data":"2","floor":32.0,"key":"LIFT"},{"data":"3","floor":40.0,"key":"LIFT"},{"floor":45.0,"key":"REST"},{"floor":49.0,"key":"RECALL"},{"floor":53.0,"key":"REST"}],"neow_cost":"NONE","seed_source_timestamp":4964026274693388,"circlet_count":0,"master_deck":["AscendersBane","Strike_B","Strike_B","Strike_B+1","Strike_B","Defend_B","Defend_B","Defend_B","Defend_B","Zap+1","Dualcast","Buffer+1","Cold Snap+1","Cold Snap","Ball Lightning","Biased Cognition","Go for the Eyes","Fission+1","Conserve Battery","Core Surge","Defragment","Glacier","Compile Driver","Self Repair","Blizzard","Chill","Consume","Glacier+1","Echo Form","Writhe","Doom and Gloom+1","Loop","Redo+1","Reboot","Stack","Hologram+1","Coolheaded+1","Blizzard+1"],"special_seed":0,"relics":["Cracked Core","Regal Pillow","Vajra","Happy Flower","Golden Idol","Centennial Puzzle","Fusion Hammer","Red Mask","Runic Capacitor","Whetstone","Girya","Matryoshka","FaceOfCleric","Orichalcum","Calling Bell","Pear","Calipers","Tiny Chest","Ornamental Fan","Omamori","Molten Egg 2","PreservedInsect","Kunai","Boot"],"potions_floor_usage":[56],"damage_taken":[{"damage":7.0,"enemies":"Jaw Worm","floor":1.0,"turns":4.0},{"damage":5.0,"enemies":"2 Louse","floor":3.0,"turns":3.0},{"damage":0.0,"enemies":"Small Slimes","floor":5.0,"turns":3.0},{"damage":0.0,"enemies":"Lagavulin","floor":7.0,"turns":7.0},{"damage":4.0,"enemies":"Exordium Thugs","floor":8.0,"turns":4.0},{"damage":9.0,"enemies":"2 Fungi Beasts","floor":11.0,"turns":3.0},{"damage":3.0,"enemies":"3 Sentries","floor":13.0,"turns":7.0},{"damage":0.0,"enemies":"Exordium Wildlife","floor":14.0,"turns":5.0},{"damage":21.0,"enemies":"Slime Boss","floor":16.0,"turns":13.0},{"damage":0.0,"enemies":"Spheric Guardian","floor":18.0,"turns":4.0},{"damage":8.0,"enemies":"Masked Bandits","floor":19.0,"turns":3.0},{"damage":10.0,"enemies":"Shell Parasite","floor":20.0,"turns":3.0},{"damage":4.0,"enemies":"3 Cultists","floor":22.0,"turns":4.0},{"damage":9.0,"enemies":"Gremlin Leader","floor":24.0,"turns":5.0},{"damage":3.0,"enemies":"Centurion and Healer","floor":25.0,"turns":8.0},{"damage":7.0,"enemies":"Book of Stabbing","floor":27.0,"turns":5.0},{"damage":14.0,"enemies":"Shelled Parasite and Fungi","floor":28.0,"turns":4.0},{"damage":1.0,"enemies":"Gremlin Leader","floor":31.0,"turns":8.0},{"damage":9.0,"enemies":"Collector","floor":33.0,"turns":10.0},{"damage":24.0,"enemies":"3 Darklings","floor":35.0,"turns":7.0},{"damage":8.0,"enemies":"Orb Walker","floor":37.0,"turns":4.0},{"damage":13.0,"enemies":"Writhing Mass","floor":38.0,"turns":9.0},{"damage":17.0,"enemies":"Sphere and 2 Shapes","floor":42.0,"turns":4.0},{"damage":29.0,"enemies":"Reptomancer","floor":44.0,"turns":9.0},{"damage":0.0,"enemies":"Maw","floor":46.0,"turns":6.0},{"damage":0.0,"enemies":"3 Darklings","floor":47.0,"turns":8.0},{"damage":7.0,"enemies":"Nemesis","floor":48.0,"turns":5.0},{"damage":21.0,"enemies":"Donu and Deca","floor":50.0,"turns":12.0},{"damage":33.0,"enemies":"Time Eater","floor":51.0,"turns":22.0},{"damage":47.0,"enemies":"Shield and Spear","floor":55.0,"turns":9.0},{"damage":49,"enemies":"The Heart","floor":56,"turns":12}],"seed_played":"-5343901317806539805","potions_obtained":[{"floor":5.0,"key":"AttackPotion"},{"floor":7.0,"key":"Strength Potion"},{"floor":13.0,"key":"Weak Potion"},{"floor":20.0,"key":"AttackPotion"},{"floor":24.0,"key":"Regen Potion"},{"floor":31.0,"key":"EntropicBrew"},{"floor":33.0,"key":"Energy Potion"},{"floor":35.0,"key":"FocusPotion"},{"floor":46.0,"key":"FocusPotion"},{"floor":55.0,"key":"GamblersBrew"}],"is_trial":false,"path_per_floor":["M","?","M","$","M","R","E","M","T","R","M","?","E","M","R","B",null,"M","?","M","$","M","R","E","M","T","E","M","R","?","E","R","B",null,"M","$","M","M","T","R","$","M","T","E","R","M","M","E","R","B","B",null,"R","$","E","B"],"character_chosen":"DEFECT","items_purchased":["Regal Pillow","Runic Capacitor","Compile Driver","Loop","Reboot","Stack","Blizzard+1","Block Potion"],"campfire_rested":3,"item_purchase_floors":[4,21,21,36,41,41,54,54],"current_hp_per_floor":[57,57,52,52,52,52,52,48,48,48,39,39,36,36,36,15,52,52,44,34,34,30,64,62,64,64,64,57,57,57,64,64,63,75,52,52,64,59,59,59,59,43,43,22,61,76,83,84,84,78,53,78,86,86,47,0],"gold":48,"neow_bonus":"ONE_RANDOM_RARE_CARD","is_prod":false,"is_daily":false,"chose_seed":false,"campfire_upgraded":3,"win_rate":0,"timestamp":1548531601,"path_taken":["M","?","M","$","M","R","E","M","T","R","M","?","E","M","R","BOSS","M","?","M","$","M","R","E","M","T","E","M","R","?","E","R","BOSS","M","$","M","M","?","R","$","M","T","E","R","M","M","E","R","BOSS","BOSS","R","$","E","BOSS"],"build_version":"2019-01-23","purchased_purges":3,"victory":false,"max_hp_per_floor":[71,71,71,71,71,71,71,71,71,71,71,64,64,64,64,64,64,64,64,64,64,64,64,64,64,64,64,64,64,64,65,65,66,76,77,77,78,79,79,79,79,80,80,81,81,82,83,84,84,85,86,86,86,86,87,87],"card_choices":[{"not_picked":["Beam Cell","Steam"],"picked":"Cold Snap","floor":1.0},{"not_picked":["Chaos","Steam"],"picked":"Cold Snap","floor":3.0},{"not_picked":["Gash","Redo"],"picked":"Ball Lightning","floor":5.0},{"not_picked":["Stack","Lockon"],"picked":"Biased Cognition","floor":7.0},{"not_picked":["Gash","Barrage"],"picked":"Go for the Eyes","floor":8.0},{"not_picked":["Force Field","Ball Lightning"],"picked":"Fission","floor":11.0},{"not_picked":["Heatsinks","Leap","Redo"],"picked":"SKIP","floor":13.0},{"not_picked":["Tempest","Turbo"],"picked":"Conserve Battery","floor":14.0},{"not_picked":["Echo Form","Hyperbeam"],"picked":"Core Surge","floor":16.0},{"not_picked":["Force Field","Stack"],"picked":"Defragment","floor":18.0},{"not_picked":["Compile Driver","Beam Cell+1"],"picked":"Glacier","floor":19.0},{"not_picked":["Hello World","Barrage","Stack"],"picked":"SKIP","floor":20.0},{"not_picked":["Coolheaded","Barrage"],"picked":"Self Repair","floor":22.0},{"not_picked":["Conserve Battery","Cold Snap"],"picked":"Blizzard","floor":24.0},{"not_picked":["Coolheaded","Go for the Eyes","Rebound"],"picked":"SKIP","floor":25.0},{"not_picked":["Heatsinks","Beam Cell+1"],"picked":"Chill","floor":27.0},{"not_picked":["Meteor Strike","Barrage"],"picked":"Consume","floor":28.0},{"not_picked":["Barrage","Beam Cell"],"picked":"Glacier+1","floor":31.0},{"not_picked":["Hyperbeam","Rainbow"],"picked":"Echo Form","floor":33.0},{"not_picked":["Self Repair","Rebound+1"],"picked":"Doom and Gloom+1","floor":35.0},{"not_picked":["Reprogram","Sunder+1","Redo"],"picked":"SKIP","floor":37.0},{"not_picked":["Cold Snap+1","BootSequence"],"picked":"Redo+1","floor":38.0},{"not_picked":["Beam Cell+1","Genetic Algorithm"],"picked":"Hologram+1","floor":42.0},{"not_picked":["Redo","Streamline+1"],"picked":"Coolheaded+1","floor":44.0},{"not_picked":["Rainbow","Streamline+1","Go for the Eyes+1"],"picked":"SKIP","floor":46.0},{"not_picked":["Conserve Battery","Streamline+1","Ball Lightning+1"],"picked":"SKIP","floor":47.0},{"not_picked":["Recycle","Hologram","Beam Cell+1"],"picked":"SKIP","floor":48.0},{"not_picked":["Ball Lightning+1","Gash+1","Melter+1"],"picked":"SKIP","floor":55.0}],"player_experience":674564,"relics_obtained":[{"floor":7.0,"key":"Vajra"},{"floor":9.0,"key":"Happy Flower"},{"floor":13.0,"key":"Centennial Puzzle"},{"floor":19.0,"key":"Red Mask"},{"floor":24.0,"key":"Whetstone"},{"floor":26.0,"key":"Girya"},{"floor":27.0,"key":"Matryoshka"},{"floor":31.0,"key":"Orichalcum"},{"floor":34.0,"key":"Pear"},{"floor":34.0,"key":"Calipers"},{"floor":34.0,"key":"Tiny Chest"},{"floor":39.0,"key":"Ornamental Fan"},{"floor":43.0,"key":"Omamori"},{"floor":43.0,"key":"Molten Egg 2"},{"floor":44.0,"key":"PreservedInsect"},{"floor":48.0,"key":"Kunai"},{"floor":55.0,"key":"Boot"}],"event_choices":[{"damage_healed":0.0,"max_hp_gain":0.0,"max_hp_loss":0.0,"gold_gain":150.0,"event_name":"Liars Game","player_choice":"AGREE","floor":2.0,"gold_loss":0.0,"damage_taken":0.0,"cards_obtained":["Doubt"]},{"damage_healed":0.0,"max_hp_gain":0.0,"max_hp_loss":7.0,"gold_gain":0.0,"event_name":"Golden Idol","player_choice":"Lose Max HP","floor":12.0,"gold_loss":0.0,"damage_taken":0.0,"relics_obtained":["Golden Idol"]},{"damage_healed":0.0,"max_hp_gain":0.0,"max_hp_loss":0.0,"gold_gain":0.0,"event_name":"Masked Bandits","player_choice":"Fought Bandits","floor":19.0,"gold_loss":0.0,"damage_taken":0.0},{"damage_healed":0.0,"max_hp_gain":0.0,"max_hp_loss":0.0,"gold_gain":0.0,"event_name":"FaceTrader","player_choice":"Trade","floor":30.0,"gold_loss":0.0,"damage_taken":0.0,"relics_obtained":["FaceOfCleric"]}],"is_beta":true,"boss_relics":[{"not_picked":["FrozenCore","Astrolabe"],"picked":"Fusion Hammer"},{"not_picked":["Lizard Tail","Velvet Choker"],"picked":"Calling Bell"}],"items_purged_floors":[4,36,41],"is_endless":false,"potions_floor_spawned":[5,7,13,20,22,24,31,33,35,46,55],"killed_by":"The Heart","ascension_level":20}