{"path_per_floor":["M","$","M","M","?","M","R","E","T","E","?","E","R","M","R","B",null,"M","?","$","$","T","E","M","E","T","E","M","?","R","?","R","B",null,"M","?","M","?","$","E","?","E","T","R","E","$","R","M","R","B"],"character_chosen":"DEFECT","items_purchased":["Leap","Go for the Eyes","Coolheaded","Heatsinks","Orichalcum","Panacea","Bag of Preparation","Buffer","Auto Shields","Block Potion"],"gold_per_floor":[218,41,58,70,70,90,90,116,116,147,222,251,251,267,267,370,370,385,416,291,31,31,61,48,82,82,108,124,39,39,39,39,139,139,157,157,177,177,29,91,91,123,177,177,203,48,48,64,64,64],"floor_reached":51,"campfire_rested":3,"playtime":1841,"current_hp_per_floor":[55,55,69,72,69,70,70,57,57,38,27,30,52,59,59,58,71,72,38,38,38,38,48,55,41,41,44,50,50,72,72,72,65,73,73,64,61,61,61,64,64,67,67,67,47,47,70,79,79,58],"items_purged":["Defend_B"],"gold":64,"score":1198,"play_id":"968ec597-87e7-40fd-8325-c077282abb8a","local_time":"20180507232316","is_prod":false,"is_daily":false,"chose_seed":false,"is_ascension_mode":true,"campfire_upgraded":5,"timestamp":1525706596,"path_taken":["M","$","M","M","?","M","R","E","T","E","?","E","R","M","R","BOSS","M","?","?","$","?","E","?","E","T","E","M","?","R","?","R","BOSS","M","?","M","?","$","E","?","E","T","R","E","$","R","M","R","BOSS"],"build_version":"2018-05-03","seed_source_timestamp":109860684509365,"purchased_purges":1,"victory":true,"master_deck":["Strike_B","Strike_B","Strike_B+1","Defend_B","Defend_B","Defend_B","Zap","Dualcast","Self Repair","Leap","Go for the Eyes","Defragment+1","Capacitor","Go for the Eyes","Glacier","Static Discharge+1","Redo","Capacitor+1","Ball Lightning+1","Coolheaded+1","Heatsinks","Panacea+1","Static Discharge","Coolheaded+1","Storm","Undo","Defragment+1","Fission","Chill","Madness","Madness","Gash+1","Defragment+1","Buffer+1","Auto Shields","Storm"],"max_hp_per_floor":[75,75,75,75,75,75,75,75,75,75,75,75,75,75,75,75,75,75,75,75,75,75,75,75,75,75,75,75,75,75,75,75,75,75,75,75,75,75,75,77,77,79,79,79,79,79,79,81,81,81],"relics":["Cracked Core","Anchor","Emotion Chip","Symbiotic Virus","Gambling Chip","Happy Flower","Philosopher\u0027s Stone","Red Mask","Orichalcum","Dream Catcher","Mummified Hand","Pen Nib","War Paint","Whetstone","Mercury Hourglass","Black Star","Bag of Preparation","Tiny Chest","Singing Bowl","Lantern","Bag of Marbles","Ancient Tea Set","Toolbox","Bottled Flame"],"card_choices":[{"not_picked":["Double Energy","Scrape"],"picked":"Self Repair","floor":1},{"not_picked":["Ball Lightning","Doom and Gloom"],"picked":"Defragment","floor":3},{"not_picked":["Sweeping Beam","Rebound"],"picked":"Capacitor","floor":4},{"not_picked":["Streamline","Stack"],"picked":"Go for the Eyes","floor":6},{"not_picked":["Streamline","Defragment"],"picked":"Glacier","floor":12},{"not_picked":["Beam Cell","Capacitor"],"picked":"Static Discharge","floor":14},{"not_picked":["Machine Learning","Seek"],"picked":"Redo","floor":16},{"not_picked":["Hologram","Streamline"],"picked":"Capacitor","floor":18},{"not_picked":["Beam Cell","Sweeping Beam"],"picked":"Ball Lightning","floor":19},{"not_picked":["Stack","Ball Lightning"],"picked":"Static Discharge","floor":23},{"not_picked":["Turbo","Meteor Strike"],"picked":"Coolheaded","floor":25},{"not_picked":["White Noise","Hologram"],"picked":"Storm","floor":27},{"not_picked":["Skim","Cold Snap"],"picked":"Undo","floor":28},{"not_picked":["Hologram","Streamline"],"picked":"Defragment","floor":30},{"not_picked":["Nova","Hyperbeam"],"picked":"Fission","floor":33},{"not_picked":["Sweeping Beam","Rebound"],"picked":"Chill","floor":35},{"not_picked":["Sunder","Impulse"],"picked":"Gash","floor":37},{"not_picked":["Sweeping Beam","Static Discharge"],"picked":"Defragment","floor":45},{"not_picked":["Impulse","Barrage"],"picked":"Storm","floor":47}],"player_experience":962255,"potions_floor_usage":[3,12,19,23,25,42,50,50],"damage_taken":[{"damage":13,"enemies":"Small Slimes","floor":1,"turns":3},{"damage":2,"enemies":"Jaw Worm","floor":3,"turns":4},{"damage":4,"enemies":"2 Louse","floor":4,"turns":5},{"damage":6,"enemies":"Looter","floor":6,"turns":3},{"damage":20,"enemies":"Lagavulin","floor":8,"turns":7},{"damage":26,"enemies":"3 Sentries","floor":10,"turns":6},{"damage":13,"enemies":"Gremlin Nob","floor":12,"turns":4},{"damage":0,"enemies":"2 Fungi Beasts","floor":14,"turns":3},{"damage":8,"enemies":"Hexaghost","floor":16,"turns":10},{"damage":6,"enemies":"Chosen","floor":18,"turns":4},{"damage":41,"enemies":"Masked Bandits","floor":19,"turns":3},{"damage":9,"enemies":"Book of Stabbing","floor":23,"turns":5},{"damage":0,"enemies":"2 Thieves","floor":24,"turns":4},{"damage":21,"enemies":"Gremlin Leader","floor":25,"turns":6},{"damage":4,"enemies":"Book of Stabbing","floor":27,"turns":4},{"damage":1,"enemies":"Centurion and Healer","floor":28,"turns":3},{"damage":19,"enemies":"Champ","floor":33,"turns":7},{"damage":0,"enemies":"3 Shapes","floor":35,"turns":4},{"damage":10,"enemies":"3 Darklings","floor":37,"turns":3},{"damage":6,"enemies":"2 Orb Walkers","floor":40,"turns":4},{"damage":18,"enemies":"Nemesis","floor":42,"turns":5},{"damage":27,"enemies":"2 Orb Walkers","floor":45,"turns":4},{"damage":0,"enemies":"Sphere and 2 Shapes","floor":48,"turns":3},{"damage":39,"enemies":"Awakened One","floor":50,"turns":8}],"event_choices":[{"event_name":"Scrap Ooze","player_choice":"success","floor":5,"damage_taken":3},{"event_name":"World of Goop","player_choice":"Gather Gold","floor":11,"damage_taken":0},{"event_name":"Masked Bandits","player_choice":"Fought over 385 gold","floor":19,"damage_taken":0},{"event_name":"Addict","player_choice":"Obtained Relic","floor":29,"damage_taken":0},{"event_name":"Upgrade Shrine","player_choice":"Upgraded","floor":31,"damage_taken":0},{"event_name":"Winding Halls","player_choice":"Embrace Madness","floor":36,"damage_taken":0},{"event_name":"SecretPortal","player_choice":"Rejected Portal.","floor":38,"damage_taken":0}],"boss_relics":[{"not_picked":["Velvet Choker","Snecko Eye"],"picked":"Philosopher\u0027s Stone"},{"not_picked":["Eternal Feather","Runic Pyramid"],"picked":"Black Star"}],"potions_floor_spawned":[1,8,10,14,18,19,27,28,37,40],"seed_played":"-7339314797985364607","ascension_level":9,"is_trial":false}