{"gold_per_floor":[114,114,132,152,172,172,185,38,62,106,111,116,0,18,18,149,149,162,176,176,23,37,37,37],"floor_reached":24,"playtime":1189,"items_purged":["Strike_B"],"score":279,"play_id":"1c9f8d25-484c-448e-bd4b-fa59895addef","local_time":"20180718121819","is_ascension_mode":true,"campfire_choices":[{"data":"Blizzard","floor":6,"key":"SMITH"},{"data":"Capacitor","floor":12,"key":"SMITH"},{"data":"Rainbow","floor":15,"key":"SMITH"},{"data":"Stack","floor":23,"key":"SMITH"}],"neow_cost":"NONE","seed_source_timestamp":9373262270390,"circlet_count":0,"master_deck":["Strike_B+1","Defend_B","Defend_B","Defend_B","Defend_B","Zap","Dualcast","Glacier","Blizzard+1","Capacitor+1","FTL","FTL+1","Cold Snap","Rainbow+1","Buffer","Conserve Battery+1","Stack+1"],"relics":["Sozu","Golden Idol","Whetstone","Strawberry","MawBank","FaceOfCleric","Empty Cage","Enchiridion","Bag of Preparation"],"potions_floor_usage":[],"damage_taken":[{"damage":0,"enemies":"Small Slimes","floor":1,"turns":2},{"damage":0,"enemies":"Cultist","floor":3,"turns":5},{"damage":0,"enemies":"Jaw Worm","floor":4,"turns":5},{"damage":13,"enemies":"Lots of Slimes","floor":5,"turns":4},{"damage":8,"enemies":"Large Slime","floor":7,"turns":7},{"damage":0,"enemies":"3 Sentries","floor":10,"turns":8},{"damage":6,"enemies":"Blue Slaver","floor":14,"turns":4},{"damage":17,"enemies":"Hexaghost","floor":16,"turns":9},{"damage":13,"enemies":"Shell Parasite","floor":18,"turns":6},{"damage":0,"enemies":"Spheric Guardian","floor":19,"turns":4},{"damage":10,"enemies":"Snake Plant","floor":22,"turns":6},{"damage":33,"enemies":"Gremlin Leader","floor":24,"turns":4}],"seed_played":"-8573550299241501218","potions_obtained":[],"is_trial":false,"path_per_floor":["M","?","M","M","M","R","M","$","T","E","?","R","$","M","R","B",null,"M","M","?","$","M","R"],"character_chosen":"DEFECT","items_purchased":["Whetstone","Cold Snap","Bag of Preparation"],"campfire_rested":0,"item_purchase_floors":[8,13,21],"current_hp_per_floor":[75,57,57,57,44,44,36,36,43,43,43,43,43,38,38,22,69,57,58,42,42,33,33,0],"gold":37,"neow_bonus":"BOSS_RELIC","is_prod":false,"is_daily":false,"chose_seed":false,"campfire_upgraded":4,"win_rate":0,"timestamp":1531896499,"path_taken":["M","?","M","M","M","R","?","$","T","E","?","R","$","M","R","BOSS","M","M","?","?","M","R","E"],"build_version":"2018-07-16","purchased_purges":1,"victory":false,"max_hp_per_floor":[75,75,75,75,75,75,75,75,82,82,82,82,82,83,83,84,84,85,86,86,86,87,87,87],"card_choices":[{"not_picked":["Steam Power","Leap"],"picked":"Glacier","floor":1},{"not_picked":["Go for the Eyes","Glacier"],"picked":"Blizzard","floor":3},{"not_picked":["Ball Lightning","Chill"],"picked":"Capacitor","floor":4},{"not_picked":["Beam Cell","BootSequence"],"picked":"FTL","floor":5},{"not_picked":["Stack","Sunder"],"picked":"FTL","floor":7},{"not_picked":["Turbo","Beam Cell","FTL"],"picked":"SKIP","floor":10},{"not_picked":["Beam Cell","Recycle"],"picked":"Rainbow","floor":14},{"not_picked":["Fission","All For One"],"picked":"Buffer","floor":16},{"not_picked":["Heatsinks","Streamline+1","Redo"],"picked":"SKIP","floor":18},{"not_picked":["Go for the Eyes+1","Chaos"],"picked":"Conserve Battery+1","floor":19},{"not_picked":["Go for the Eyes","Undo"],"picked":"Stack","floor":22}],"player_experience":260656,"relics_obtained":[{"floor":9,"key":"Strawberry"},{"floor":10,"key":"MawBank"},{"floor":20,"key":"Enchiridion"}],"event_choices":[{"event_name":"Golden Idol","player_choice":"Take Damage","floor":2,"damage_taken":0},{"event_name":"FaceTrader","player_choice":"Trade","floor":11,"damage_taken":0},{"event_name":"Cursed Tome","player_choice":"Obtained Book","floor":20,"damage_taken":0}],"boss_relics":[{"not_picked":["Cursed Key","Tiny House"],"picked":"Empty Cage"}],"items_purged_floors":[13],"is_endless":false,"potions_floor_spawned":[1,3,7,10,16,19,22],"killed_by":"Gremlin Leader","ascension_level":5}