{"gold_per_floor":[119,131,51,64,83,83,101,135,135,147,147,182,182,193,193,296,296,308,319,419,431,431],"floor_reached":22,"playtime":1169,"items_purged":[],"score":300,"play_id":"3339d794-52c3-4aec-ab26-b7377ec94bab","local_time":"20181130102654","is_ascension_mode":true,"campfire_choices":[{"data":"Defragment","floor":6,"key":"SMITH"},{"data":"Loop","floor":11,"key":"SMITH"},{"data":"Go for the Eyes","floor":15,"key":"SMITH"}],"neow_cost":"NONE","seed_source_timestamp":127533540918650,"circlet_count":0,"master_deck":["AscendersBane","Strike_B","Strike_B","Strike_B","Strike_B","Defend_B","Defend_B","Defend_B","Defend_B","Zap+1","Dualcast","Ball Lightning","Coolheaded","Defragment+1","Loop+1","Compile Driver","Undo","BootSequence","Biased Cognition","Go for the Eyes+1","Multi-Cast","Tempest+1","Compile Driver"],"relics":["Cracked Core","Bag of Preparation","Ice Cream","Matryoshka","Velvet Choker","Dead Branch","The Courier"],"potions_floor_usage":[16,16,20,21],"damage_taken":[{"damage":0,"enemies":"Cultist","floor":1,"turns":3},{"damage":0,"enemies":"2 Louse","floor":2,"turns":1},{"damage":1,"enemies":"Small Slimes","floor":4,"turns":4},{"damage":12,"enemies":"3 Louse","floor":5,"turns":3},{"damage":6,"enemies":"2 Fungi Beasts","floor":7,"turns":3},{"damage":26,"enemies":"Gremlin Nob","floor":8,"turns":4},{"damage":0,"enemies":"Exordium Wildlife","floor":10,"turns":3},{"damage":2,"enemies":"Lagavulin","floor":12,"turns":4},{"damage":4,"enemies":"Lots of Slimes","floor":14,"turns":3},{"damage":9,"enemies":"The Guardian","floor":16,"turns":8},{"damage":0,"enemies":"3 Byrds","floor":18,"turns":3},{"damage":0,"enemies":"Chosen","floor":19,"turns":3},{"damage":0,"enemies":"Colosseum Slavers","floor":20,"turns":4},{"damage":56,"enemies":"Colosseum Nobs","floor":20,"turns":4},{"damage":11,"enemies":"Sentry and Sphere","floor":21,"turns":3},{"damage":17,"enemies":"Cultist and Chosen","floor":22,"turns":4}],"seed_played":"2810668120026057295","potions_obtained":[{"floor":4,"key":"Energy Potion"},{"floor":8,"key":"EssenceOfSteel"},{"floor":12,"key":"GamblersBrew"},{"floor":16,"key":"FairyPotion"},{"floor":18,"key":"Regen Potion"}],"is_trial":false,"path_per_floor":["M","M","$","M","M","R","M","E","T","M","R","E","?","M","R","B",null,"M","M","?","M","M"],"character_chosen":"DEFECT","items_purchased":["Defragment"],"campfire_rested":0,"item_purchase_floors":[3],"current_hp_per_floor":[68,68,68,67,55,55,49,23,23,23,23,21,21,17,17,8,58,58,58,2,7,0],"gold":431,"neow_bonus":"UPGRADE_CARD","is_prod":false,"is_daily":false,"chose_seed":false,"campfire_upgraded":3,"win_rate":0,"timestamp":1543553814,"path_taken":["M","M","$","?","M","R","M","E","T","M","R","E","?","M","R","BOSS","M","M","?","M","M"],"build_version":"2018-11-15","purchased_purges":0,"victory":false,"max_hp_per_floor":[75,75,75,75,75,75,75,75,75,75,75,75,75,75,75,75,75,75,75,75,75,75],"card_choices":[{"not_picked":["Rebound","Loop"],"picked":"Ball Lightning","floor":1},{"not_picked":["Sweeping Beam","Turbo"],"picked":"Coolheaded","floor":2},{"not_picked":["Coolheaded","Go for the Eyes"],"picked":"Loop","floor":4},{"not_picked":["Fusion","Force Field"],"picked":"Compile Driver","floor":5},{"not_picked":["Chaos","Ball Lightning"],"picked":"Undo","floor":7},{"not_picked":["Ball Lightning","Rebound"],"picked":"BootSequence","floor":8},{"not_picked":["Barrage","Turbo"],"picked":"Biased Cognition","floor":10},{"not_picked":["Stack","Sweeping Beam"],"picked":"Go for the Eyes","floor":12},{"not_picked":["Redo","Ball Lightning","Gash"],"picked":"SKIP","floor":14},{"not_picked":["Seek","Creative AI"],"picked":"Multi-Cast","floor":16},{"not_picked":["Steam","Rip and Tear","Gash"],"picked":"SKIP","floor":18},{"not_picked":["Rebound","Lockon"],"picked":"Tempest+1","floor":19},{"not_picked":["Barrage","Streamline+1"],"picked":"Compile Driver","floor":21}],"player_experience":790499,"relics_obtained":[{"floor":8,"key":"Bag of Preparation"},{"floor":9,"key":"Ice Cream"},{"floor":12,"key":"Matryoshka"},{"floor":20,"key":"Dead Branch"},{"floor":20,"key":"The Courier"}],"event_choices":[{"damage_healed":0,"gold_gain":0,"player_choice":"Fled","damage_taken":0,"max_hp_gain":0,"max_hp_loss":0,"event_name":"Scrap Ooze","floor":13,"gold_loss":0},{"damage_healed":0,"gold_gain":0,"player_choice":"Fight","damage_taken":0,"max_hp_gain":0,"max_hp_loss":0,"event_name":"Colosseum","floor":20,"gold_loss":0},{"damage_healed":0,"gold_gain":0,"player_choice":"Fought Nobs","damage_taken":0,"max_hp_gain":0,"max_hp_loss":0,"event_name":"Colosseum","floor":20,"gold_loss":0}],"is_beta":true,"boss_relics":[{"not_picked":["Empty Cage","Ectoplasm"],"picked":"Velvet Choker"}],"items_purged_floors":[],"is_endless":false,"potions_floor_spawned":[4,8,12,16,18,20],"killed_by":"Cultist and Chosen","ascension_level":10}