{"path_per_floor":["M","?","?","M","?","R","M","E","T","R","$","T","M","M","R","B",null,"M","?","?","T","$","R","M","R","T","M","E","R","?","M","R","B",null,"M","M","?","$","M","R","E","$","T","E","M","?","$","M","R","B"],"character_chosen":"DEFECT","items_purchased":["Capacitor","Cold Snap","Mummified Hand","Toxic Egg 2","Skim","Blizzard","Jack Of All Trades","Leap"],"gold_per_floor":[360,360,360,380,380,380,399,429,429,429,283,308,319,332,332,403,403,419,469,496,496,3,3,22,22,22,34,63,63,63,75,75,146,146,162,177,177,79,98,98,129,41,66,99,111,161,14,24,24,24],"floor_reached":51,"campfire_rested":4,"playtime":2536,"current_hp_per_floor":[61,54,54,54,59,59,59,49,49,49,49,49,48,44,44,38,61,61,61,46,46,46,46,46,46,46,43,7,27,27,20,40,11,55,55,43,38,38,41,61,67,67,67,35,41,33,33,33,53,43],"items_purged":["Strike_B","Strike_B"],"gold":24,"score":1297,"play_id":"48b02099-c100-4f52-90a0-63aff6826712","local_time":"20180519121228","is_prod":false,"is_daily":false,"chose_seed":false,"is_ascension_mode":true,"campfire_upgraded":5,"timestamp":1526703148,"campfire_choices":[{"data":"Undo","floor":6.0,"key":"SMITH"},{"data":"Doom and Gloom","floor":10.0,"key":"SMITH"},{"data":"Zap","floor":15.0,"key":"SMITH"},{"data":"Fission","floor":23.0,"key":"SMITH"},{"data":"Capacitor","floor":25.0,"key":"SMITH"},{"floor":29.0,"key":"REST"},{"floor":32.0,"key":"REST"},{"floor":40,"key":"REST"},{"floor":49,"key":"REST"}],"path_taken":["M","?","?","M","?","R","M","E","T","R","$","?","M","?","R","BOSS","M","?","?","?","$","R","M","R","T","M","E","R","?","?","R","BOSS","M","?","?","$","M","R","E","$","T","E","?","?","?","M","R","BOSS"],"build_version":"2018-05-17","seed_source_timestamp":774785880886357,"purchased_purges":2,"victory":true,"master_deck":["Strike_B+1","Defend_B","Defend_B","Defend_B","Defend_B","Zap+1","Dualcast+1","AscendersBane","Undo+1","Ball Lightning","Doom and Gloom+1","Capacitor+1","Cold Snap+1","Capacitor","Glacier+1","Fission+1","Glacier","Hologram+1","Conserve Battery+1","Consume+1","Machine Learning","Capacitor","Glacier+1","Bandage Up+1","Skim+1","Blizzard","Gash","Coolheaded+1","Jack Of All Trades+1","Hologram+1","Undo+1","Buffer","Leap+1","Chaos+1"],"max_hp_per_floor":[64,64,64,64,69,69,69,69,69,69,69,69,69,69,69,69,69,69,69,69,69,69,69,69,69,69,69,69,69,69,69,69,69,69,69,69,69,69,69,69,69,69,69,69,69,69,69,69,69,69],"relics":["Cracked Core","Mercury Hourglass","Question Card","Anchor","Runic Dome","Red Mask","Matryoshka","Mummified Hand","Toxic Egg 2","Dodecahedron","Pen Nib","Omamori","Sozu","Whetstone","Bronze Scales","War Paint","Orichalcum","Unceasing Top"],"card_choices":[{"not_picked":["Go for the Eyes","Ball Lightning"],"picked":"Undo","floor":1.0},{"not_picked":["Stack","Leap"],"picked":"Ball Lightning","floor":4.0},{"not_picked":["Stack","Barrage","Coolheaded"],"picked":"SKIP","floor":7.0},{"not_picked":["Hologram","Reprogram"],"picked":"Doom and Gloom","floor":8.0},{"not_picked":["Undo","Barrage","Fusion"],"picked":"Capacitor","floor":13.0},{"not_picked":["BootSequence","Coolheaded","Undo"],"picked":"Glacier","floor":14.0},{"not_picked":["Amplify","Reboot","Seek"],"picked":"Fission","floor":16.0},{"not_picked":["Streamline","Barrage","Coolheaded"],"picked":"Glacier","floor":18.0},{"not_picked":["Stack+1","Steam+1","Leap+1","Skim+1"],"picked":"SKIP","floor":24.0},{"not_picked":["Rebound","Coolheaded+1","Aggregate+1"],"picked":"Hologram+1","floor":27.0},{"not_picked":["FTL","Biased Cognition","Steam+1"],"picked":"Conserve Battery+1","floor":28.0},{"not_picked":["Sweeping Beam","Lockon","Axe Kick"],"picked":"Consume+1","floor":31.0},{"not_picked":["Meteor Strike","Thunder Strike","Nova"],"picked":"Machine Learning","floor":33.0},{"not_picked":["Self Repair","Reinforced Body+1","Glacier+1"],"picked":"Capacitor","floor":35.0},{"not_picked":["Rip and Tear","Capacitor","Barrage"],"picked":"Glacier+1","floor":36.0},{"not_picked":["Finesse","Jack Of All Trades","Good Instincts"],"picked":"Bandage Up","floor":37},{"not_picked":["Rebound","Sunder","Chill+1"],"picked":"Gash","floor":39},{"not_picked":["Storm","FTL","Lockon"],"picked":"Coolheaded+1","floor":41},{"not_picked":["Beam Cell+1","Leap+1","Steam+1"],"picked":"Hologram+1","floor":44},{"not_picked":["Lockon","Self Repair+1","Beam Cell"],"picked":"Undo+1","floor":45},{"not_picked":["Ball Lightning","Turbo+1","Tempest+1"],"picked":"Buffer","floor":46},{"not_picked":["Barrage","Ball Lightning","Sweeping Beam"],"picked":"Chaos+1","floor":48}],"player_experience":1008370,"potions_floor_usage":[50],"damage_taken":[{"damage":3.0,"enemies":"Jaw Worm","floor":1.0,"turns":4.0},{"damage":0.0,"enemies":"Small Slimes","floor":4.0,"turns":3.0},{"damage":0.0,"enemies":"2 Louse","floor":7.0,"turns":2.0},{"damage":10.0,"enemies":"Lagavulin","floor":8.0,"turns":6.0},{"damage":1.0,"enemies":"Looter","floor":13.0,"turns":3.0},{"damage":4.0,"enemies":"Exordium Thugs","floor":14.0,"turns":3.0},{"damage":6.0,"enemies":"The Guardian","floor":16.0,"turns":10.0},{"damage":0.0,"enemies":"Shell Parasite","floor":18.0,"turns":9.0},{"damage":15.0,"enemies":"Masked Bandits","floor":20.0,"turns":4.0},{"damage":0.0,"enemies":"2 Thieves","floor":24.0,"turns":4.0},{"damage":13.0,"enemies":"Slaver and Parasite","floor":27.0,"turns":7.0},{"damage":36.0,"enemies":"Slavers","floor":28.0,"turns":5.0},{"damage":7.0,"enemies":"Centurion and Healer","floor":31.0,"turns":13.0},{"damage":29.0,"enemies":"Automaton","floor":33.0,"turns":16.0},{"damage":0.0,"enemies":"3 Shapes","floor":35.0,"turns":6.0},{"damage":12.0,"enemies":"Flame Bruiser 1 Orb","floor":36.0,"turns":6.0},{"damage":3,"enemies":"Maw","floor":39,"turns":10},{"damage":0,"enemies":"Giant Head","floor":41,"turns":11},{"damage":34,"enemies":"2 Orb Walkers","floor":44,"turns":6},{"damage":0,"enemies":"4 Shapes","floor":45,"turns":5},{"damage":14,"enemies":"Mysterious Sphere","floor":46,"turns":6},{"damage":6,"enemies":"3 Darklings","floor":48,"turns":7},{"damage":16,"enemies":"Awakened One","floor":50,"turns":15}],"relics_obtained":[{"floor":8.0,"key":"Mercury Hourglass"},{"floor":9.0,"key":"Question Card"},{"floor":12.0,"key":"Anchor"},{"floor":20.0,"key":"Red Mask"},{"floor":21.0,"key":"Matryoshka"},{"floor":26.0,"key":"Dodecahedron"},{"floor":26.0,"key":"Pen Nib"},{"floor":28.0,"key":"Omamori"},{"floor":41,"key":"Whetstone"},{"floor":43,"key":"Bronze Scales"},{"floor":43,"key":"War Paint"},{"floor":44,"key":"Orichalcum"},{"floor":46,"key":"Unceasing Top"}],"event_choices":[{"event_name":"Golden Wing","player_choice":"Card Removal","floor":2.0,"damage_taken":0.0},{"event_name":"Liars Game","player_choice":"disagreed","floor":3.0,"damage_taken":0.0},{"event_name":"Big Fish","player_choice":"Donut","floor":5.0,"damage_taken":0.0},{"event_name":"The Joust","player_choice":"Bet on Murderer","floor":19.0,"damage_taken":0.0},{"event_name":"Masked Bandits","player_choice":"Fought over 469 gold","floor":20.0,"damage_taken":0.0},{"event_name":"Addict","player_choice":"Ignored","floor":30.0,"damage_taken":0.0},{"event_name":"SensoryStone","player_choice":"Memory 2","floor":37,"damage_taken":0},{"event_name":"Mysterious Sphere","player_choice":"Fight","floor":46,"damage_taken":0}],"boss_relics":[],"potions_floor_spawned":[4,7,18,27,31,33,39,41,45],"seed_played":"-9208805884604262219","ascension_level":15,"potions_obtained":[{"floor":4.0,"key":"SpeedPotion"},{"floor":7.0,"key":"AttackPotion"},{"floor":18.0,"key":"Regen Potion"},{"floor":27.0,"key":"FearPotion"},{"floor":31.0,"key":"EssenceOfSteel"},{"floor":33.0,"key":"SpeedPotion"}],"is_trial":false}