{"gold_per_floor":[111,128,128,146,162,195,206,171,171],"floor_reached":9,"playtime":250,"items_purged":[],"score":65,"play_id":"64335f8b-88ae-43e1-a05f-7f34f38e0171","local_time":"20190127121815","is_ascension_mode":false,"campfire_choices":[],"neow_cost":"PERCENT_DAMAGE","seed_source_timestamp":328378891220922,"circlet_count":0,"master_deck":["Strike_B","Strike_B","Strike_B","Defend_B","Defend_B","Defend_B","Defend_B","Zap","Dualcast","Darkness","Seek","Static Discharge","Loop","Sweeping Beam"],"relics":["Cracked Core","Ginger","Centennial Puzzle","Shovel"],"potions_floor_usage":[],"damage_taken":[{"damage":1,"enemies":"Cultist","floor":1,"turns":3},{"damage":3,"enemies":"Jaw Worm","floor":2,"turns":4},{"damage":6,"enemies":"2 Louse","floor":4,"turns":2},{"damage":10,"enemies":"Looter","floor":5,"turns":4},{"damage":11,"enemies":"Lagavulin","floor":6,"turns":7},{"damage":9,"enemies":"3 Louse","floor":7,"turns":4}],"seed_played":"6448705013333711940","potions_obtained":[{"floor":1,"key":"LiquidBronze"},{"floor":6,"key":"Weak Potion"}],"is_trial":false,"path_per_floor":["M","M","?","M","M","E","M","?","T"],"character_chosen":"DEFECT","items_purchased":[],"campfire_rested":0,"item_purchase_floors":[],"current_hp_per_floor":[53,50,50,44,34,23,14,32,32],"gold":171,"neow_bonus":"ONE_RARE_RELIC","is_prod":false,"is_daily":false,"chose_seed":false,"campfire_upgraded":0,"win_rate":0,"timestamp":1548609495,"path_taken":["M","?","?","M","M","E","?","?","T"],"build_version":"2019-01-23","purchased_purges":0,"victory":false,"max_hp_per_floor":[75,75,75,75,75,75,75,75,75],"card_choices":[{"not_picked":["Storm","Compile Driver","Chill"],"picked":"SKIP","floor":1},{"not_picked":["Gash","Ball Lightning"],"picked":"Darkness","floor":2},{"not_picked":["Heatsinks","Conserve Battery"],"picked":"Static Discharge","floor":4},{"not_picked":["Compile Driver","Heatsinks"],"picked":"Loop","floor":5},{"not_picked":["Rebound","Go for the Eyes"],"picked":"Sweeping Beam","floor":6},{"not_picked":["Gash","Storm","Fusion"],"picked":"SKIP","floor":7}],"player_experience":163616,"relics_obtained":[{"floor":6,"key":"Centennial Puzzle"},{"floor":9,"key":"Shovel"}],"event_choices":[{"damage_healed":0,"gold_gain":0,"cards_transformed":["Strike_B"],"player_choice":"Transformed","damage_taken":0,"max_hp_gain":0,"max_hp_loss":0,"event_name":"Transmorgrifier","floor":3,"gold_loss":0,"cards_obtained":["Seek"]},{"damage_healed":18,"gold_gain":0,"player_choice":"Healed","damage_taken":0,"max_hp_gain":0,"max_hp_loss":0,"event_name":"The Cleric","floor":8,"gold_loss":35}],"is_beta":false,"boss_relics":[],"items_purged_floors":[],"is_endless":false,"potions_floor_spawned":[1,6],"ascension_level":0}