{"gold_per_floor":[119,136,66,66,17,46,60,86,131,131,147,178,195,20,20,118,118,134,153,180,193,193,193,205,60,84,84,104,117,137,147,147,243,243,258,272,494,512,164,164,219,219,219,237,247,273,273,139,139,139,139,139,14,49,49],"floor_reached":56,"playtime":2693,"items_purged":["Decay","Strike_R","Strike_R"],"score":1241,"play_id":"7b0d1718-1dc1-4d7e-92c3-5dd333e66d80","local_time":"20190402220748","is_ascension_mode":false,"campfire_choices":[{"data":"True Grit","floor":10.0,"key":"SMITH"},{"data":"True Grit","floor":15.0,"key":"SMITH"},{"data":"True Grit","floor":23,"key":"SMITH"},{"data":"Body Slam","floor":27,"key":"SMITH"},{"floor":32,"key":"REST"},{"data":"Limit Break","floor":40,"key":"SMITH"},{"data":"Juggernaut","floor":42,"key":"SMITH"},{"floor":49,"key":"RECALL"},{"data":"Offering","floor":52,"key":"SMITH"}],"neow_cost":"CURSE","seed_source_timestamp":3377214220821765,"circlet_count":0,"master_deck":["Strike_R","Strike_R","Defend_R","Defend_R","Defend_R","Defend_R+1","Bash+1","True Grit+1","Inflame","True Grit+1","Armaments","Shrug It Off","Limit Break+1","True Grit+1","Pommel Strike","Iron Wave","Heavy Blade","Sword Boomerang","Juggernaut+1","Spot Weakness","Battle Trance","Evolve","Iron Wave","Seeing Red","Flame Barrier","Body Slam+1","Shrug It Off","Feel No Pain","Flame Barrier+1","Offering+1","Flame Barrier+1","Feel No Pain","Disarm","Body Slam+1","Corruption+1","Shockwave+1","Offering","Feel No Pain"],"special_seed":0,"relics":["Burning Blood","Ginger","Blood Vial","Odd Mushroom","Anchor","Lantern","Philosopher\u0027s Stone","Red Mask","Bag of Preparation","Sozu","DollysMirror","Thread and Needle","Pantograph","Pocketwatch"],"potions_floor_usage":[16,20,24,29,41,55],"damage_taken":[{"damage":2.0,"enemies":"2 Louse","floor":1.0,"turns":3.0},{"damage":2.0,"enemies":"Small Slimes","floor":2.0,"turns":5.0},{"damage":25.0,"enemies":"Gremlin Nob","floor":6.0,"turns":5.0},{"damage":0.0,"enemies":"Jaw Worm","floor":7.0,"turns":4.0},{"damage":13.0,"enemies":"The Mushroom Lair","floor":8.0,"turns":7.0},{"damage":6.0,"enemies":"Lots of Slimes","floor":11.0,"turns":8.0},{"damage":23.0,"enemies":"3 Sentries","floor":12.0,"turns":12.0},{"damage":9.0,"enemies":"Blue Slaver","floor":13.0,"turns":4.0},{"damage":35,"enemies":"Slime Boss","floor":16,"turns":9},{"damage":15,"enemies":"Spheric Guardian","floor":18,"turns":7},{"damage":2,"enemies":"Chosen","floor":19,"turns":3},{"damage":32,"enemies":"Masked Bandits","floor":20,"turns":6},{"damage":16,"enemies":"Snecko","floor":21,"turns":4},{"damage":42,"enemies":"Sentry and Sphere","floor":24,"turns":6},{"damage":10,"enemies":"Snake Plant","floor":28,"turns":4},{"damage":0,"enemies":"Chosen and Byrds","floor":29,"turns":6},{"damage":0,"enemies":"Snecko","floor":30,"turns":5},{"damage":4,"enemies":"Sentry and Sphere","floor":31,"turns":4},{"damage":16,"enemies":"Champ","floor":33,"turns":10},{"damage":6,"enemies":"3 Shapes","floor":35,"turns":5},{"damage":10,"enemies":"3 Darklings","floor":36,"turns":5},{"damage":5,"enemies":"Jaw Worm Horde","floor":38,"turns":4},{"damage":36,"enemies":"2 Orb Walkers","floor":41,"turns":5},{"damage":18,"enemies":"Transient","floor":44,"turns":5},{"damage":6,"enemies":"3 Darklings","floor":45,"turns":5},{"damage":6,"enemies":"Reptomancer","floor":46,"turns":5},{"damage":39,"enemies":"Awakened One","floor":50,"turns":13},{"damage":12,"enemies":"Shield and Spear","floor":54,"turns":6},{"damage":16,"enemies":"The Heart","floor":55,"turns":9}],"seed_played":"348971211570307920","potions_obtained":[{"floor":1.0,"key":"Poison Potion"},{"floor":2.0,"key":"SpeedPotion"},{"floor":6.0,"key":"Poison Potion"},{"floor":13.0,"key":"Fire Potion"},{"floor":16,"key":"Explosive Potion"},{"floor":18,"key":"Energy Potion"},{"floor":19,"key":"Regen Potion"},{"floor":28,"key":"Swift Potion"},{"floor":29,"key":"FairyPotion"},{"floor":30,"key":"Fire Potion"}],"is_trial":false,"path_per_floor":["M","M","$","?","$","E","M","?","T","R","M","E","M","$","R","B",null,"M","M","?","M","?","R","M","$","T","R","M","M","M","M","R","B",null,"M","M","?","M","$","R","?","R","T","M","M","E","?","$","R","B",null,"R","$","E","B",null],"character_chosen":"IRONCLAD","items_purchased":["True Grit","Armaments","Shrug It Off","Lantern","Sword Boomerang","Flame Barrier","Body Slam","Shrug It Off","Disarm","DollysMirror","Feel No Pain"],"campfire_rested":1,"item_purchase_floors":[3,3,5,14,14,25,25,25,39,39,48],"current_hp_per_floor":[80,80,80,64,64,45,53,48,48,48,50,35,34,34,34,7,80,71,77,53,45,45,45,26,26,26,26,24,32,40,44,68,60,80,80,76,76,79,79,79,50,50,50,40,42,44,44,44,44,38,80,80,80,74,70],"gold":49,"neow_bonus":"ONE_RARE_RELIC","is_prod":false,"is_daily":false,"chose_seed":false,"campfire_upgraded":7,"win_rate":0,"timestamp":1554257268,"path_taken":["M","M","$","?","$","E","M","?","T","R","M","E","M","?","R","BOSS","M","?","?","M","?","R","M","$","T","R","M","M","?","M","R","BOSS","M","M","?","M","$","R","?","R","T","M","M","E","?","$","R","BOSS","R","$","E","BOSS"],"build_version":"2019-03-15","purchased_purges":3,"victory":true,"max_hp_per_floor":[80,80,80,80,80,80,80,80,80,80,80,80,80,80,80,80,80,80,80,80,80,80,80,80,80,80,80,80,80,80,80,80,80,80,80,80,80,80,80,80,80,80,80,80,80,80,80,80,80,80,80,80,80,80,80],"card_choices":[{"not_picked":["Rage","Reckless Charge"],"picked":"True Grit","floor":1.0},{"not_picked":["Cleave","Sentinel"],"picked":"Inflame","floor":2.0},{"not_picked":["Perfected Strike","Body Slam"],"picked":"Limit Break","floor":6.0},{"not_picked":["Wild Strike","Havoc"],"picked":"True Grit","floor":7.0},{"not_picked":["Cleave","Headbutt"],"picked":"Pommel Strike","floor":11.0},{"not_picked":["Cleave","Armaments"],"picked":"Iron Wave","floor":12.0},{"not_picked":["Anger","Cleave"],"picked":"Heavy Blade","floor":13.0},{"not_picked":["Berserk","Double Tap"],"picked":"Juggernaut","floor":16},{"not_picked":["Cleave","True Grit"],"picked":"Spot Weakness","floor":18},{"not_picked":["Body Slam","Heavy Blade"],"picked":"Battle Trance","floor":19},{"not_picked":["Fiend Fire","Armaments"],"picked":"Evolve","floor":20},{"not_picked":["Wild Strike","Inflame"],"picked":"Iron Wave","floor":21},{"not_picked":["Infernal Blade+1","Wild Strike","Double Tap"],"picked":"SKIP","floor":24},{"not_picked":["Power Through","Metallicize"],"picked":"Feel No Pain","floor":28},{"not_picked":["Rupture","Evolve+1","Anger"],"picked":"SKIP","floor":29},{"not_picked":["Clash","Perfected Strike"],"picked":"Flame Barrier+1","floor":30},{"not_picked":["Iron Wave+1","Clothesline","Ghostly Armor"],"picked":"SKIP","floor":31},{"not_picked":["Fiend Fire","Bludgeon"],"picked":"Offering","floor":33},{"not_picked":["Flex+1","Anger+1"],"picked":"Flame Barrier+1","floor":35},{"not_picked":["Thunderclap+1","Havoc+1","Cleave"],"picked":"SKIP","floor":36},{"not_picked":["Pummel","Headbutt"],"picked":"Feel No Pain","floor":38},{"not_picked":["Clothesline","True Grit"],"picked":"Corruption+1","floor":44},{"not_picked":["Cleave+1","Headbutt+1"],"picked":"Shockwave+1","floor":45},{"not_picked":["Spot Weakness","Shockwave+1","Double Tap"],"picked":"SKIP","floor":46},{"not_picked":["Wild Strike+1","Flex+1","Rage"],"picked":"SKIP","floor":54}],"player_experience":899553,"relics_obtained":[{"floor":6.0,"key":"Blood Vial"},{"floor":8.0,"key":"Odd Mushroom"},{"floor":9.0,"key":"Anchor"},{"floor":20,"key":"Red Mask"},{"floor":26,"key":"Bag of Preparation"},{"floor":41,"key":"Thread and Needle"},{"floor":46,"key":"Pantograph"},{"floor":54,"key":"Pocketwatch"}],"event_choices":[{"damage_healed":0.0,"max_hp_gain":0.0,"max_hp_loss":0.0,"gold_gain":0.0,"event_name":"Shining Light","player_choice":"Entered Light","floor":4.0,"gold_loss":0.0,"damage_taken":16.0,"cards_upgraded":["Defend_R","Bash"]},{"damage_healed":0.0,"max_hp_gain":0.0,"max_hp_loss":0.0,"gold_gain":0.0,"event_name":"Mushrooms","player_choice":"Fought Mushrooms","floor":8.0,"gold_loss":0.0,"damage_taken":0.0},{"damage_healed":0,"gold_gain":0,"player_choice":"Fought Bandits","damage_taken":0,"max_hp_gain":0,"max_hp_loss":0,"event_name":"Masked Bandits","floor":20,"gold_loss":0},{"damage_healed":0,"gold_gain":0,"cards_transformed":["Strike_R"],"player_choice":"Transformed","damage_taken":0,"max_hp_gain":0,"max_hp_loss":0,"event_name":"Transmorgrifier","floor":22,"gold_loss":0,"cards_obtained":["Seeing Red"]},{"damage_healed":0,"gold_gain":222,"player_choice":"Wore Mask","damage_taken":0,"max_hp_gain":0,"max_hp_loss":0,"event_name":"Tomb of Lord Red Mask","floor":37,"gold_loss":0},{"damage_healed":0,"gold_gain":0,"player_choice":"Fight","damage_taken":0,"max_hp_gain":0,"max_hp_loss":0,"event_name":"Mysterious Sphere","floor":41,"gold_loss":0},{"damage_healed":0,"gold_gain":0,"player_choice":"Copied","damage_taken":0,"max_hp_gain":0,"max_hp_loss":0,"event_name":"Duplicator","floor":47,"gold_loss":0,"cards_obtained":["Offering"]}],"is_beta":true,"boss_relics":[{"not_picked":["Coffee Dripper","Empty Cage"],"picked":"Philosopher\u0027s Stone"},{"not_picked":["Black Star","Runic Pyramid"],"picked":"Sozu"}],"items_purged_floors":[39,48,53],"is_endless":false,"potions_floor_spawned":[1,2,6,13,16,18,19,28,29,30,38,41,44,45,46],"ascension_level":0}