{"gold_per_floor":[119,69,69,88,104,130,140,140,140,215,227,113,142,158,158,253,253,263,263,37,37,37,64,81,109,157,169,169,169,19,38,38,140,140,156,156,182,182,107,139,139,151,151,151,182,182,201,232,232,232],"floor_reached":51,"playtime":3081,"items_purged":["Writhe"],"score":931,"play_id":"6d4b6d45-6493-4bc4-8d7f-361c297653ba","local_time":"20190420235538","is_ascension_mode":false,"campfire_choices":[{"data":"Perfected Strike","floor":8,"key":"SMITH"},{"data":"Armaments","floor":15,"key":"SMITH"},{"data":"J.A.X.","floor":29,"key":"SMITH"},{"data":"Rage","floor":32,"key":"SMITH"},{"data":"Corruption","floor":41,"key":"SMITH"},{"data":"Clothesline","floor":44,"key":"SMITH"},{"data":"Armaments","floor":46,"key":"SMITH"},{"data":"Discovery","floor":49,"key":"SMITH"}],"neow_cost":"NONE","seed_source_timestamp":736209607413900,"circlet_count":0,"master_deck":["Strike_R","Strike_R","Strike_R","Strike_R","Defend_R","Defend_R","Defend_R","Defend_R","Bash+1","Shrug It Off","Perfected Strike+1","Perfected Strike","Rage+1","Flame Barrier","Armaments+1","Wild Strike","Discovery+1","Clothesline+1","Headbutt","Feed","Pummel+1","J.A.X.+1","Shrug It Off","Reaper","Warcry","Headbutt","Warcry","Exhume","Corruption+1","Madness","Madness","Decay","True Grit","Feel No Pain+1","Armaments+1","Injury","True Grit+1"],"relics":["Burning Blood","Dead Branch","Blue Candle","Paper Frog","Cursed Key","Pen Nib","Enchiridion","Turnip","Vajra","Strawberry","Red Skull","Coffee Dripper","Bag of Marbles","Prayer Wheel","Ginger","Ancient Tea Set","Centennial Puzzle"],"potions_floor_usage":[6,16,25,40,50],"damage_taken":[{"damage":3,"enemies":"Jaw Worm","floor":1,"turns":4},{"damage":2,"enemies":"Small Slimes","floor":4,"turns":3},{"damage":0,"enemies":"Cultist","floor":5,"turns":3},{"damage":23,"enemies":"Lagavulin","floor":6,"turns":5},{"damage":2,"enemies":"Blue Slaver","floor":7,"turns":3},{"damage":10,"enemies":"Exordium Wildlife","floor":11,"turns":6},{"damage":16,"enemies":"Gremlin Nob","floor":13,"turns":4},{"damage":3,"enemies":"Large Slime","floor":14,"turns":6},{"damage":18,"enemies":"Hexaghost","floor":16,"turns":9},{"damage":5,"enemies":"3 Byrds","floor":18,"turns":3},{"damage":8,"enemies":"Gremlin Leader","floor":23,"turns":5},{"damage":10,"enemies":"2 Thieves","floor":24,"turns":3},{"damage":21,"enemies":"Book of Stabbing","floor":25,"turns":4},{"damage":3,"enemies":"Cultist and Chosen","floor":27,"turns":4},{"damage":14,"enemies":"Snake Plant","floor":31,"turns":2},{"damage":61,"enemies":"Collector","floor":33,"turns":8},{"damage":17,"enemies":"3 Darklings","floor":35,"turns":3},{"damage":23,"enemies":"Nemesis","floor":40,"turns":5},{"damage":0,"enemies":"3 Shapes","floor":42,"turns":3},{"damage":8,"enemies":"Reptomancer","floor":45,"turns":5},{"damage":13,"enemies":"Maw","floor":47,"turns":4},{"damage":5,"enemies":"Nemesis","floor":48,"turns":5},{"damage":15,"enemies":"Awakened One","floor":50,"turns":5}],"seed_played":"-1121269564603939148","potions_obtained":[{"floor":4,"key":"AttackPotion"},{"floor":11,"key":"FairyPotion"},{"floor":14,"key":"Poison Potion"},{"floor":24,"key":"Weak Potion"},{"floor":27,"key":"Explosive Potion"},{"floor":31,"key":"Fire Potion"},{"floor":33,"key":"PowerPotion"},{"floor":35,"key":"SteroidPotion"},{"floor":48,"key":"Fire Potion"}],"is_trial":false,"path_per_floor":["M","?","?","M","M","E","M","R","T","?","M","$","E","M","R","B",null,"M","?","$","?","?","E","M","E","T","M","?","R","$","M","R","B",null,"M","?","T","?","$","E","R","M","T","R","E","R","M","E","R","B",null],"character_chosen":"IRONCLAD","items_purchased":["Wild Strike","Discovery","Shrug It Off","Pen Nib","Explosive Potion","Red Skull"],"campfire_rested":0,"item_purchase_floors":[12,12,20,20,20,30],"current_hp_per_floor":[88,88,88,88,88,71,75,75,75,64,60,60,50,53,53,41,88,91,91,91,91,75,73,69,57,64,89,89,89,89,81,81,26,101,93,80,80,80,80,63,63,86,86,86,112,112,108,112,112,113],"gold":232,"neow_bonus":"TEN_PERCENT_HP_BONUS","is_prod":false,"is_daily":false,"chose_seed":false,"campfire_upgraded":8,"win_rate":1,"timestamp":1555829738,"path_taken":["M","?","?","?","M","E","M","R","T","?","M","$","E","M","R","BOSS","M","?","$","?","?","E","M","E","T","M","?","R","?","?","R","BOSS","M","?","?","?","$","E","R","M","T","R","E","R","M","E","R","BOSS"],"build_version":"2019-01-23","purchased_purges":1,"victory":true,"max_hp_per_floor":[88,88,88,88,88,88,88,88,88,88,88,88,88,88,88,88,88,91,91,91,91,91,91,91,94,101,101,101,101,101,101,101,101,101,104,104,104,104,104,104,104,110,110,110,114,114,117,120,120,120],"card_choices":[{"not_picked":["Warcry","Feel No Pain"],"picked":"Shrug It Off","floor":1},{"not_picked":["Burning Pact","Demon Form"],"picked":"Perfected Strike","floor":4},{"not_picked":["Iron Wave","Shockwave"],"picked":"Perfected Strike","floor":5},{"not_picked":["Heavy Blade","Clash"],"picked":"Rage","floor":6},{"not_picked":["Anger","Warcry"],"picked":"Flame Barrier","floor":7},{"not_picked":["Rampage","Ghostly Armor"],"picked":"Armaments","floor":11},{"not_picked":["Dark Embrace","Thunderclap"],"picked":"Clothesline","floor":13},{"not_picked":["Iron Wave","Entrench"],"picked":"Headbutt","floor":14},{"not_picked":["Dark Embrace","Demon Form"],"picked":"Feed","floor":16},{"not_picked":["Body Slam","Warcry"],"picked":"Pummel+1","floor":18},{"not_picked":["Armaments","Whirlwind"],"picked":"Reaper","floor":23},{"not_picked":["Reckless Charge","Hemokinesis"],"picked":"Warcry","floor":24},{"not_picked":["Searing Blow+1","Rupture"],"picked":"Headbutt","floor":25},{"not_picked":["Cleave","Wild Strike","Body Slam"],"picked":"SKIP","floor":27},{"not_picked":["Cleave","Wild Strike","Body Slam"],"picked":"SKIP","floor":27},{"not_picked":["Iron Wave","Body Slam+1"],"picked":"Warcry","floor":31},{"not_picked":["Offering","Barricade"],"picked":"Exhume","floor":33},{"not_picked":["Carnage","Searing Blow+1"],"picked":"Corruption","floor":35},{"not_picked":["Berserk","Flex"],"picked":"True Grit","floor":40},{"not_picked":["Sword Boomerang","Headbutt"],"picked":"Feel No Pain+1","floor":42},{"not_picked":["Heavy Blade","Carnage+1"],"picked":"Armaments","floor":42},{"not_picked":["Second Wind","Combust","Wild Strike"],"picked":"SKIP","floor":45},{"not_picked":["Fire Breathing","Armaments+1"],"picked":"True Grit+1","floor":47},{"not_picked":["Armaments","Blood for Blood","Bloodletting+1"],"picked":"SKIP","floor":47},{"not_picked":["Armaments","Blood for Blood","Bloodletting+1"],"picked":"SKIP","floor":47},{"not_picked":["Sword Boomerang","Anger","Heavy Blade"],"picked":"SKIP","floor":48}],"player_experience":468977,"relics_obtained":[{"floor":6,"key":"Dead Branch"},{"floor":9,"key":"Blue Candle"},{"floor":13,"key":"Paper Frog"},{"floor":22,"key":"Enchiridion"},{"floor":23,"key":"Turnip"},{"floor":25,"key":"Vajra"},{"floor":26,"key":"Strawberry"},{"floor":37,"key":"Bag of Marbles"},{"floor":40,"key":"Prayer Wheel"},{"floor":43,"key":"Ginger"},{"floor":45,"key":"Ancient Tea Set"},{"floor":48,"key":"Centennial Puzzle"}],"event_choices":[{"cards_removed":["Strike_R"],"damage_healed":0,"gold_gain":0,"player_choice":"Card Removal","damage_taken":0,"max_hp_gain":0,"max_hp_loss":0,"event_name":"The Cleric","floor":2,"gold_loss":50},{"damage_healed":0,"gold_gain":0,"player_choice":"Upgraded","damage_taken":0,"max_hp_gain":0,"max_hp_loss":0,"event_name":"Upgrade Shrine","floor":3,"gold_loss":0,"cards_upgraded":["Bash"]},{"damage_healed":0,"gold_gain":75,"player_choice":"Gather Gold","damage_taken":11,"max_hp_gain":0,"max_hp_loss":0,"event_name":"World of Goop","floor":10,"gold_loss":0},{"damage_healed":0,"gold_gain":0,"player_choice":"Obtain J.A.X.","damage_taken":0,"max_hp_gain":0,"max_hp_loss":0,"event_name":"Drug Dealer","floor":19,"gold_loss":0,"cards_obtained":["J.A.X."]},{"damage_healed":0,"gold_gain":0,"player_choice":"Ignored","damage_taken":0,"max_hp_gain":0,"max_hp_loss":0,"event_name":"Ghosts","floor":21,"gold_loss":0},{"damage_healed":0,"gold_gain":0,"player_choice":"Obtained Book","damage_taken":16,"max_hp_gain":0,"max_hp_loss":0,"event_name":"Cursed Tome","floor":22,"gold_loss":0},{"damage_healed":0,"gold_gain":0,"player_choice":"Ignored","damage_taken":0,"max_hp_gain":0,"max_hp_loss":0,"event_name":"Vampires","floor":28,"gold_loss":0},{"damage_healed":0,"gold_gain":0,"player_choice":"Embrace Madness","damage_taken":13,"max_hp_gain":0,"max_hp_loss":0,"event_name":"Winding Halls","floor":36,"gold_loss":0,"cards_obtained":["Madness","Madness"]},{"damage_healed":0,"gold_gain":0,"player_choice":"Ignored","damage_taken":0,"max_hp_gain":0,"max_hp_loss":0,"event_name":"Tomb of Lord Red Mask","floor":38,"gold_loss":0}],"is_beta":false,"boss_relics":[{"not_picked":["Philosopher\u0027s Stone","Lizard Tail"],"picked":"Cursed Key"},{"not_picked":["Sozu","Calling Bell"],"picked":"Coffee Dripper"}],"items_purged_floors":[39],"is_endless":false,"potions_floor_spawned":[4,11,14,24,27,31,33,35,48],"ascension_level":0}