{"gold_per_floor":[212,223,223,243,36,63,63,63,87,87,103,130,130,230,230,325,325,340,255,255,274,291,346,346,370,370,370],"floor_reached":27,"playtime":1034,"items_purged":[],"score":359,"play_id":"16e94359-eb88-418c-a06c-c304ceeb3fac","local_time":"20181130121358","is_ascension_mode":true,"campfire_choices":[{"data":"Streamline","floor":7.0,"key":"SMITH"},{"data":"Zap","floor":10.0,"key":"SMITH"},{"data":"Consume","floor":13.0,"key":"SMITH"},{"floor":15.0,"key":"REST"},{"data":"Go for the Eyes","floor":24,"key":"SMITH"}],"neow_cost":"NONE","seed_source_timestamp":0,"circlet_count":0,"master_deck":["AscendersBane","Strike_B+1","Strike_B+1","Defend_B","Defend_B","Defend_B","Defend_B","Zap+1","Dualcast","Ball Lightning","Self Repair","Streamline+1","Hologram","Consume+1","Electrodynamics","Reboot","Cold Snap+1","Steam","Coolheaded","Go for the Eyes+1"],"special_seed":0,"relics":["Cracked Core","Toolbox","Whetstone","Happy Flower","Anchor","Inserter","Torii","Tiny Chest","Molten Egg 2"],"potions_floor_usage":[21,23],"damage_taken":[{"damage":0.0,"enemies":"Small Slimes","floor":1.0,"turns":4.0},{"damage":6.0,"enemies":"Cultist","floor":2.0,"turns":4.0},{"damage":7.0,"enemies":"2 Louse","floor":4.0,"turns":3.0},{"damage":32.0,"enemies":"Gremlin Nob","floor":6.0,"turns":4.0},{"damage":28.0,"enemies":"Exordium Thugs","floor":11.0,"turns":4.0},{"damage":27.0,"enemies":"3 Sentries","floor":12.0,"turns":6.0},{"damage":17.0,"enemies":"Slime Boss","floor":16.0,"turns":7.0},{"damage":2,"enemies":"Chosen","floor":18,"turns":4},{"damage":16,"enemies":"2 Thieves","floor":21,"turns":4},{"damage":8,"enemies":"3 Cultists","floor":22,"turns":4},{"damage":30,"enemies":"Slavers","floor":23,"turns":5},{"damage":38,"enemies":"Gremlin Leader","floor":27,"turns":6}],"seed_played":"513421515367458180","potions_obtained":[{"floor":4.0,"key":"Swift Potion"},{"floor":6.0,"key":"Energy Potion"},{"floor":11.0,"key":"EssenceOfSteel"},{"floor":12.0,"key":"EssenceOfSteel"},{"floor":18,"key":"FearPotion"},{"floor":22,"key":"EssenceOfSteel"}],"is_trial":false,"path_per_floor":["M","M","?","M","$","E","R","?","T","R","M","E","R","?","R","B",null,"M","?","?","M","M","E","R","T","T","E"],"character_chosen":"DEFECT","items_purchased":["Toolbox"],"campfire_rested":1,"item_purchase_floors":[5],"current_hp_per_floor":[68,62,55,55,55,30,30,55,55,55,34,7,7,7,29,19,61,66,66,66,57,56,33,33,33,33,0],"gold":370,"neow_bonus":"HUNDRED_GOLD","is_prod":false,"is_daily":false,"chose_seed":false,"campfire_upgraded":4,"win_rate":0,"timestamp":1543560238,"path_taken":["M","M","?","M","$","E","R","?","T","R","M","E","R","?","R","BOSS","M","?","?","M","?","E","R","?","T","E"],"build_version":"2018-11-15","purchased_purges":0,"victory":false,"max_hp_per_floor":[75,75,75,75,75,75,75,75,75,75,75,75,75,75,75,75,75,75,75,75,75,75,75,75,75,75,75],"card_choices":[{"not_picked":["Tempest","Fusion"],"picked":"Ball Lightning","floor":1.0},{"not_picked":["Go for the Eyes","Fusion"],"picked":"Self Repair","floor":2.0},{"not_picked":["Turbo","Reinforced Body"],"picked":"Streamline","floor":4.0},{"not_picked":["Beam Cell","Streamline"],"picked":"Hologram","floor":6.0},{"not_picked":["Compile Driver","Aggregate"],"picked":"Consume","floor":11.0},{"not_picked":["Compile Driver","Gash"],"picked":"Electrodynamics","floor":12.0},{"not_picked":["Core Surge","Machine Learning"],"picked":"Reboot","floor":16.0},{"not_picked":["Hello World","Turbo"],"picked":"Cold Snap+1","floor":18},{"not_picked":["Hello World","Streamline"],"picked":"Steam","floor":21},{"not_picked":["Streamline","Meteor Strike"],"picked":"Coolheaded","floor":22},{"not_picked":["Rip and Tear","Lockon"],"picked":"Go for the Eyes","floor":23}],"player_experience":794566,"relics_obtained":[{"floor":6.0,"key":"Whetstone"},{"floor":9.0,"key":"Happy Flower"},{"floor":12.0,"key":"Anchor"},{"floor":23,"key":"Tiny Chest"},{"floor":26,"key":"Molten Egg 2"}],"event_choices":[{"cards_removed":["Strike_B"],"damage_healed":0.0,"max_hp_gain":0.0,"max_hp_loss":0.0,"gold_gain":0.0,"event_name":"Golden Wing","player_choice":"Card Removal","floor":3.0,"gold_loss":0.0,"damage_taken":7.0},{"damage_healed":25.0,"max_hp_gain":0.0,"max_hp_loss":0.0,"gold_gain":0.0,"event_name":"Big Fish","player_choice":"Banana","floor":8.0,"gold_loss":0.0,"damage_taken":0.0},{"damage_healed":0.0,"max_hp_gain":0.0,"max_hp_loss":0.0,"gold_gain":100.0,"event_name":"Golden Shrine","player_choice":"Pray","floor":14.0,"gold_loss":0.0,"damage_taken":0.0},{"damage_healed":0,"gold_gain":0,"player_choice":"Obtained Relic","damage_taken":0,"relics_obtained":["Torii"],"max_hp_gain":0,"max_hp_loss":0,"event_name":"Addict","floor":19,"gold_loss":85},{"cards_removed":["Strike_B"],"damage_healed":0,"gold_gain":0,"player_choice":"Card Removal","damage_taken":0,"max_hp_gain":0,"max_hp_loss":0,"event_name":"Wheel of Change","floor":20,"gold_loss":0}],"is_beta":true,"boss_relics":[{"not_picked":["Orrery","Fusion Hammer"],"picked":"Inserter"}],"items_purged_floors":[],"is_endless":false,"potions_floor_spawned":[4,6,11,12,18,22],"killed_by":"Gremlin Leader","ascension_level":10}