{"gold_per_floor":[115,190,103,114,114,114,130,130,130,145,177,33,33,53,53,150,150,161,161,161,174,174],"floor_reached":22,"playtime":1586,"items_purged":[],"score":184,"play_id":"5f2a72b3-a80a-4711-9092-b53bb01c25c9","local_time":"20190127120213","is_ascension_mode":false,"campfire_choices":[{"floor":6,"key":"REST"},{"data":"Zap","floor":8,"key":"SMITH"},{"floor":15,"key":"REST"}],"neow_cost":"NONE","seed_source_timestamp":326069808838566,"circlet_count":0,"master_deck":["Defend_B","Defend_B","Defend_B","Zap+1","Dualcast","Dramatic Entrance","Sweeping Beam","All For One","Go for the Eyes","Reboot","Darkness","Steam","Gash"],"relics":["Cracked Core","Ornamental Fan","Regal Pillow","Anchor","Empty Cage"],"potions_floor_usage":[11],"damage_taken":[{"damage":6,"enemies":"Jaw Worm","floor":1,"turns":2},{"damage":7,"enemies":"Small Slimes","floor":4,"turns":2},{"damage":0,"enemies":"Cultist","floor":7,"turns":2},{"damage":4,"enemies":"Blue Slaver","floor":10,"turns":3},{"damage":36,"enemies":"Lagavulin","floor":11,"turns":5},{"damage":0,"enemies":"Looter","floor":14,"turns":2},{"damage":32,"enemies":"Slime Boss","floor":16,"turns":9},{"damage":0,"enemies":"Chosen","floor":18,"turns":4},{"damage":0,"enemies":"2 Thieves","floor":21,"turns":4},{"damage":30,"enemies":"Snecko","floor":22,"turns":4}],"seed_played":"7986799211050674276","potions_obtained":[{"floor":1,"key":"Dexterity Potion"},{"floor":4,"key":"Explosive Potion"}],"is_trial":false,"path_per_floor":["M","?","$","M","?","R","M","R","T","M","E","$","?","M","R","B",null,"M","?","?","M","M"],"character_chosen":"DEFECT","items_purchased":["Dramatic Entrance","Anchor"],"campfire_rested":2,"item_purchase_floors":[3,12],"current_hp_per_floor":[69,58,58,51,51,73,73,73,73,69,33,33,58,58,75,43,75,75,61,61,61,31],"gold":174,"neow_bonus":"REMOVE_CARD","is_prod":false,"is_daily":false,"chose_seed":false,"campfire_upgraded":1,"win_rate":0,"timestamp":1548608533,"path_taken":["M","?","$","M","?","R","M","R","T","?","E","$","?","M","R","BOSS","M","?","?","M","M"],"build_version":"2019-01-23","purchased_purges":0,"victory":false,"max_hp_per_floor":[75,75,75,75,75,75,75,75,75,75,75,75,75,75,75,75,75,75,80,80,80,80],"card_choices":[{"not_picked":["Consume","Hologram","Compile Driver"],"picked":"SKIP","floor":1},{"not_picked":["Conserve Battery","Redo"],"picked":"Sweeping Beam","floor":4},{"not_picked":["Darkness","Beam Cell","Steam"],"picked":"SKIP","floor":7},{"not_picked":["Leap","Beam Cell"],"picked":"All For One","floor":10},{"not_picked":["Chill","Recycle","Turbo"],"picked":"SKIP","floor":11},{"not_picked":["Cold Snap","Glacier"],"picked":"Go for the Eyes","floor":14},{"not_picked":["Core Surge","Biased Cognition"],"picked":"Reboot","floor":16},{"not_picked":["Chaos","Redo","Conserve Battery"],"picked":"SKIP","floor":18},{"not_picked":["Rebound","Streamline"],"picked":"Gash","floor":21}],"player_experience":161340,"relics_obtained":[{"floor":5,"key":"Ornamental Fan"},{"floor":11,"key":"Regal Pillow"}],"event_choices":[{"damage_healed":0,"gold_gain":75,"player_choice":"Gather Gold","damage_taken":11,"max_hp_gain":0,"max_hp_loss":0,"event_name":"World of Goop","floor":2,"gold_loss":0},{"damage_healed":0,"gold_gain":0,"player_choice":"Relic","damage_taken":0,"max_hp_gain":0,"max_hp_loss":0,"event_name":"Wheel of Change","floor":5,"gold_loss":0},{"damage_healed":25,"gold_gain":0,"player_choice":"Banana","damage_taken":0,"max_hp_gain":0,"max_hp_loss":0,"event_name":"Big Fish","floor":13,"gold_loss":0},{"damage_healed":0,"gold_gain":0,"player_choice":"Shed Blood","damage_taken":19,"max_hp_gain":5,"max_hp_loss":0,"event_name":"Forgotten Altar","floor":19,"gold_loss":0},{"damage_healed":0,"gold_gain":0,"cards_transformed":["Strike_B","Strike_B"],"player_choice":"Became Test Subject","damage_taken":0,"max_hp_gain":0,"max_hp_loss":0,"event_name":"Drug Dealer","floor":20,"gold_loss":0,"cards_obtained":["Darkness","Steam"]}],"is_beta":false,"boss_relics":[{"not_picked":["Runic Pyramid","Inserter"],"picked":"Empty Cage"}],"items_purged_floors":[],"is_endless":false,"potions_floor_spawned":[1,4],"killed_by":"Snecko","ascension_level":0}