{"gold_per_floor":[119,119,139,149,164,164,189,189,244,256,270,75,89,105,105,200,200,220,232,282,259,274,274,301,365,365,394,407,96,96,116,116,220,220,236,286,300,350,400,435,435,470,470,64,64,76,126,140,140,140],"floor_reached":51,"playtime":2679,"items_purged":["Strike_R"],"score":874,"play_id":"e86e59ef-551f-4bd7-8448-6fb0091483e9","local_time":"20190228001459","is_ascension_mode":true,"campfire_choices":[{"data":"Perfected Strike","floor":6,"key":"SMITH"},{"data":"Armaments","floor":15,"key":"SMITH"},{"data":"Limit Break","floor":23,"key":"SMITH"},{"data":"Shrug It Off","floor":30,"key":"SMITH"},{"floor":32,"key":"REST"},{"floor":41,"key":"REST"},{"data":"Fiend Fire","floor":45,"key":"SMITH"},{"floor":49,"key":"REST"}],"neow_cost":"NONE","seed_source_timestamp":99264590929734,"circlet_count":0,"master_deck":["Strike_R","Strike_R","Strike_R","Strike_R","Defend_R","Defend_R","Defend_R","Bash","Anger","Perfected Strike+1","Inflame","Shockwave","Battle Trance","Pommel Strike","Armaments+1","Perfected Strike","Limit Break+1","Twin Strike","Shockwave","Pommel Strike","Perfected Strike","Headbutt+1","Shockwave+1","Shrug It Off+1","Cleave+1","Immolate","Bandage Up","Reaper","Fiend Fire+1","Exhume","Feel No Pain","Infernal Blade","Clothesline","Heavy Blade","Havoc","Juggernaut","Flame Barrier+1"],"relics":["Black Blood","Mercury Hourglass","Potion Belt","SsserpentHead","Bag of Marbles","Nloth\u0027s Gift","Omamori","Juzu Bracelet","Meat on the Bone","Brimstone","Snecko Eye","Centennial Puzzle","Charon\u0027s Ashes","Pear"],"potions_floor_usage":[24,27,31,33,33,50,50,50,50,50],"damage_taken":[{"damage":6,"enemies":"Cultist","floor":1,"turns":4},{"damage":9,"enemies":"Jaw Worm","floor":3,"turns":3},{"damage":8,"enemies":"Small Slimes","floor":4,"turns":3},{"damage":0,"enemies":"2 Fungi Beasts","floor":5,"turns":2},{"damage":36,"enemies":"Lagavulin","floor":7,"turns":6},{"damage":10,"enemies":"Lots of Slimes","floor":10,"turns":3},{"damage":14,"enemies":"Red Slaver","floor":11,"turns":2},{"damage":6,"enemies":"Exordium Wildlife","floor":13,"turns":3},{"damage":5,"enemies":"Looter","floor":14,"turns":2},{"damage":14,"enemies":"Slime Boss","floor":16,"turns":7},{"damage":5,"enemies":"Spheric Guardian","floor":18,"turns":3},{"damage":6,"enemies":"Chosen","floor":19,"turns":3},{"damage":17,"enemies":"Centurion and Healer","floor":22,"turns":4},{"damage":39,"enemies":"Book of Stabbing","floor":24,"turns":5},{"damage":0,"enemies":"Snake Plant","floor":25,"turns":2},{"damage":23,"enemies":"Slavers","floor":27,"turns":4},{"damage":29,"enemies":"Chosen and Byrds","floor":28,"turns":4},{"damage":25,"enemies":"Centurion and Healer","floor":31,"turns":2},{"damage":62,"enemies":"Collector","floor":33,"turns":4},{"damage":0,"enemies":"Orb Walker","floor":35,"turns":1},{"damage":29,"enemies":"3 Darklings","floor":37,"turns":3},{"damage":31,"enemies":"Reptomancer","floor":40,"turns":5},{"damage":29,"enemies":"Giant Head","floor":42,"turns":5},{"damage":24,"enemies":"Spire Growth","floor":46,"turns":3},{"damage":19,"enemies":"Jaw Worm Horde","floor":48,"turns":3},{"damage":63,"enemies":"Awakened One","floor":50,"turns":5}],"seed_played":"1301204850260437288","potions_obtained":[{"floor":5,"key":"Block Potion"},{"floor":7,"key":"FearPotion"},{"floor":11,"key":"SpeedPotion"},{"floor":13,"key":"Block Potion"},{"floor":16,"key":"EssenceOfSteel"},{"floor":19,"key":"Explosive Potion"},{"floor":25,"key":"Ancient Potion"},{"floor":31,"key":"Energy Potion"},{"floor":42,"key":"SkillPotion"},{"floor":46,"key":"FearPotion"}],"is_trial":false,"path_per_floor":["M","?","M","M","M","R","E","?","T","M","M","$","M","M","R","B",null,"M","M","?","$","M","R","E","M","T","E","M","$","R","M","R","B",null,"M","?","M","?","?","E","R","E","T","$","R","M","?","M","R","B",null],"character_chosen":"IRONCLAD","items_purchased":["Pommel Strike","Bag of Marbles","Pommel Strike","Brimstone","Shrug It Off","Exhume","Feel No Pain","Infernal Blade","Clothesline","Poison Potion","Poison Potion"],"campfire_rested":3,"item_purchase_floors":[12,12,21,29,29,44,44,44,44,44,44],"current_hp_per_floor":[88,76,73,71,77,77,47,47,47,43,35,35,35,36,36,28,88,88,88,88,88,81,81,52,62,62,49,42,42,42,39,65,25,88,88,84,65,65,55,46,71,77,87,87,87,73,73,64,92,64],"gold":140,"neow_bonus":"TEN_PERCENT_HP_BONUS","is_prod":false,"is_daily":false,"chose_seed":false,"campfire_upgraded":5,"win_rate":0,"timestamp":1551309299,"path_taken":["M","?","M","M","M","R","E","?","T","M","M","$","M","M","R","BOSS","M","M","?","$","M","R","E","?","T","E","M","$","R","M","R","BOSS","M","?","M","?","?","E","R","E","T","$","R","M","?","M","R","BOSS"],"build_version":"2019-01-23","purchased_purges":1,"victory":true,"max_hp_per_floor":[88,88,88,88,88,88,88,88,88,88,88,88,88,88,88,88,88,88,88,88,88,88,88,88,88,88,88,88,88,88,88,88,88,88,88,84,84,84,84,84,84,84,94,94,94,94,94,94,94,94],"card_choices":[{"not_picked":["Iron Wave","Headbutt"],"picked":"Anger","floor":1},{"not_picked":["Reckless Charge","Iron Wave","Body Slam"],"picked":"SKIP","floor":3},{"not_picked":["Body Slam","Sever Soul"],"picked":"Perfected Strike","floor":4},{"not_picked":["Body Slam","Havoc"],"picked":"Inflame","floor":5},{"not_picked":["Perfected Strike","Impervious"],"picked":"Shockwave","floor":7},{"not_picked":["Uppercut","Sentinel"],"picked":"Battle Trance","floor":10},{"not_picked":["Sentinel","Whirlwind","Battle Trance"],"picked":"SKIP","floor":11},{"not_picked":["Searing Blow","Pummel"],"picked":"Armaments","floor":13},{"not_picked":["Twin Strike","Flame Barrier"],"picked":"Perfected Strike","floor":14},{"not_picked":["Double Tap","Exhume"],"picked":"Limit Break","floor":16},{"not_picked":["True Grit","Wild Strike"],"picked":"Twin Strike","floor":18},{"not_picked":["Wild Strike","Armaments"],"picked":"Shockwave","floor":19},{"not_picked":["Rupture","Iron Wave","Bludgeon"],"picked":"SKIP","floor":22},{"not_picked":["Dark Embrace","Entrench+1"],"picked":"Perfected Strike","floor":24},{"not_picked":["Body Slam","Sentinel+1"],"picked":"Headbutt+1","floor":25},{"not_picked":["Perfected Strike","Limit Break","Headbutt+1"],"picked":"SKIP","floor":27},{"not_picked":["Armaments","Bludgeon"],"picked":"Shockwave+1","floor":28},{"not_picked":["Metallicize","Intimidate"],"picked":"Cleave+1","floor":31},{"not_picked":["Feed","Exhume"],"picked":"Immolate","floor":33},{"not_picked":["Immolate","Flex","Body Slam"],"picked":"SKIP","floor":35},{"not_picked":["Clothesline+1","Combust+1","Reckless Charge"],"picked":"SKIP","floor":37},{"not_picked":["Mind Blast","Panacea"],"picked":"Bandage Up","floor":39},{"not_picked":["True Grit+1","Headbutt"],"picked":"Reaper","floor":40},{"not_picked":["Clash+1","Immolate"],"picked":"Fiend Fire","floor":42},{"not_picked":["Rage+1","Shrug It Off"],"picked":"Heavy Blade","floor":46},{"not_picked":["Evolve+1","Infernal Blade+1"],"picked":"Flame Barrier+1","floor":48}],"player_experience":160301,"relics_obtained":[{"floor":7,"key":"Potion Belt"},{"floor":9,"key":"Oddly Smooth Stone"},{"floor":24,"key":"Omamori"},{"floor":26,"key":"Juzu Bracelet"},{"floor":27,"key":"Meat on the Bone"},{"floor":40,"key":"Centennial Puzzle"},{"floor":42,"key":"Charon\u0027s Ashes"},{"floor":43,"key":"Pear"}],"event_choices":[{"damage_healed":0,"gold_gain":0,"player_choice":"Success","damage_taken":12,"relics_obtained":["Mercury Hourglass"],"max_hp_gain":0,"max_hp_loss":0,"event_name":"Scrap Ooze","floor":2,"gold_loss":0},{"damage_healed":0,"gold_gain":0,"player_choice":"Trade","damage_taken":0,"relics_obtained":["SsserpentHead"],"max_hp_gain":0,"max_hp_loss":0,"event_name":"FaceTrader","floor":8,"gold_loss":0},{"damage_healed":0,"gold_gain":0,"player_choice":"Traded Relic","damage_taken":0,"relics_obtained":["Nloth\u0027s Gift"],"max_hp_gain":0,"max_hp_loss":0,"event_name":"N\u0027loth","floor":20,"relics_lost":["Oddly Smooth Stone"],"gold_loss":0},{"damage_healed":0,"gold_gain":0,"player_choice":"Max HP","damage_taken":0,"max_hp_gain":0,"max_hp_loss":4,"event_name":"Winding Halls","floor":36,"gold_loss":0},{"cards_removed":["Defend_R"],"damage_healed":0,"gold_gain":0,"player_choice":"Removed Skill","damage_taken":0,"max_hp_gain":0,"max_hp_loss":0,"event_name":"Falling","floor":38,"gold_loss":0},{"damage_healed":0,"gold_gain":0,"player_choice":"Memory 3","damage_taken":10,"max_hp_gain":0,"max_hp_loss":0,"event_name":"SensoryStone","floor":39,"gold_loss":0},{"damage_healed":0,"gold_gain":0,"player_choice":"2 cards matched","damage_taken":0,"max_hp_gain":0,"max_hp_loss":0,"event_name":"Match and Keep!","floor":47,"gold_loss":0,"cards_obtained":["Havoc","Juggernaut"]}],"is_beta":false,"boss_relics":[{"not_picked":["Runic Dome","Coffee Dripper"],"picked":"Black Blood"},{"not_picked":["Velvet Choker","Eternal Feather"],"picked":"Snecko Eye"}],"items_purged_floors":[29],"is_endless":false,"potions_floor_spawned":[5,7,11,13,16,19,22,25,31,42,46],"ascension_level":2}