{"gold_per_floor":[113,63,63,63,63,63,132,132,187,200,219,255,255,295,295,421,421,435,534,449,347,366,402,402,402],"floor_reached":25,"playtime":1699,"items_purged":[],"score":250,"play_id":"994bef96-98b1-43e1-94a1-24d100825a6c","local_time":"20190126231417","is_ascension_mode":false,"campfire_choices":[{"floor":6,"key":"REST"},{"floor":8,"key":"REST"},{"floor":13,"key":"REST"},{"floor":15,"key":"REST"}],"neow_cost":"NONE","seed_source_timestamp":279889996639823,"circlet_count":0,"master_deck":["Strike_B","Strike_B","Strike_B","Strike_B","Defend_B","Defend_B","Defend_B","Zap","Dualcast","Sweeping Beam","BootSequence","Ball Lightning","Ball Lightning","Capacitor","Rainbow","White Noise","Cold Snap","Loop","Self Repair","Defragment"],"relics":["Cracked Core","PreservedInsect","Bloody Idol","Gremlin Horn","Question Card","Ancient Tea Set","Pocketwatch","Omamori","Eternal Feather","Nunchaku","Kunai"],"potions_floor_usage":[12,16,23],"damage_taken":[{"damage":6,"enemies":"Cultist","floor":1,"turns":3},{"damage":13,"enemies":"3 Sentries","floor":7,"turns":6},{"damage":6,"enemies":"Jaw Worm","floor":10,"turns":3},{"damage":1,"enemies":"2 Louse","floor":11,"turns":2},{"damage":18,"enemies":"Lagavulin","floor":12,"turns":3},{"damage":0,"enemies":"Gremlin Nob","floor":14,"turns":2},{"damage":54,"enemies":"Hexaghost","floor":16,"turns":8},{"damage":8,"enemies":"Chosen","floor":18,"turns":4},{"damage":10,"enemies":"Spheric Guardian","floor":22,"turns":4},{"damage":21,"enemies":"Book of Stabbing","floor":23,"turns":5},{"damage":13,"enemies":"Centurion and Healer","floor":25,"turns":4}],"seed_played":"6530528120842081715","potions_obtained":[{"floor":10,"key":"Poison Potion"},{"floor":12,"key":"LiquidBronze"},{"floor":16,"key":"Block Potion"},{"floor":18,"key":"EssenceOfSteel"}],"is_trial":false,"path_per_floor":["M","?","?","?","?","R","?","R","T","M","M","E","R","E","R","B",null,"M","?","?","$","M","E","?","M"],"character_chosen":"DEFECT","items_purchased":["Cold Snap","Loop"],"campfire_rested":4,"item_purchase_floors":[21,21],"current_hp_per_floor":[69,69,51,26,26,48,35,57,57,51,50,32,54,54,75,21,75,67,67,67,67,57,43,43,30],"gold":402,"neow_bonus":"RANDOM_COMMON_RELIC","is_prod":false,"is_daily":false,"chose_seed":false,"campfire_upgraded":0,"win_rate":0.0,"timestamp":1548562457,"path_taken":["M","?","?","?","?","R","?","R","T","M","M","E","R","E","R","BOSS","M","?","?","$","M","E","?","?"],"build_version":"2019-01-23","purchased_purges":0,"victory":false,"max_hp_per_floor":[75,75,75,75,75,75,75,75,75,75,75,75,75,75,75,75,75,75,75,75,75,75,75,75,75],"card_choices":[{"not_picked":["Static Discharge","Steam"],"picked":"Sweeping Beam","floor":1},{"not_picked":["Fusion","Conserve Battery","Redo"],"picked":"BootSequence","floor":10},{"not_picked":["Barrage","BootSequence","Streamline"],"picked":"Ball Lightning","floor":11},{"not_picked":["Go for the Eyes","Fission","Stack"],"picked":"Ball Lightning","floor":12},{"not_picked":["All For One","Ball Lightning","Beam Cell"],"picked":"Capacitor","floor":14},{"not_picked":["Biased Cognition","Seek","Buffer"],"picked":"Rainbow","floor":16},{"not_picked":["Glacier","Doom and Gloom","Conserve Battery+1"],"picked":"White Noise","floor":18},{"not_picked":["Leap","Conserve Battery+1","Genetic Algorithm"],"picked":"Self Repair","floor":22},{"not_picked":["Steam Power","Gash","Barrage"],"picked":"Defragment","floor":23}],"player_experience":143313,"relics_obtained":[{"floor":7,"key":"Question Card"},{"floor":9,"key":"Ancient Tea Set"},{"floor":12,"key":"Pocketwatch"},{"floor":14,"key":"Omamori"},{"floor":23,"key":"Kunai"}],"event_choices":[{"cards_removed":["Defend_B"],"damage_healed":0,"gold_gain":0,"player_choice":"Card Removal","damage_taken":0,"max_hp_gain":0,"max_hp_loss":0,"event_name":"The Cleric","floor":2,"gold_loss":50},{"damage_healed":0,"gold_gain":0,"player_choice":"Take Damage","damage_taken":18,"relics_obtained":["Golden Idol"],"max_hp_gain":0,"max_hp_loss":0,"event_name":"Golden Idol","floor":3,"gold_loss":0},{"damage_healed":0,"gold_gain":0,"player_choice":"Success","damage_taken":25,"relics_obtained":["Gremlin Horn"],"max_hp_gain":0,"max_hp_loss":0,"event_name":"Scrap Ooze","floor":4,"gold_loss":0},{"damage_healed":0,"gold_gain":0,"player_choice":"Ignored","damage_taken":0,"max_hp_gain":0,"max_hp_loss":0,"event_name":"Shining Light","floor":5,"gold_loss":0},{"damage_healed":0,"gold_gain":0,"player_choice":"Searched \u00271\u0027 times","damage_taken":0,"max_hp_gain":0,"max_hp_loss":0,"event_name":"Dead Adventurer","floor":7,"gold_loss":0},{"damage_healed":0,"gold_gain":99,"player_choice":"Stole From Cult","damage_taken":0,"max_hp_gain":0,"max_hp_loss":0,"event_name":"Nest","floor":19,"gold_loss":0},{"damage_healed":0,"gold_gain":0,"player_choice":"Obtained Relic","damage_taken":0,"relics_obtained":["Nunchaku"],"max_hp_gain":0,"max_hp_loss":0,"event_name":"Addict","floor":20,"gold_loss":85},{"damage_healed":0,"gold_gain":0,"player_choice":"Gave Idol","damage_taken":0,"relics_obtained":["Bloody Idol"],"max_hp_gain":0,"max_hp_loss":0,"event_name":"Forgotten Altar","floor":24,"relics_lost":["Golden Idol"],"gold_loss":0}],"is_beta":false,"boss_relics":[{"not_picked":["Philosopher\u0027s Stone","Busted Crown"],"picked":"Eternal Feather"}],"items_purged_floors":[],"is_endless":false,"potions_floor_spawned":[10,12,16,18],"killed_by":"Centurion and Healer","ascension_level":0}