{"gold_per_floor":[115,133,144,144,157,157,189,189,189,223,242,260,260,185,185,285,285,295,195,211,211,228,263,263,41,123,143,143,162,162,191,191,191],"floor_reached":33,"playtime":2028,"items_purged":["Regret","Strike_B"],"score":416,"play_id":"a86ace9a-3bf1-4280-987b-0bb8bee6f7c1","local_time":"20180803104017","is_ascension_mode":true,"campfire_choices":[{"data":"Zap","floor":6.0,"key":"SMITH"},{"data":"Go for the Eyes","floor":8.0,"key":"SMITH"},{"data":"Rip and Tear","floor":15.0,"key":"SMITH"},{"data":"Self Repair","floor":28,"key":"SMITH"},{"data":"Stack","floor":30,"key":"SMITH"},{"floor":32,"key":"REST"}],"neow_cost":"NONE","seed_source_timestamp":0,"circlet_count":0,"master_deck":["Strike_B","Strike_B","Strike_B","Defend_B","Defend_B+1","Defend_B","Defend_B","Zap+1","Dualcast+1","Self Repair+1","Go for the Eyes+1","Coolheaded","Compile Driver","Genetic Algorithm","Capacitor","Undo","Rip and Tear+1","Core Surge","Capacitor","Undo","Creative AI","Gash","Coolheaded+1","Stack+1","Leap","Turbo"],"special_seed":0,"relics":["Cracked Core","NeowsBlessing","Matryoshka","Dream Catcher","War Paint","Dead Branch","Gremlin Horn","Mango","Nuclear Battery","Juzu Bracelet","Runic Capacitor","Art of War","Mummified Hand","Girya"],"potions_floor_usage":[21,23,23,31,33],"damage_taken":[{"damage":0.0,"enemies":"Cultist","floor":1.0,"turns":1.0},{"damage":0.0,"enemies":"2 Louse","floor":2.0,"turns":1.0},{"damage":0.0,"enemies":"Jaw Worm","floor":3.0,"turns":1.0},{"damage":0.0,"enemies":"Red Slaver","floor":5.0,"turns":6.0},{"damage":27.0,"enemies":"3 Sentries","floor":7.0,"turns":8.0},{"damage":12.0,"enemies":"Gremlin Nob","floor":10.0,"turns":3.0},{"damage":4.0,"enemies":"Lots of Slimes","floor":11.0,"turns":3.0},{"damage":0.0,"enemies":"3 Louse","floor":12.0,"turns":2.0},{"damage":5.0,"enemies":"The Guardian","floor":16.0,"turns":11.0},{"damage":7,"enemies":"Chosen","floor":18,"turns":4},{"damage":8,"enemies":"Spheric Guardian","floor":20,"turns":4},{"damage":0,"floor":21,"turns":1},{"damage":16,"enemies":"Snecko","floor":22,"turns":8},{"damage":61,"enemies":"Gremlin Leader","floor":23,"turns":11},{"damage":3,"enemies":"Centurion and Healer","floor":27,"turns":7},{"damage":5,"enemies":"Cultist and Chosen","floor":29,"turns":6},{"damage":68,"enemies":"Slavers","floor":31,"turns":7},{"damage":44,"enemies":"Collector","floor":33,"turns":5}],"seed_played":"-967312231778674196","potions_obtained":[{"floor":1.0,"key":"Swift Potion"},{"floor":3.0,"key":"FearPotion"},{"floor":5.0,"key":"Weak Potion"},{"floor":12.0,"key":"SmokeBomb"},{"floor":22,"key":"PowerPotion"},{"floor":27,"key":"Weak Potion"},{"floor":31,"key":"Weak Potion"}],"is_trial":false,"path_per_floor":["M","M","M","T","M","R","E","R","T","E","M","M","?","$","R","B",null,"M","$","M","?","M","E","?","$","T","M","R","M","R","E","R"],"character_chosen":"DEFECT","items_purchased":["Runic Capacitor","Gash"],"campfire_rested":1,"item_purchase_floors":[25,25],"current_hp_per_floor":[68,68,68,68,75,75,55,55,55,50,53,60,74,74,74,76,86,86,86,85,89,80,33,62,62,62,66,66,71,71,13,39,0],"gold":191,"neow_bonus":"THREE_ENEMY_KILL","is_prod":false,"is_daily":false,"chose_seed":false,"campfire_upgraded":5,"win_rate":0,"timestamp":1533273017,"path_taken":["M","M","M","?","M","R","E","R","T","E","M","M","?","$","R","BOSS","M","?","M","?","M","E","?","$","T","M","R","M","R","E","R","BOSS"],"build_version":"2018-08-01","purchased_purges":2,"victory":false,"max_hp_per_floor":[75,75,75,75,75,75,75,75,75,75,75,75,89,89,89,89,89,89,89,89,89,89,89,89,89,89,89,89,89,89,89,89,89],"card_choices":[{"not_picked":["Skim","Rebound"],"picked":"Self Repair","floor":1.0},{"not_picked":["Self Repair","Hologram"],"picked":"Go for the Eyes","floor":2.0},{"not_picked":["Turbo","Scrape"],"picked":"Coolheaded","floor":3.0},{"not_picked":["Conserve Battery","Machine Learning"],"picked":"Compile Driver","floor":5.0},{"not_picked":["Beam Cell","Rebound"],"picked":"Genetic Algorithm","floor":7.0},{"not_picked":["Aggregate","Coolheaded"],"picked":"Capacitor","floor":10.0},{"not_picked":["Lockon","Turbo"],"picked":"Undo","floor":11.0},{"not_picked":["BootSequence","Stack"],"picked":"Rip and Tear","floor":12.0},{"not_picked":["Amplify","Seek"],"picked":"Core Surge","floor":16.0},{"not_picked":["Compile Driver","Sunder","Storm"],"picked":"SKIP","floor":18},{"not_picked":["Turbo","FTL"],"picked":"Capacitor","floor":20},{"not_picked":["Doom and Gloom","Hologram"],"picked":"Undo","floor":22},{"not_picked":["Storm","Force Field+1"],"picked":"Creative AI","floor":23},{"not_picked":["Turbo","Steam+1"],"picked":"Coolheaded+1","floor":27},{"not_picked":["Redo+1","Streamline"],"picked":"Stack","floor":29},{"not_picked":["Go for the Eyes","Redo"],"picked":"Leap","floor":31},{"not_picked":["Rip and Tear","Sweeping Beam"],"picked":"Turbo","floor":32}],"player_experience":371605,"relics_obtained":[{"floor":4.0,"key":"Matryoshka"},{"floor":7.0,"key":"Dream Catcher"},{"floor":9.0,"key":"War Paint"},{"floor":9.0,"key":"Dead Branch"},{"floor":10.0,"key":"Gremlin Horn"},{"floor":23,"key":"Juzu Bracelet"},{"floor":26,"key":"Art of War"},{"floor":26,"key":"Mummified Hand"},{"floor":31,"key":"Girya"}],"event_choices":[{"event_name":"Big Fish","player_choice":"Box","floor":13.0,"damage_taken":0.0},{"event_name":"Masked Bandits","player_choice":"Fought over 211 gold","floor":21,"damage_taken":0},{"event_name":"The Library","player_choice":"Heal","floor":24,"damage_taken":0}],"is_beta":true,"boss_relics":[{"not_picked":["Fusion Hammer","Ectoplasm"],"picked":"Nuclear Battery"}],"items_purged_floors":[14,19],"is_endless":false,"potions_floor_spawned":[1,3,5,12,22,27,31],"killed_by":"Collector","ascension_level":8}