{"gold_per_floor":[121,133,145,171,203,247,273,285,350,373,403,426,449,478,490,598,610,632,644,139,155,155],"floor_reached":22,"playtime":3913,"items_purged":["Defend_G"],"score":192,"play_id":"a310198e-06c5-466f-8597-672610da98d7","local_time":"20190405230147","is_ascension_mode":false,"campfire_choices":[{"data":"Prepared","floor":8.0,"key":"SMITH"},{"floor":15,"key":"REST"}],"neow_cost":"NONE","seed_source_timestamp":0,"circlet_count":0,"master_deck":["Defend_G","Defend_G","Defend_G","Defend_G","Strike_G","Strike_G","Strike_G","Strike_G","Survivor","Neutralize","Dash","Backflip","Flying Knee","Prepared+1","Prepared","Prepared","Deflect","Infinite Blades","Acrobatics","Acrobatics","Night Terror","Finisher+1","After Image","Metamorphosis","Eviscerate","Quick Slash","Predator"],"special_seed":0,"relics":["Ring of the Snake","MawBank","Snake Skull","Tiny Chest","Eternal Feather","MutagenicStrength"],"potions_floor_usage":[10,16,16,16],"damage_taken":[{"damage":0.0,"enemies":"Cultist","floor":1.0,"turns":3.0},{"damage":0.0,"enemies":"2 Louse","floor":4.0,"turns":3.0},{"damage":2.0,"enemies":"Small Slimes","floor":5.0,"turns":5.0},{"damage":6.0,"enemies":"Lagavulin","floor":6.0,"turns":11.0},{"damage":1.0,"enemies":"Red Slaver","floor":7.0,"turns":3.0},{"damage":4,"enemies":"Large Slime","floor":10,"turns":8},{"damage":0,"enemies":"Looter","floor":11,"turns":3},{"damage":0,"enemies":"2 Fungi Beasts","floor":12,"turns":4},{"damage":13,"enemies":"Gremlin Gang","floor":13,"turns":5},{"damage":0,"enemies":"Looter","floor":14,"turns":4},{"damage":40,"enemies":"Slime Boss","floor":16,"turns":16},{"damage":16,"enemies":"Shell Parasite","floor":18,"turns":10},{"damage":24,"enemies":"3 Byrds","floor":21,"turns":7},{"damage":34,"enemies":"Sentry and Sphere","floor":22,"turns":3}],"seed_played":"7462524335609272958","potions_obtained":[{"floor":4.0,"key":"AttackPotion"},{"floor":5.0,"key":"GamblersBrew"},{"floor":7.0,"key":"Weak Potion"},{"floor":13,"key":"Fire Potion"},{"floor":16,"key":"GhostInAJar"}],"is_trial":false,"path_per_floor":["M","$","?","M","M","E","M","R","T","M","M","M","M","M","R","B",null,"M","?","$","M","M"],"character_chosen":"THE_SILENT","items_purchased":["After Image","Metamorphosis","Eviscerate","Quick Slash"],"campfire_rested":1,"item_purchase_floors":[20,20,20,20],"current_hp_per_floor":[70,70,70,70,68,62,61,61,61,57,57,57,44,44,65,25,70,54,54,54,30,0],"gold":155,"neow_bonus":"RANDOM_COMMON_RELIC","is_prod":false,"is_daily":false,"chose_seed":false,"campfire_upgraded":1,"win_rate":0,"timestamp":1554501707,"path_taken":["M","?","?","M","M","E","M","R","T","M","M","?","M","M","R","BOSS","M","?","$","M","M"],"build_version":"2019-01-23","purchased_purges":1,"victory":false,"max_hp_per_floor":[70,70,70,70,70,70,70,70,70,70,70,70,70,70,70,70,70,70,70,70,70,70],"card_choices":[{"not_picked":["Blade Dance","Dodge and Roll"],"picked":"Dash","floor":1.0},{"not_picked":["Quick Slash","Sucker Punch"],"picked":"Backflip","floor":4.0},{"not_picked":["Tactician","Dagger Spray"],"picked":"Flying Knee","floor":5.0},{"not_picked":["Backflip","Deflect"],"picked":"Prepared","floor":6.0},{"not_picked":["Slice","Finisher"],"picked":"Prepared","floor":7.0},{"not_picked":["Poisoned Stab","Leg Sweep"],"picked":"Prepared","floor":10},{"not_picked":["Blade Dance","Masterful Stab"],"picked":"Deflect","floor":11},{"not_picked":["Malaise","Terror"],"picked":"Infinite Blades","floor":12},{"not_picked":["Deflect","Backstab"],"picked":"Acrobatics","floor":13},{"not_picked":["Flying Knee","Outmaneuver"],"picked":"Acrobatics","floor":14},{"not_picked":["Corpse Explosion","Glass Knife"],"picked":"Night Terror","floor":16},{"not_picked":["Sucker Punch+1","Bane"],"picked":"Finisher+1","floor":18},{"not_picked":["Flying Knee","Skewer"],"picked":"Predator","floor":21}],"player_experience":46334,"relics_obtained":[{"floor":6.0,"key":"Snake Skull"},{"floor":9,"key":"Tiny Chest"}],"event_choices":[{"cards_removed":["Strike_G"],"damage_healed":0.0,"max_hp_gain":0.0,"max_hp_loss":0.0,"gold_gain":0.0,"event_name":"Purifier","player_choice":"Purged","floor":3.0,"gold_loss":0.0,"damage_taken":0.0},{"damage_healed":0,"gold_gain":0,"player_choice":"Inject Mutagens","damage_taken":0,"relics_obtained":["MutagenicStrength"],"max_hp_gain":0,"max_hp_loss":0,"event_name":"Drug Dealer","floor":19,"gold_loss":0}],"is_beta":false,"boss_relics":[{"not_picked":["Ectoplasm","Cursed Key"],"picked":"Eternal Feather"}],"items_purged_floors":[20],"is_endless":false,"potions_floor_spawned":[4,5,7,13,16],"killed_by":"Sentry and Sphere","ascension_level":0}