{"gold_per_floor":[113,113,124,142,22,35,48,60,60,60,79,97,128,148,148,250,250,265,276,201,300,300,300,327,343,343,343,62,62,37,57,57,152,152,168,183,58,77,92,92,92,92,92,92,103,103,103,103,103,103],"floor_reached":50,"playtime":3429,"items_purged":["Strike_B","Parasite","Strike_B"],"score":538,"play_id":"173c2cfe-9fa1-4c3f-b1be-04793977a289","local_time":"20190130182832","is_ascension_mode":true,"campfire_choices":[{"floor":10,"key":"REST"},{"floor":15,"key":"REST"},{"floor":23,"key":"REST"},{"floor":27,"key":"REST"},{"data":"Metamorphosis","floor":29,"key":"SMITH"},{"data":"Stack","floor":32,"key":"SMITH"},{"floor":40,"key":"REST"},{"floor":42,"key":"REST"},{"data":"Zap","floor":44,"key":"SMITH"},{"floor":46,"key":"REST"},{"floor":49,"key":"REST"}],"neow_cost":"PERCENT_DAMAGE","seed_source_timestamp":535336584272493,"circlet_count":0,"master_deck":["Strike_B","Defend_B","Defend_B","Defend_B","Defend_B","Zap+1","Dualcast","Gash","Gash","Sweeping Beam","Conserve Battery","Auto Shields","Steam","Conserve Battery","Stack+1","Leap","Cold Snap","Electrodynamics","Gash+1","Steam+1","Gash","Metamorphosis+1","Go for the Eyes+1","Chill+1","Thunder Strike+1","Beam Cell+1","Leap+1","Go for the Eyes+1","Parasite","Reinforced Body+1","Madness","Madness"],"relics":["Cracked Core","Bottled Lightning","Art of War","Cursed Key","Calipers","Pantograph","Molten Egg 2","Inserter","The Courier"],"potions_floor_usage":[13,24,33,45,50],"damage_taken":[{"damage":8,"enemies":"2 Louse","floor":1,"turns":2},{"damage":1,"enemies":"Cultist","floor":3,"turns":3},{"damage":0,"enemies":"Small Slimes","floor":4,"turns":2},{"damage":9,"enemies":"Blue Slaver","floor":6,"turns":3},{"damage":18,"enemies":"Gremlin Gang","floor":7,"turns":5},{"damage":6,"enemies":"3 Louse","floor":8,"turns":3},{"damage":3,"enemies":"2 Fungi Beasts","floor":11,"turns":4},{"damage":0,"enemies":"Looter","floor":12,"turns":4},{"damage":6,"enemies":"Lagavulin","floor":13,"turns":7},{"damage":0,"enemies":"Large Slime","floor":14,"turns":6},{"damage":33,"enemies":"The Guardian","floor":16,"turns":14},{"damage":27,"enemies":"2 Thieves","floor":18,"turns":4},{"damage":14,"enemies":"Shell Parasite","floor":19,"turns":6},{"damage":27,"enemies":"Gremlin Leader","floor":24,"turns":7},{"damage":0,"enemies":"Cultist and Chosen","floor":25,"turns":4},{"damage":13,"enemies":"3 Cultists","floor":31,"turns":4},{"damage":59,"enemies":"Automaton","floor":33,"turns":10},{"damage":0,"enemies":"3 Shapes","floor":35,"turns":5},{"damage":12,"enemies":"Orb Walker","floor":36,"turns":4},{"damage":20,"enemies":"Spire Growth","floor":38,"turns":6},{"damage":23,"enemies":"Sphere and 2 Shapes","floor":39,"turns":5},{"damage":59,"enemies":"Jaw Worm Horde","floor":45,"turns":6},{"damage":94,"enemies":"Donu and Deca","floor":50,"turns":9}],"seed_played":"1742626019184357475","potions_obtained":[{"floor":3,"key":"SteroidPotion"},{"floor":4,"key":"LiquidBronze"},{"floor":8,"key":"SpeedPotion"},{"floor":11,"key":"SkillPotion"},{"floor":16,"key":"Dexterity Potion"},{"floor":25,"key":"FocusPotion"},{"floor":33,"key":"Energy Potion"}],"is_trial":false,"path_per_floor":["M","?","M","M","$","M","M","M","T","R","M","M","E","M","R","B",null,"M","M","?","?","?","R","E","M","T","R","$","R","$","M","R","B",null,"M","M","$","M","M","R","?","R","T","R","M","R","?","?","R","B"],"character_chosen":"DEFECT","items_purchased":["Conserve Battery","Metamorphosis","Go for the Eyes+1"],"campfire_rested":8,"item_purchase_floors":[5,28,30],"current_hp_per_floor":[60,60,59,59,59,50,32,26,26,52,49,49,43,43,69,36,89,62,48,48,48,48,74,47,47,47,73,73,73,73,60,60,26,86,86,74,74,54,31,56,56,81,81,81,22,47,47,36,61,0],"gold":103,"neow_bonus":"TWENTY_PERCENT_HP_BONUS","is_prod":false,"is_daily":false,"chose_seed":false,"campfire_upgraded":3,"win_rate":0,"timestamp":1548869312,"path_taken":["M","?","?","M","?","M","?","M","T","R","M","M","E","M","R","BOSS","M","M","?","?","?","R","E","M","T","R","$","R","?","M","R","BOSS","M","?","$","M","M","R","?","R","T","R","M","R","?","?","R","BOSS"],"build_version":"2019-01-23","purchased_purges":3,"victory":false,"max_hp_per_floor":[89,89,89,89,89,89,89,89,89,89,89,89,89,89,89,89,89,89,89,89,89,89,89,89,89,89,89,86,86,86,86,86,86,86,86,86,86,86,86,86,86,86,86,86,86,86,86,86,86,86],"card_choices":[{"not_picked":["Barrage","Leap"],"picked":"Gash","floor":1},{"not_picked":["Go for the Eyes","Multi-Cast"],"picked":"Gash","floor":3},{"not_picked":["Compile Driver","Beam Cell"],"picked":"Sweeping Beam","floor":4},{"not_picked":["Self Repair","Force Field"],"picked":"Auto Shields","floor":6},{"not_picked":["Tempest","Hello World"],"picked":"Steam","floor":7},{"not_picked":["Leap","Sweeping Beam"],"picked":"Conserve Battery","floor":8},{"not_picked":["Storm","Reprogram"],"picked":"Stack","floor":11},{"not_picked":["Steam Power","Rebound"],"picked":"Gash","floor":12},{"not_picked":["Sweeping Beam","Meteor Strike"],"picked":"Leap","floor":13},{"not_picked":["Sweeping Beam","Barrage"],"picked":"Cold Snap","floor":14},{"not_picked":["Biased Cognition","Buffer"],"picked":"Electrodynamics","floor":16},{"not_picked":["Aggregate+1","Consume"],"picked":"Gash+1","floor":18},{"not_picked":["Beam Cell","Consume+1"],"picked":"Steam+1","floor":19},{"not_picked":["Doom and Gloom+1","Redo"],"picked":"Gash","floor":24},{"not_picked":["Cold Snap","Chaos","Ball Lightning"],"picked":"SKIP","floor":25},{"not_picked":["Glacier","Genetic Algorithm+1"],"picked":"Chill+1","floor":31},{"not_picked":["Amplify","Multi-Cast"],"picked":"Thunder Strike+1","floor":33},{"not_picked":["Coolheaded+1","Melter+1","Compile Driver+1"],"picked":"SKIP","floor":35},{"not_picked":["Cold Snap+1","Force Field+1"],"picked":"Beam Cell+1","floor":36},{"not_picked":["Scrape+1","Coolheaded+1"],"picked":"Leap+1","floor":38},{"not_picked":["Ball Lightning+1","Rebound+1"],"picked":"Go for the Eyes+1","floor":39},{"not_picked":["Leap","Lockon+1"],"picked":"Reinforced Body+1","floor":45}],"player_experience":97680,"relics_obtained":[{"floor":9,"key":"Bottled Lightning"},{"floor":13,"key":"Art of War"},{"floor":24,"key":"Pantograph"},{"floor":26,"key":"Molten Egg 2"},{"floor":43,"key":"The Courier"}],"event_choices":[{"damage_healed":0,"gold_gain":0,"player_choice":"Bought 0 Potions","damage_taken":0,"max_hp_gain":0,"max_hp_loss":0,"event_name":"The Woman in Blue","floor":2,"gold_loss":0},{"cards_removed":["Strike_B"],"damage_healed":0,"gold_gain":0,"player_choice":"Gave Gold","damage_taken":0,"max_hp_gain":0,"max_hp_loss":0,"event_name":"Beggar","floor":20,"gold_loss":75},{"damage_healed":0,"gold_gain":99,"player_choice":"Stole From Cult","damage_taken":0,"max_hp_gain":0,"max_hp_loss":0,"event_name":"Nest","floor":21,"gold_loss":0},{"damage_healed":0,"gold_gain":0,"player_choice":"Opened","damage_taken":0,"relics_obtained":["Calipers"],"max_hp_gain":0,"max_hp_loss":0,"event_name":"The Mausoleum","floor":22,"gold_loss":0},{"cards_removed":["Gash"],"damage_healed":0,"gold_gain":0,"player_choice":"Removed Attack","damage_taken":0,"max_hp_gain":0,"max_hp_loss":0,"event_name":"Falling","floor":41,"gold_loss":0},{"damage_healed":0,"gold_gain":0,"player_choice":"Ignored","damage_taken":0,"max_hp_gain":0,"max_hp_loss":0,"event_name":"Mysterious Sphere","floor":47,"gold_loss":0},{"damage_healed":0,"gold_gain":0,"player_choice":"Embrace Madness","damage_taken":11,"max_hp_gain":0,"max_hp_loss":0,"event_name":"Winding Halls","floor":48,"gold_loss":0,"cards_obtained":["Madness","Madness"]}],"is_beta":false,"boss_relics":[{"not_picked":["Empty Cage","Nuclear Battery"],"picked":"Cursed Key"},{"not_picked":["Sozu","Runic Dome"],"picked":"Inserter"}],"items_purged_floors":[5,28,37],"is_endless":false,"potions_floor_spawned":[3,4,8,11,16,19,25,31,33,38],"killed_by":"Donu and Deca","ascension_level":2}