{"path_per_floor":["M","M","M","M","?","R","M","E","T","R","M","E","T","E","R","B",null,"M","M","?","T","$","E","R","M","T","R","E","T","M","$","R","B",null,"M","T","M","?","?","R","E","M","T","$","R","M","M","?","R","B"],"character_chosen":"IRONCLAD","items_purchased":["Reaper","Lantern","Pen Nib","Happy Flower"],"gold_per_floor":[118,135,150,169,244,244,258,293,293,293,307,341,341,375,375,480,480,492,510,510,510,154,181,181,201,258,258,284,284,304,52,52,155,155,169,214,227,227,227,227,261,278,301,30,30,40,54,102,102,102],"floor_reached":51,"campfire_rested":0,"playtime":3044,"current_hp_per_floor":[72,72,72,72,61,61,62,45,45,45,51,46,46,45,45,30,62,52,55,55,55,55,69,69,66,66,66,69,69,69,69,69,41,62,69,69,69,69,69,69,46,22,22,22,22,71,71,70,70,73],"items_purged":["Parasite","Strike_R","Strike_R"],"gold":102,"score":968,"play_id":"180300f8-2a50-45f6-8b2c-b8fa6b5545cb","is_prod":false,"is_daily":false,"is_ascension_mode":true,"campfire_upgraded":4,"path_taken":["M","?","M","?","?","R","M","E","T","R","M","E","?","E","R","BOSS","M","M","?","?","$","E","R","M","T","R","E","?","?","$","R","BOSS","M","?","?","?","?","R","E","?","T","?","R","M","M","?","R","BOSS"],"build_version":"2018-02-15-PROD1","purchased_purges":3,"victory":true,"master_deck":["Strike_R","Strike_R","Strike_R","Defend_R","Defend_R+1","Defend_R","Defend_R","Bash","Pommel Strike","Bloodletting+1","Shrug It Off+1","Spot Weakness+1","Impervious","Shrug It Off","Limit Break+1","Body Slam+1","Sword Boomerang","Battle Trance+1","Reaper","Shrug It Off+1","Sword Boomerang+1","Headbutt+1","Brutality","True Grit+1","Heavy Blade+1","Offering","Pommel Strike+1"],"max_hp_per_floor":[72,72,72,72,72,72,72,72,72,72,72,72,72,72,72,72,72,72,72,72,72,69,69,69,69,69,69,69,69,69,69,69,69,69,69,69,69,69,69,69,69,69,69,69,69,71,71,73,73,73],"relics":["Burning Blood","Thread and Needle","Bottled Lightning","Ice Cream","Orichalcum","Shovel","Art of War","White Beast Statue","Charon\u0027s Ashes","Lantern","Blue Candle","Tiny Chest","Molten Egg 2","Darkstone Periapt","Ginger","Pen Nib","War Paint","Lizard Tail","Omamori","Bag of Marbles","Anchor","Singing Bowl","Happy Flower","Juzu Bracelet","Unceasing Top","Frozen Egg 2"],"card_choices":[{"not_picked":["Heavy Blade","Wild Strike"],"picked":"Pommel Strike"},{"not_picked":["Body Slam","Reckless Charge"],"picked":"Bloodletting"},{"not_picked":["Rage","Body Slam"],"picked":"Shrug It Off"},{"not_picked":["Power Through","Warcry"],"picked":"Dropkick"},{"not_picked":["Heavy Blade","Entrench"],"picked":"Spot Weakness"},{"not_picked":["Feel No Pain","Power Through"],"picked":"Impervious"},{"not_picked":["Heavy Blade","Twin Strike"],"picked":"Shrug It Off"},{"not_picked":["Double Tap","Berserk"],"picked":"Limit Break"},{"not_picked":["Ghostly Armor","Iron Wave"],"picked":"Body Slam"},{"not_picked":["Anger","Perfected Strike"],"picked":"Sword Boomerang"},{"not_picked":["Anger","Body Slam"],"picked":"Shrug It Off"},{"not_picked":["Iron Wave","Dark Embrace"],"picked":"Sword Boomerang"},{"not_picked":["Body Slam","Warcry"],"picked":"Headbutt"},{"not_picked":["Exhume","Barricade"],"picked":"Brutality"},{"not_picked":["Iron Wave","Rage"],"picked":"True Grit"},{"not_picked":["Perfected Strike","Bloodletting"],"picked":"Heavy Blade"},{"not_picked":["Juggernaut","Thunderclap"],"picked":"Offering"},{"not_picked":["Blood for Blood","Perfected Strike"],"picked":"Pommel Strike"}],"player_experience":371852,"potions_floor_usage":[23,23,28,28,37,37,41,42,50,50,50],"damage_taken":[{"damage":2.0,"enemies":"Cultist","floor":1.0,"turns":4.0},{"damage":0.0,"enemies":"2 Louse","floor":2.0,"turns":4.0},{"damage":1.0,"enemies":"Jaw Worm","floor":3.0,"turns":4.0},{"damage":3.0,"enemies":"Blue Slaver","floor":4.0,"turns":4.0},{"damage":5.0,"enemies":"2 Fungi Beasts","floor":7.0,"turns":4.0},{"damage":23.0,"enemies":"Gremlin Nob","floor":8.0,"turns":5.0},{"damage":0.0,"enemies":"Large Slime","floor":11.0,"turns":6.0},{"damage":11.0,"enemies":"Lagavulin","floor":12.0,"turns":6.0},{"damage":7.0,"enemies":"Gremlin Nob","floor":14.0,"turns":5.0},{"damage":21.0,"enemies":"Hexaghost","floor":16.0,"turns":9.0},{"damage":16.0,"enemies":"Shell Parasite","floor":18.0,"turns":7.0},{"damage":3,"enemies":"3 Byrds","floor":19,"turns":7},{"damage":14,"enemies":"Book of Stabbing","floor":23,"turns":4},{"damage":16,"enemies":"Cultist and Chosen","floor":25,"turns":5},{"damage":31,"enemies":"Slavers","floor":28,"turns":6},{"damage":10,"enemies":"Centurion and Healer","floor":30,"turns":10},{"damage":59,"enemies":"Automaton","floor":33,"turns":7},{"damage":2,"enemies":"Orb Walker","floor":35,"turns":4},{"damage":30,"enemies":"3 Darklings","floor":37,"turns":6},{"damage":29,"enemies":"2 Orb Walkers","floor":41,"turns":5},{"damage":30,"enemies":"Maw","floor":42,"turns":7},{"damage":4,"enemies":"4 Shapes","floor":46,"turns":3},{"damage":6,"enemies":"3 Darklings","floor":47,"turns":4},{"damage":9,"enemies":"Mysterious Sphere","floor":48,"turns":4},{"damage":44,"enemies":"Awakened One","floor":50,"turns":7}],"event_choices":[{"event_name":"World of Goop","player_choice":"Gather Gold","floor":5.0,"damage_taken":0.0},{"event_name":"The Library","player_choice":"Read","floor":20,"damage_taken":0},{"event_name":"The Lab","player_choice":"Got Potions","floor":39,"damage_taken":0},{"event_name":"Mysterious Sphere","player_choice":"Fight","floor":48,"damage_taken":0}],"boss_relics":[{"not_picked":["Black Star","Black Blood"],"picked":"Lizard Tail"}],"potions_floor_spawned":[3,8,11,14,16,18,19,23,25,28,30,33,35,37,41,42,46,47,48],"seed_played":"-5432362336032362354","ascension_level":11,"is_trial":false}