{"gold_per_floor":[114,129,144,160,180,207,226,260,260,295,314,314,314,332,332,427,427,441,441,459,478,228,257,257,257,257,286,286,320,330,32,32,133,133,152,167,167,44,62,97,97,123,146,146,0,29,29,63,63,63,63,63,10,35,35],"floor_reached":55,"playtime":13771,"items_purged":["Defend_R+1"],"score":989,"play_id":"d330b163-422d-4420-b86b-fbeaf310890a","local_time":"20181223144659","is_ascension_mode":true,"campfire_choices":[{"data":"Armaments","floor":13,"key":"SMITH"},{"floor":15,"key":"RECALL"},{"data":"Anger","floor":24,"key":"SMITH"},{"data":"Whirlwind","floor":28,"key":"SMITH"},{"floor":32,"key":"REST"},{"floor":41,"key":"REST"},{"floor":47,"key":"REST"},{"data":"Limit Break","floor":49,"key":"SMITH"},{"data":"Uppercut","floor":52,"key":"SMITH"}],"neow_cost":"PERCENT_DAMAGE","seed_source_timestamp":34315717077486,"circlet_count":0,"master_deck":["Strike_R+1","Strike_R+1","Strike_R+1","Strike_R+1","Strike_R+1","Defend_R+1","Defend_R+1","Defend_R+1","Bash","Ghostly Armor","Body Slam","Armaments+1","Battle Trance","Anger+1","Pummel","Ghostly Armor","Limit Break+1","Shrug It Off+1","Flame Barrier","Whirlwind+1","True Grit+1","Offering+1","Flex+1","Headbutt","Finesse+1","Dark Shackles+1","Secret Weapon+1","Shrug It Off+1","Uppercut+1","Clothesline","Flex+1","Armaments+1","Pommel Strike","Barricade+1"],"relics":["Burning Blood","Nunchaku","Blood Vial","Letter Opener","Strawberry","Runic Dome","Gremlin Horn","Bottled Flame","Mercury Hourglass","Lantern","Toxic Egg 2","FossilizedHelix","Black Star","Shuriken","Sundial","Juzu Bracelet","Ancient Tea Set","Oddly Smooth Stone","Red Mask","Omamori","Bag of Marbles","Paper Frog","Frozen Egg 2","Dodecahedron","Meat on the Bone"],"potions_floor_usage":[6,8,11,14,16,40,50,50],"damage_taken":[{"damage":1,"enemies":"Cultist","floor":1,"turns":3},{"damage":0,"enemies":"2 Louse","floor":2,"turns":3},{"damage":0,"enemies":"Small Slimes","floor":3,"turns":3},{"damage":12,"enemies":"Blue Slaver","floor":4,"turns":3},{"damage":14,"enemies":"Gremlin Gang","floor":5,"turns":6},{"damage":4,"enemies":"Lagavulin","floor":6,"turns":8},{"damage":0,"enemies":"Looter","floor":7,"turns":3},{"damage":8,"enemies":"3 Sentries","floor":8,"turns":9},{"damage":10,"enemies":"Lagavulin","floor":10,"turns":7},{"damage":2,"enemies":"Blue Slaver","floor":11,"turns":3},{"damage":7,"enemies":"Lots of Slimes","floor":14,"turns":3},{"damage":23,"enemies":"The Guardian","floor":16,"turns":12},{"damage":0,"enemies":"Chosen","floor":18,"turns":4},{"damage":0,"enemies":"Shell Parasite","floor":20,"turns":3},{"damage":8,"enemies":"Snake Plant","floor":21,"turns":4},{"damage":16,"enemies":"Gremlin Leader","floor":23,"turns":8},{"damage":15,"enemies":"Book of Stabbing","floor":27,"turns":6},{"damage":22,"enemies":"Slavers","floor":29,"turns":3},{"damage":0,"enemies":"Centurion and Healer","floor":30,"turns":5},{"damage":45,"enemies":"Automaton","floor":33,"turns":12},{"damage":6,"enemies":"3 Shapes","floor":35,"turns":3},{"damage":0,"enemies":"3 Darklings","floor":36,"turns":3},{"damage":46,"enemies":"Maw","floor":39,"turns":8},{"damage":37,"enemies":"Nemesis","floor":40,"turns":10},{"damage":29,"enemies":"Giant Head","floor":42,"turns":7},{"damage":44,"enemies":"Nemesis","floor":46,"turns":9},{"damage":0,"enemies":"Reptomancer","floor":48,"turns":4},{"damage":66,"enemies":"Donu and Deca","floor":50,"turns":10},{"damage":14,"enemies":"Shield and Spear","floor":54,"turns":5},{"damage":129,"enemies":"The Heart","floor":55,"turns":9}],"seed_played":"2853309353474127207","potions_obtained":[{"floor":1,"key":"FairyPotion"},{"floor":3,"key":"Weak Potion"},{"floor":6,"key":"EssenceOfSteel"},{"floor":8,"key":"GamblersBrew"},{"floor":10,"key":"AttackPotion"},{"floor":11,"key":"EssenceOfSteel"},{"floor":21,"key":"LiquidBronze"},{"floor":27,"key":"Block Potion"},{"floor":29,"key":"Regen Potion"},{"floor":40,"key":"SteroidPotion"}],"is_trial":false,"path_per_floor":["M","M","M","M","M","E","M","E","T","E","M","?","R","M","R","B",null,"M","?","M","M","$","E","R","?","T","E","R","E","M","$","R","B",null,"M","M","?","$","M","E","R","E","T","?","?","E","R","E","R","B",null,"R","$","E","B"],"character_chosen":"IRONCLAD","items_purchased":["Gremlin Horn","FossilizedHelix","Shrug It Off+1","Pommel Strike"],"campfire_rested":3,"item_purchase_floors":[22,31,38,53],"current_hp_per_floor":[61,67,73,67,59,61,69,69,69,74,80,80,80,81,81,66,87,87,87,87,85,85,77,77,77,77,70,70,56,64,64,87,48,87,90,90,80,80,42,28,55,34,34,100,100,62,92,100,100,40,100,100,100,92,0],"gold":35,"neow_bonus":"ONE_RARE_RELIC","is_prod":false,"is_daily":false,"chose_seed":false,"campfire_upgraded":5,"win_rate":0,"timestamp":1545594419,"path_taken":["M","M","M","M","?","E","M","E","T","E","M","?","R","?","R","BOSS","M","?","M","M","$","E","R","?","T","E","R","E","M","$","R","BOSS","M","?","?","$","M","E","R","E","T","?","?","E","R","E","R","BOSS","R","$","E","BOSS"],"build_version":"2018-11-15","purchased_purges":1,"victory":false,"max_hp_per_floor":[80,80,80,80,80,80,80,80,80,87,87,87,87,87,87,87,87,87,87,87,87,87,87,87,87,87,87,87,87,87,87,87,87,87,90,90,90,90,90,90,90,90,90,100,100,100,100,100,100,100,100,100,100,100,100],"card_choices":[{"not_picked":["Body Slam","Headbutt"],"picked":"Ghostly Armor","floor":1},{"not_picked":["Clash","Fire Breathing"],"picked":"Body Slam","floor":2},{"not_picked":["Sword Boomerang","True Grit"],"picked":"Armaments","floor":3},{"not_picked":["Fiend Fire","Rage"],"picked":"Battle Trance","floor":4},{"not_picked":["Reckless Charge","Thunderclap"],"picked":"Anger","floor":5},{"not_picked":["Sever Soul","Heavy Blade","Iron Wave"],"picked":"SKIP","floor":6},{"not_picked":["Dual Wield","Warcry"],"picked":"Pummel","floor":7},{"not_picked":["Sword Boomerang","Bloodletting","Dark Embrace"],"picked":"SKIP","floor":8},{"not_picked":["Armaments","Perfected Strike","Brutality"],"picked":"SKIP","floor":10},{"not_picked":["Burning Pact","Dual Wield"],"picked":"Ghostly Armor","floor":11},{"not_picked":["Warcry","Cleave","Searing Blow"],"picked":"SKIP","floor":14},{"not_picked":["Brutality","Berserk"],"picked":"Limit Break","floor":16},{"not_picked":["True Grit","Twin Strike"],"picked":"Shrug It Off+1","floor":18},{"not_picked":["Cleave","Anger","Dark Embrace"],"picked":"SKIP","floor":20},{"not_picked":["Armaments+1","Thunderclap"],"picked":"Flame Barrier","floor":21},{"not_picked":["Fire Breathing","Warcry","Second Wind"],"picked":"SKIP","floor":23},{"not_picked":["Fire Breathing","Warcry","Second Wind"],"picked":"SKIP","floor":23},{"not_picked":["Thunderclap","Corruption+1"],"picked":"Whirlwind","floor":27},{"not_picked":["Perfected Strike","Cleave+1"],"picked":"True Grit+1","floor":29},{"not_picked":["Warcry+1","Heavy Blade"],"picked":"Offering+1","floor":30},{"not_picked":["Brutality","Dark Embrace"],"picked":"Feed","floor":33},{"not_picked":["Iron Wave","Armaments+1"],"picked":"Flex+1","floor":35},{"not_picked":["Reckless Charge+1","Sever Soul"],"picked":"Headbutt","floor":36},{"not_picked":["Discovery+1","Purity+1"],"picked":"Finesse+1","floor":37},{"not_picked":["Mind Blast","Forethought+1"],"picked":"Dark Shackles+1","floor":37},{"not_picked":["Deep Breath+1","Sadistic Nature"],"picked":"Secret Weapon+1","floor":37},{"not_picked":["Clash","Iron Wave+1"],"picked":"Uppercut","floor":39},{"not_picked":["Twin Strike+1","Sword Boomerang","Corruption"],"picked":"SKIP","floor":40},{"not_picked":["Hemokinesis","Armaments+1"],"picked":"Clothesline","floor":42},{"not_picked":["True Grit+1","Iron Wave+1"],"picked":"Flex+1","floor":46},{"not_picked":["Burning Pact+1","Corruption"],"picked":"Armaments+1","floor":48},{"not_picked":["Infernal Blade+1","True Grit+1"],"picked":"Barricade+1","floor":54}],"player_experience":176817,"relics_obtained":[{"floor":6,"key":"Blood Vial"},{"floor":8,"key":"Letter Opener"},{"floor":10,"key":"Strawberry"},{"floor":23,"key":"Bottled Flame"},{"floor":26,"key":"Mercury Hourglass"},{"floor":27,"key":"Lantern"},{"floor":29,"key":"Toxic Egg 2"},{"floor":40,"key":"Shuriken"},{"floor":40,"key":"Sundial"},{"floor":42,"key":"Juzu Bracelet"},{"floor":42,"key":"Ancient Tea Set"},{"floor":43,"key":"Oddly Smooth Stone"},{"floor":46,"key":"Omamori"},{"floor":46,"key":"Bag of Marbles"},{"floor":48,"key":"Paper Frog"},{"floor":48,"key":"Frozen Egg 2"},{"floor":54,"key":"Dodecahedron"},{"floor":54,"key":"Meat on the Bone"}],"event_choices":[{"damage_healed":0,"gold_gain":0,"player_choice":"Bought 0 Potions","damage_taken":0,"max_hp_gain":0,"max_hp_loss":0,"event_name":"The Woman in Blue","floor":12,"gold_loss":0},{"damage_healed":0,"gold_gain":0,"player_choice":"Simplicity","damage_taken":0,"max_hp_gain":0,"max_hp_loss":0,"event_name":"Back to Basics","floor":19,"gold_loss":0,"cards_upgraded":["Strike_R","Strike_R","Strike_R","Strike_R","Strike_R","Defend_R","Defend_R","Defend_R","Defend_R"]},{"damage_healed":0,"gold_gain":0,"player_choice":"Ignored","damage_taken":0,"max_hp_gain":0,"max_hp_loss":0,"event_name":"N\u0027loth","floor":25,"gold_loss":0},{"damage_healed":0,"gold_gain":0,"player_choice":"Memory 3","damage_taken":10,"max_hp_gain":0,"max_hp_loss":0,"event_name":"SensoryStone","floor":37,"gold_loss":0},{"cards_removed":["Feed"],"damage_healed":56,"gold_gain":0,"player_choice":"Offered Rare","damage_taken":0,"max_hp_gain":10,"max_hp_loss":0,"event_name":"Bonfire Elementals","floor":44,"gold_loss":0},{"damage_healed":0,"gold_gain":0,"player_choice":"Paid","damage_taken":0,"relics_obtained":["Red Mask"],"max_hp_gain":0,"max_hp_loss":0,"event_name":"Tomb of Lord Red Mask","floor":45,"gold_loss":146}],"is_beta":false,"boss_relics":[{"not_picked":["White Beast Statue","Eternal Feather"],"picked":"Runic Dome"},{"not_picked":["Astrolabe","Runic Pyramid"],"picked":"Black Star"}],"items_purged_floors":[38],"is_endless":false,"potions_floor_spawned":[1,3,6,8,10,11,21,27,29,30,40,46,48],"killed_by":"The Heart","ascension_level":1}