{"gold_per_floor":[116,127,142,152,2,37,37,72,72,72,100,100,65,75,75,178,178,198,198,211,230,85,85,103,103,103,134,146,172,99,131,143,253,265,294,316,328,5,16,43,43,74,74,94,148,148,148],"floor_reached":47,"playtime":3333,"items_purged":["Decay","Strike_R"],"score":711,"play_id":"79805376-acb2-4401-84ee-cdc759abc3b2","local_time":"20190323120933","is_ascension_mode":true,"campfire_choices":[{"data":"Bash","floor":7.0,"key":"SMITH"},{"data":"Whirlwind","floor":12.0,"key":"SMITH"},{"data":"Armaments","floor":15.0,"key":"SMITH"},{"data":"Demon Form","floor":23.0,"key":"SMITH"},{"floor":25.0,"key":"REST"},{"data":"Ghostly","floor":32.0,"key":"SMITH"},{"data":"Ghostly","floor":41.0,"key":"SMITH"},{"data":"Ghostly","floor":46,"key":"SMITH"}],"neow_cost":"NONE","seed_source_timestamp":36996920475772,"circlet_count":0,"master_deck":["Defend_R","Defend_R","Defend_R","Defend_R","Bash+1","Whirlwind+1","Perfected Strike","Thunderclap","Headbutt","Armaments+1","Combust","Demon Form+1","Corruption+1","Pommel Strike+1","Warcry+1","Feel No Pain","Dual Wield","Ghostly","Ghostly","Ghostly+1","Ghostly+1","Ghostly+1","Sword Boomerang+1","Heavy Blade+1","Impervious","Searing Blow+1","Seeing Red+1","Offering+1","Shockwave+1","Finesse","Trip","Flame Barrier","Warcry+1","Metallicize","Metallicize"],"special_seed":0,"relics":["Burning Blood","Vajra","Calipers","Champion Belt","Ornamental Fan","Mummified Hand","Velvet Choker","Bottled Flame","MawBank","Boot","Astrolabe","Orichalcum","Centennial Puzzle","Pen Nib","Paper Frog","Turnip"],"potions_floor_usage":[47],"damage_taken":[{"damage":6.0,"enemies":"Cultist","floor":1.0,"turns":3.0},{"damage":0.0,"enemies":"Small Slimes","floor":2.0,"turns":2.0},{"damage":11.0,"enemies":"2 Louse","floor":3.0,"turns":2.0},{"damage":19.0,"enemies":"Blue Slaver","floor":4.0,"turns":4.0},{"damage":24.0,"enemies":"Gremlin Nob","floor":6.0,"turns":4.0},{"damage":27.0,"enemies":"Lagavulin","floor":8.0,"turns":6.0},{"damage":21.0,"enemies":"Gremlin Nob","floor":11.0,"turns":4.0},{"damage":10.0,"enemies":"Exordium Wildlife","floor":14.0,"turns":4.0},{"damage":18.0,"enemies":"Slime Boss","floor":16.0,"turns":6.0},{"damage":27.0,"enemies":"Shell Parasite","floor":18.0,"turns":4.0},{"damage":25.0,"enemies":"3 Byrds","floor":20.0,"turns":3.0},{"damage":3.0,"enemies":"Sentry and Sphere","floor":21.0,"turns":3.0},{"damage":12.0,"enemies":"Centurion and Healer","floor":24.0,"turns":3.0},{"damage":21.0,"enemies":"Gremlin Leader","floor":27.0,"turns":4.0},{"damage":17.0,"enemies":"Shelled Parasite and Fungi","floor":29.0,"turns":6.0},{"damage":3.0,"enemies":"Snake Plant","floor":31.0,"turns":4.0},{"damage":24.0,"enemies":"Automaton","floor":33.0,"turns":10.0},{"damage":7.0,"enemies":"3 Shapes","floor":35.0,"turns":6.0},{"damage":5.0,"enemies":"Orb Walker","floor":36.0,"turns":5.0},{"damage":21.0,"enemies":"Spire Growth","floor":39.0,"turns":6.0},{"damage":2.0,"enemies":"Giant Head","floor":40.0,"turns":7.0},{"damage":15.0,"enemies":"Nemesis","floor":42.0,"turns":7.0},{"damage":0,"enemies":"Maw","floor":44,"turns":5},{"damage":13,"enemies":"2 Orb Walkers","floor":45,"turns":5},{"damage":7,"enemies":"3 Darklings","floor":47,"turns":5}],"seed_played":"-1213320059094384894","potions_obtained":[{"floor":3.0,"key":"GamblersBrew"},{"floor":8.0,"key":"FearPotion"},{"floor":14.0,"key":"GamblersBrew"},{"floor":16.0,"key":"EssenceOfSteel"},{"floor":18.0,"key":"Ancient Potion"},{"floor":31.0,"key":"Ancient Potion"},{"floor":33.0,"key":"AttackPotion"},{"floor":36.0,"key":"Regen Potion"},{"floor":40.0,"key":"EssenceOfSteel"},{"floor":42.0,"key":"SpeedPotion"},{"floor":44,"key":"SpeedPotion"},{"floor":45,"key":"SkillPotion"}],"is_trial":false,"path_per_floor":["M","M","M","M","$","E","R","E","T","?","E","R","?","M","R","B",null,"M","?","M","M","$","R","M","R","T","E","?","M","?","M","R","B",null,"M","M","?","$","M","E","R","E","T","M","?","R","M"],"character_chosen":"IRONCLAD","items_purchased":["Vajra","Feel No Pain","Orichalcum","Flame Barrier"],"campfire_rested":1,"item_purchase_floors":[5,22,38,38],"current_hp_per_floor":[80,80,75,62,62,44,44,23,23,49,34,34,54,50,50,38,80,59,59,40,43,43,43,37,61,61,46,40,29,29,32,32,14,40,39,40,30,30,29,33,33,24,24,30,23,23,16],"gold":148,"neow_bonus":"TRANSFORM_CARD","is_prod":false,"is_daily":false,"chose_seed":false,"campfire_upgraded":7,"win_rate":0,"timestamp":1553339373,"path_taken":["M","M","?","M","$","E","R","E","T","?","E","R","?","M","R","BOSS","M","?","M","M","$","R","M","R","T","E","?","M","?","M","R","BOSS","M","M","?","$","M","E","R","E","T","M","?","R","?"],"build_version":"2019-01-23","purchased_purges":2,"victory":false,"max_hp_per_floor":[80,80,80,80,80,80,80,80,80,80,80,80,80,80,80,80,80,80,80,80,80,80,80,80,80,80,80,40,40,40,40,40,40,40,40,40,40,40,40,40,40,40,40,40,40,40,40],"card_choices":[{"not_picked":["Iron Wave","Dual Wield"],"picked":"Perfected Strike","floor":1.0},{"not_picked":["Pommel Strike","Uppercut"],"picked":"Thunderclap","floor":2.0},{"not_picked":["Sentinel","Wild Strike"],"picked":"Headbutt","floor":3.0},{"not_picked":["Headbutt","Heavy Blade","Wild Strike"],"picked":"SKIP","floor":4.0},{"not_picked":["Carnage","Perfected Strike"],"picked":"Armaments","floor":6.0},{"not_picked":["Twin Strike","Sword Boomerang","Thunderclap"],"picked":"SKIP","floor":8.0},{"not_picked":["Clash","Impervious"],"picked":"Combust","floor":11.0},{"not_picked":["Iron Wave","Havoc","Searing Blow"],"picked":"SKIP","floor":14.0},{"not_picked":["Dark Embrace","Reaper"],"picked":"Demon Form","floor":16.0},{"not_picked":["Warcry","Searing Blow"],"picked":"Corruption+1","floor":18.0},{"not_picked":["Twin Strike+1","Perfected Strike"],"picked":"Pommel Strike+1","floor":20.0},{"not_picked":["Clash","Anger"],"picked":"Warcry+1","floor":21.0},{"not_picked":["Thunderclap+1","Clash"],"picked":"Dual Wield","floor":24.0},{"not_picked":["Armaments","Power Through","Fiend Fire"],"picked":"SKIP","floor":27.0},{"not_picked":["Anger","Heavy Blade"],"picked":"Sword Boomerang+1","floor":29.0},{"not_picked":["Shockwave","Headbutt+1"],"picked":"Heavy Blade+1","floor":31.0},{"not_picked":["Barricade","Immolate"],"picked":"Impervious","floor":33.0},{"not_picked":["Perfected Strike+1","Iron Wave","Headbutt+1"],"picked":"SKIP","floor":35.0},{"not_picked":["Pummel+1","True Grit+1"],"picked":"Shockwave+1","floor":36.0},{"not_picked":["Enlightenment","Trip"],"picked":"Finesse","floor":37.0},{"not_picked":["HandOfGreed","Impatience"],"picked":"Trip","floor":37.0},{"not_picked":["Clash","Warcry","Dual Wield+1"],"picked":"SKIP","floor":39.0},{"not_picked":["Headbutt","Heavy Blade","Cleave+1"],"picked":"SKIP","floor":40.0},{"not_picked":["Heavy Blade+1","Anger"],"picked":"Warcry+1","floor":42.0},{"not_picked":["Havoc+1","Corruption+1"],"picked":"Metallicize","floor":44},{"not_picked":["Cleave+1","Wild Strike+1"],"picked":"Metallicize","floor":45}],"player_experience":219955,"relics_obtained":[{"floor":6.0,"key":"Calipers"},{"floor":8.0,"key":"Champion Belt"},{"floor":9.0,"key":"Ornamental Fan"},{"floor":11.0,"key":"Mummified Hand"},{"floor":26.0,"key":"Bottled Flame"},{"floor":27.0,"key":"MawBank"},{"floor":40.0,"key":"Centennial Puzzle"},{"floor":42.0,"key":"Pen Nib"},{"floor":43.0,"key":"Paper Frog"},{"floor":45,"key":"Turnip"}],"event_choices":[{"damage_healed":26.0,"max_hp_gain":0.0,"max_hp_loss":0.0,"gold_gain":0.0,"event_name":"Big Fish","player_choice":"Banana","floor":10.0,"gold_loss":0.0,"damage_taken":0.0},{"damage_healed":20.0,"max_hp_gain":0.0,"max_hp_loss":0.0,"gold_gain":0.0,"event_name":"The Cleric","player_choice":"Healed","floor":13.0,"gold_loss":35.0,"damage_taken":0.0},{"damage_healed":0.0,"max_hp_gain":0.0,"max_hp_loss":0.0,"gold_gain":0.0,"event_name":"Forgotten Altar","player_choice":"Smashed Altar","floor":19.0,"gold_loss":0.0,"damage_taken":0.0,"cards_obtained":["Decay"]},{"damage_healed":0.0,"max_hp_gain":0.0,"max_hp_loss":40.0,"gold_gain":0.0,"event_name":"Ghosts","player_choice":"Became a Ghost","floor":28.0,"gold_loss":0.0,"damage_taken":0.0,"cards_obtained":["Ghostly","Ghostly","Ghostly","Ghostly","Ghostly"]},{"damage_healed":0.0,"max_hp_gain":0.0,"max_hp_loss":0.0,"gold_gain":0.0,"event_name":"Addict","player_choice":"Obtained Relic","floor":30.0,"gold_loss":85.0,"damage_taken":0.0,"relics_obtained":["Boot"]},{"damage_healed":0.0,"max_hp_gain":0.0,"max_hp_loss":0.0,"gold_gain":0.0,"event_name":"SensoryStone","player_choice":"Memory 3","floor":37.0,"gold_loss":0.0,"damage_taken":10.0},{"damage_healed":0,"gold_gain":0,"player_choice":"Fight","damage_taken":0,"max_hp_gain":0,"max_hp_loss":0,"event_name":"Mysterious Sphere","floor":45,"gold_loss":0}],"is_beta":false,"boss_relics":[{"not_picked":["Eternal Feather","Runic Dome"],"picked":"Velvet Choker"},{"not_picked":["Black Star","Runic Cube"],"picked":"Astrolabe"}],"items_purged_floors":[22,38],"is_endless":false,"potions_floor_spawned":[3,8,14,16,18,31,33,36,40,42,44,45],"killed_by":"3 Darklings","ascension_level":3}