{"gold_per_floor":[214,289,289,33,49,49,75,85,85,85,85,85,103,113,113,191,191,206,206,206,217,147,147,147,177,226,240,240,260,275,301,301,380,380,394,121,0,11,21,21,41,71,97,125,145,156,208,73,73,73,73,73,50,82,82],"floor_reached":55,"playtime":2842,"items_purged":["Strike_R"],"score":1305,"play_id":"baca141b-8267-416b-8db2-b8ee2400cb24","local_time":"20190406150513","is_ascension_mode":true,"campfire_choices":[{"floor":6.0,"key":"REST"},{"floor":10.0,"key":"REST"},{"data":"Apotheosis","floor":12.0,"key":"SMITH"},{"data":"Combust","floor":15.0,"key":"SMITH"},{"floor":23.0,"key":"RECALL"},{"data":"Pommel Strike","floor":28.0,"key":"SMITH"},{"floor":32.0,"key":"REST"},{"data":"Battle Trance","floor":40.0,"key":"SMITH"},{"data":"Uppercut","floor":49.0,"key":"SMITH"},{"data":"Limit Break","floor":52.0,"key":"SMITH"}],"neow_cost":"NONE","seed_source_timestamp":3697142489044508,"circlet_count":0,"master_deck":["AscendersBane","Defend_R","Defend_R","Defend_R","Defend_R","Bash","Iron Wave","Apotheosis+1","Clothesline","Ghostly Armor","Cleave","Blood for Blood","Combust+1","Pommel Strike+1","Limit Break+1","Carnage","Bite","Bite","Bite","Bite","Bite","Sword Boomerang","Hemokinesis","Power Through","Battle Trance+1","Uppercut+1","Impervious+1","True Grit+1","Shrug It Off+1","Battle Trance+1","Exhume+1","Blood for Blood","Rupture","Disarm+1","Headbutt+1","True Grit+1","Immolate","Shrug It Off+1"],"special_seed":0,"relics":["Burning Blood","Unceasing Top","Sundial","Magic Flower","Sozu","Self Forming Clay","Toxic Egg 2","Velvet Choker","Vajra","Red Mask","Bag of Preparation","Champion Belt","Nunchaku","Bottled Tornado"],"potions_floor_usage":[],"damage_taken":[{"damage":11.0,"enemies":"Small Slimes","floor":1.0,"turns":5.0},{"damage":4.0,"enemies":"Jaw Worm","floor":5.0,"turns":5.0},{"damage":26.0,"enemies":"Gremlin Nob","floor":7.0,"turns":5.0},{"damage":0.0,"enemies":"Cultist","floor":8.0,"turns":5.0},{"damage":4.0,"enemies":"Large Slime","floor":13.0,"turns":4.0},{"damage":3.0,"enemies":"Looter","floor":14.0,"turns":4.0},{"damage":29.0,"enemies":"Slime Boss","floor":16.0,"turns":9.0},{"damage":15.0,"enemies":"3 Byrds","floor":18.0,"turns":4.0},{"damage":18.0,"enemies":"Shell Parasite","floor":21.0,"turns":6.0},{"damage":45.0,"enemies":"Slavers","floor":25.0,"turns":8.0},{"damage":25.0,"enemies":"Sentry and Sphere","floor":27.0,"turns":7.0},{"damage":20.0,"enemies":"Cultist and Chosen","floor":29.0,"turns":6.0},{"damage":12.0,"enemies":"3 Cultists","floor":30.0,"turns":4.0},{"damage":78.0,"enemies":"Gremlin Leader","floor":31.0,"turns":9.0},{"damage":82.0,"enemies":"Automaton","floor":33.0,"turns":10.0},{"damage":0.0,"enemies":"3 Shapes","floor":35.0,"turns":4.0},{"damage":7.0,"enemies":"3 Darklings","floor":38.0,"turns":6.0},{"damage":33.0,"enemies":"Jaw Worm Horde","floor":39.0,"turns":7.0},{"damage":12.0,"enemies":"Maw","floor":41.0,"turns":7.0},{"damage":47.0,"enemies":"Reptomancer","floor":42.0,"turns":6.0},{"damage":34.0,"enemies":"Giant Head","floor":44.0,"turns":9.0},{"damage":57.0,"enemies":"Writhing Mass","floor":45.0,"turns":10.0},{"damage":5.0,"enemies":"Transient","floor":46.0,"turns":5.0},{"damage":27.0,"enemies":"2 Orb Walkers","floor":47.0,"turns":6.0},{"damage":82.0,"enemies":"Awakened One","floor":50.0,"turns":19.0},{"damage":82.0,"enemies":"Shield and Spear","floor":54.0,"turns":15.0},{"damage":52,"enemies":"The Heart","floor":55,"turns":5}],"seed_played":"-2454064526613255680","potions_obtained":[{"floor":13.0,"key":"SpeedPotion"},{"floor":14.0,"key":"Weak Potion"}],"is_trial":false,"path_per_floor":["M","?","?","$","M","R","E","M","T","R","?","R","M","M","R","B",null,"M","?","?","M","$","R","?","E","T","M","R","M","M","E","R","B",null,"M","$","?","M","M","R","M","E","T","E","M","M","?","$","R","B",null,"R","$","E","B"],"character_chosen":"IRONCLAD","items_purchased":["Apotheosis","Hemokinesis","Vajra","Shrug It Off+1","Battle Trance+1","Immolate","Shrug It Off+1"],"campfire_rested":3,"item_purchase_floors":[4,22,36,36,36,48,53],"current_hp_per_floor":[63,52,7,7,9,31,11,17,17,39,39,39,44,50,50,30,64,58,58,52,52,52,52,39,23,23,42,42,57,57,33,50,32,51,57,57,57,57,57,57,57,34,34,49,44,57,50,50,50,57,57,57,57,34,0],"gold":82,"neow_bonus":"HUNDRED_GOLD","is_prod":false,"is_daily":false,"chose_seed":false,"campfire_upgraded":6,"win_rate":0,"timestamp":1554577513,"path_taken":["M","?","?","$","M","R","E","M","T","R","?","R","M","?","R","BOSS","M","?","?","M","$","R","?","E","T","M","R","M","M","E","R","BOSS","M","$","?","M","M","R","M","E","T","E","M","M","?","$","R","BOSS","R","$","E","BOSS"],"build_version":"2019-04-04","purchased_purges":1,"victory":false,"max_hp_per_floor":[75,75,75,75,75,75,75,75,75,75,75,75,75,75,75,75,75,75,75,52,52,52,52,57,57,57,57,57,57,57,57,57,57,57,57,57,57,57,57,57,57,57,57,57,57,57,57,57,57,57,57,57,57,57,57],"card_choices":[{"not_picked":["Thunderclap","Perfected Strike"],"picked":"Iron Wave","floor":1.0},{"not_picked":["Pummel","Bloodletting"],"picked":"Clothesline","floor":5.0},{"not_picked":["Headbutt","Demon Form"],"picked":"Ghostly Armor","floor":7.0},{"not_picked":["Metallicize","Ghostly Armor"],"picked":"Cleave","floor":8.0},{"not_picked":["Rampage","Body Slam"],"picked":"Combust","floor":13.0},{"not_picked":["Iron Wave","Perfected Strike"],"picked":"Pommel Strike","floor":14.0},{"not_picked":["Dark Embrace","Juggernaut"],"picked":"Limit Break","floor":16.0},{"not_picked":["Warcry","Feel No Pain"],"picked":"Carnage","floor":18.0},{"not_picked":["Cleave","Corruption"],"picked":"Sword Boomerang","floor":21.0},{"not_picked":["Iron Wave+1","Flex"],"picked":"Power Through","floor":25.0},{"not_picked":["Sword Boomerang","Corruption","Armaments"],"picked":"SKIP","floor":27.0},{"not_picked":["Reaper","Sword Boomerang"],"picked":"Battle Trance","floor":29.0},{"not_picked":["Armaments","Thunderclap","Heavy Blade"],"picked":"SKIP","floor":30.0},{"not_picked":["Evolve","Barricade"],"picked":"Uppercut","floor":31.0},{"not_picked":["Immolate","Bludgeon"],"picked":"Impervious+1","floor":33.0},{"not_picked":["Clothesline","Thunderclap+1"],"picked":"True Grit+1","floor":35.0},{"not_picked":["Iron Wave","Heavy Blade"],"picked":"Exhume+1","floor":38.0},{"not_picked":["Combust+1","Anger"],"picked":"Blood for Blood","floor":39.0},{"not_picked":["Sever Soul+1","Anger+1"],"picked":"Rupture","floor":41.0},{"not_picked":["Headbutt","Fire Breathing","Sentinel+1"],"picked":"SKIP","floor":42.0},{"not_picked":["Sever Soul","Exhume+1","Twin Strike"],"picked":"SKIP","floor":44.0},{"not_picked":["Clash","Feel No Pain"],"picked":"Disarm+1","floor":45.0},{"not_picked":["Flex+1","Feel No Pain"],"picked":"Headbutt+1","floor":46.0},{"not_picked":["Searing Blow","Anger"],"picked":"True Grit+1","floor":47.0},{"not_picked":["Twin Strike","Clash+1","Uppercut"],"picked":"SKIP","floor":54.0}],"player_experience":910013,"relics_obtained":[{"floor":7.0,"key":"Sundial"},{"floor":9.0,"key":"Magic Flower"},{"floor":25.0,"key":"Self Forming Clay"},{"floor":31.0,"key":"Toxic Egg 2"},{"floor":43.0,"key":"Bag of Preparation"},{"floor":44.0,"key":"Champion Belt"},{"floor":47.0,"key":"Nunchaku"},{"floor":54.0,"key":"Bottled Tornado"}],"event_choices":[{"damage_healed":0.0,"max_hp_gain":0.0,"max_hp_loss":0.0,"gold_gain":75.0,"event_name":"World of Goop","player_choice":"Gather Gold","floor":2.0,"gold_loss":0.0,"damage_taken":11.0},{"damage_healed":0.0,"max_hp_gain":0.0,"max_hp_loss":0.0,"gold_gain":0.0,"event_name":"Scrap Ooze","player_choice":"Success","floor":3.0,"gold_loss":0.0,"damage_taken":45.0,"relics_obtained":["Unceasing Top"]},{"damage_healed":0.0,"max_hp_gain":0.0,"max_hp_loss":0.0,"gold_gain":0.0,"cards_transformed":["Strike_R"],"event_name":"Transmorgrifier","player_choice":"Transformed","floor":11.0,"gold_loss":0.0,"damage_taken":0.0,"cards_obtained":["Blood for Blood"]},{"damage_healed":0.0,"max_hp_gain":0.0,"max_hp_loss":0.0,"gold_gain":0.0,"event_name":"Beggar","player_choice":"Ignored","floor":19.0,"gold_loss":0.0,"damage_taken":0.0},{"damage_healed":0.0,"max_hp_gain":0.0,"max_hp_loss":23.0,"gold_gain":0.0,"event_name":"Vampires","player_choice":"Became a vampire","floor":20.0,"gold_loss":0.0,"damage_taken":0.0,"cards_obtained":["Bite","Bite","Bite","Bite","Bite"]},{"damage_healed":0.0,"max_hp_gain":5.0,"max_hp_loss":0.0,"gold_gain":0.0,"event_name":"Forgotten Altar","player_choice":"Shed Blood","floor":24.0,"gold_loss":0.0,"damage_taken":18.0},{"damage_healed":0.0,"max_hp_gain":0.0,"max_hp_loss":0.0,"gold_gain":0.0,"event_name":"Tomb of Lord Red Mask","player_choice":"Paid","floor":37.0,"gold_loss":121.0,"damage_taken":0.0,"relics_obtained":["Red Mask"]},{"damage_healed":0.0,"max_hp_gain":0.0,"max_hp_loss":0.0,"gold_gain":0.0,"event_name":"Mysterious Sphere","player_choice":"Fight","floor":47.0,"gold_loss":0.0,"damage_taken":0.0}],"is_beta":true,"boss_relics":[{"not_picked":["Tiny House","White Beast Statue"],"picked":"Sozu"},{"not_picked":["Runic Dome","Mark of Pain"],"picked":"Velvet Choker"}],"items_purged_floors":[4],"is_endless":false,"potions_floor_spawned":[13,14,21,30,31,33,35,38,46,47,54],"killed_by":"The Heart","ascension_level":15}