{"gold_per_floor":[114,127,143,92,112,112,140,151,151,151,183,63,92,109,109,207,207,225,225,243,257,269,269,269],"floor_reached":24,"playtime":1010,"items_purged":[],"score":289,"play_id":"ba9fc130-7761-4ce8-9af1-d495ffd441d9","local_time":"20190403220046","is_ascension_mode":true,"campfire_choices":[{"floor":6,"key":"REST"},{"floor":10,"key":"REST"},{"data":"Whirlwind","floor":15,"key":"SMITH"},{"data":"Flame Barrier","floor":23,"key":"SMITH"}],"neow_cost":"NONE","seed_source_timestamp":328464226028182,"circlet_count":0,"master_deck":["Strike_R","Strike_R","Strike_R","Strike_R","Strike_R","Defend_R","Defend_R","Defend_R","Defend_R","Bash","Flame Barrier","Shrug It Off","Whirlwind+1","Shrug It Off","Anger","Thunderclap","Metallicize","Inflame","Feed","Offering","Flame Barrier+1","Shrug It Off","Blood for Blood+1","Reaper"],"relics":["Self Forming Clay","Question Card","Pantograph","Boot","Runic Pyramid","Nloth\u0027s Gift"],"potions_floor_usage":[5,7,11,13,21],"damage_taken":[{"damage":18,"enemies":"Small Slimes","floor":1,"turns":4},{"damage":6,"enemies":"Cultist","floor":2,"turns":3},{"damage":7,"enemies":"Jaw Worm","floor":3,"turns":4},{"damage":34,"enemies":"Exordium Thugs","floor":5,"turns":4},{"damage":42,"enemies":"3 Sentries","floor":7,"turns":7},{"damage":9,"enemies":"Looter","floor":8,"turns":4},{"damage":28,"enemies":"Gremlin Nob","floor":11,"turns":5},{"damage":18,"enemies":"Lagavulin","floor":13,"turns":7},{"damage":0,"enemies":"3 Louse","floor":14,"turns":1},{"damage":18,"enemies":"Slime Boss","floor":16,"turns":12},{"damage":14,"enemies":"Spheric Guardian","floor":18,"turns":6},{"damage":7,"enemies":"3 Byrds","floor":20,"turns":4},{"damage":16,"enemies":"Snecko","floor":21,"turns":6},{"damage":18,"enemies":"Snake Plant","floor":22,"turns":5},{"damage":61,"enemies":"Book of Stabbing","floor":24,"turns":5}],"seed_played":"8323766735236218560","potions_obtained":[{"floor":1,"key":"Strength Potion"},{"floor":8,"key":"EssenceOfSteel"},{"floor":13,"key":"Swift Potion"},{"floor":14,"key":"Ancient Potion"},{"floor":16,"key":"SkillPotion"}],"is_trial":false,"path_per_floor":["M","M","M","$","M","R","E","M","T","R","E","$","E","M","R","B",null,"M","?","M","M","M","R","E"],"character_chosen":"IRONCLAD","items_purchased":["Block Potion","Inflame","Strength Potion"],"campfire_rested":2,"item_purchase_floors":[4,12,12],"current_hp_per_floor":[76,76,75,75,47,73,37,34,34,60,38,38,26,32,32,48,91,86,86,82,69,54,54,0],"gold":269,"neow_bonus":"TEN_PERCENT_HP_BONUS","is_prod":false,"is_daily":false,"chose_seed":false,"campfire_upgraded":2,"win_rate":0,"timestamp":1554321646,"path_taken":["M","M","M","$","M","R","E","M","T","R","E","$","E","M","R","BOSS","M","?","M","?","M","R","E"],"build_version":"2019-01-23","purchased_purges":0,"victory":false,"max_hp_per_floor":[88,88,88,88,88,88,88,88,88,88,88,88,88,88,88,91,91,94,94,97,100,103,103,103],"card_choices":[{"not_picked":["Feel No Pain","True Grit"],"picked":"Flame Barrier","floor":1},{"not_picked":["Infernal Blade","Clash"],"picked":"Shrug It Off","floor":2},{"not_picked":["Twin Strike","Flame Barrier"],"picked":"Whirlwind","floor":3},{"not_picked":["Sword Boomerang","True Grit"],"picked":"Shrug It Off","floor":5},{"not_picked":["Clash","Evolve"],"picked":"Anger","floor":7},{"not_picked":["Heavy Blade","Shrug It Off"],"picked":"Thunderclap","floor":8},{"not_picked":["Sword Boomerang","Ghostly Armor","Infernal Blade"],"picked":"Metallicize","floor":11},{"not_picked":["Sever Soul","Sentinel","Shockwave"],"picked":"Feed","floor":13},{"not_picked":["Sword Boomerang","Flex","Warcry","Searing Blow"],"picked":"SKIP","floor":14},{"not_picked":["Bludgeon","Berserk","Juggernaut"],"picked":"Offering","floor":16},{"not_picked":["Flex","Twin Strike","Body Slam"],"picked":"Flame Barrier","floor":18},{"not_picked":["Bloodletting","Fire Breathing","Thunderclap"],"picked":"Shrug It Off","floor":20},{"not_picked":["Metallicize","Armaments","Flex"],"picked":"Blood for Blood+1","floor":21},{"not_picked":["Searing Blow","Perfected Strike+1","Sever Soul+1"],"picked":"Reaper","floor":22}],"player_experience":237350,"relics_obtained":[{"floor":7,"key":"Self Forming Clay"},{"floor":9,"key":"Question Card"},{"floor":11,"key":"Pantograph"},{"floor":13,"key":"Boot"}],"event_choices":[{"damage_healed":0,"gold_gain":0,"player_choice":"Traded Relic","damage_taken":0,"relics_obtained":["Nloth\u0027s Gift"],"max_hp_gain":0,"max_hp_loss":0,"event_name":"N\u0027loth","floor":19,"relics_lost":["Burning Blood"],"gold_loss":0}],"is_beta":false,"boss_relics":[{"not_picked":["Runic Cube","White Beast Statue"],"picked":"Runic Pyramid"}],"items_purged_floors":[],"is_endless":false,"potions_floor_spawned":[1,8,13,14,16,18],"killed_by":"Book of Stabbing","ascension_level":4}