{"gold_per_floor":[119,119,119,130,130,160,173,173,173,173,206,218,143,157,157,255,255,265,364,464,5,14,14,41,54,54,54,67,87,99,111,111,216,216,226,126,139,159,159,159,171,206,206,206,223,323,343,361,361,361,361,361,75,110,110],"floor_reached":56,"playtime":3297,"items_purged":["Strike_B","Defend_B"],"score":1234,"play_id":"c507eaca-ad04-4c03-9243-3e7edd8f4cc8","local_time":"20190421171027","is_ascension_mode":true,"campfire_choices":[{"floor":10,"key":"REST"},{"floor":15,"key":"REST"},{"floor":23,"key":"REST"},{"floor":27,"key":"RECALL"},{"data":"Chill","floor":32,"key":"SMITH"},{"data":"Apotheosis","floor":40,"key":"SMITH"},{"data":"BootSequence","floor":44,"key":"SMITH"},{"floor":49,"key":"REST"},{"data":"Cold Snap","floor":52,"key":"SMITH"}],"neow_cost":"NONE","seed_source_timestamp":169749318737027,"circlet_count":0,"master_deck":["Strike_B+1","Strike_B","Strike_B","Defend_B","Defend_B","Defend_B","Zap+1","Dualcast","Chill+1","Capacitor+1","Cold Snap","Defragment+1","Echo Form+1","Cold Snap","Machine Learning+1","BootSequence+1","Defragment+1","Apotheosis+1","Cold Snap+1","Coolheaded","Self Repair+1","Coolheaded","Loop+1","Parasite","Electrodynamics+1"],"relics":["Cracked Core","Bottled Flame","Gremlin Horn","Frozen Egg 2","Orrery","ClockworkSouvenir","Bottled Tornado","Sozu","Boot","Pear","Centennial Puzzle","Bird Faced Urn","Pen Nib"],"potions_floor_usage":[6,11,11,16,33,33,50],"damage_taken":[{"damage":0,"enemies":"Small Slimes","floor":1,"turns":3},{"damage":0,"enemies":"2 Louse","floor":4,"turns":2},{"damage":10,"enemies":"Lagavulin","floor":6,"turns":8},{"damage":4,"enemies":"Jaw Worm","floor":7,"turns":2},{"damage":19,"enemies":"3 Sentries","floor":11,"turns":8},{"damage":0,"enemies":"3 Louse","floor":12,"turns":3},{"damage":0,"enemies":"Lots of Slimes","floor":14,"turns":4},{"damage":40,"enemies":"Slime Boss","floor":16,"turns":14},{"damage":0,"enemies":"Chosen","floor":18,"turns":4},{"damage":26,"enemies":"2 Thieves","floor":22,"turns":5},{"damage":22,"enemies":"Gremlin Leader","floor":24,"turns":8},{"damage":0,"enemies":"Cultist and Chosen","floor":25,"turns":7},{"damage":20,"enemies":"Snake Plant","floor":28,"turns":6},{"damage":2,"enemies":"Centurion and Healer","floor":29,"turns":8},{"damage":1,"enemies":"Snecko","floor":30,"turns":8},{"damage":11,"enemies":"Snake Plant","floor":31,"turns":5},{"damage":12,"enemies":"Automaton","floor":33,"turns":10},{"damage":7,"enemies":"3 Darklings","floor":35,"turns":7},{"damage":0,"enemies":"3 Shapes","floor":37,"turns":5},{"damage":9,"enemies":"Writhing Mass","floor":38,"turns":6},{"damage":9,"enemies":"Sphere and 2 Shapes","floor":41,"turns":7},{"damage":0,"enemies":"Nemesis","floor":42,"turns":9},{"damage":7,"enemies":"Spire Growth","floor":45,"turns":6},{"damage":19,"enemies":"Jaw Worm Horde","floor":47,"turns":2},{"damage":3,"enemies":"Transient","floor":48,"turns":5},{"damage":50,"enemies":"Awakened One","floor":50,"turns":18},{"damage":37,"enemies":"Shield and Spear","floor":54,"turns":7},{"damage":73,"enemies":"The Heart","floor":55,"turns":14}],"seed_played":"6748464574252091998","potions_obtained":[{"floor":0,"key":"SneckoOil"},{"floor":0,"key":"SneckoOil"},{"floor":0,"key":"SneckoOil"},{"floor":1,"key":"Weak Potion"},{"floor":6,"key":"SkillPotion"},{"floor":7,"key":"PowerPotion"},{"floor":14,"key":"Energy Potion"},{"floor":16,"key":"Strength Potion"},{"floor":22,"key":"LiquidBronze"},{"floor":25,"key":"SteroidPotion"},{"floor":33,"key":"Dexterity Potion"}],"is_trial":false,"path_per_floor":["M","?","$","M","?","E","M","?","T","R","E","M","$","M","R","B",null,"M","?","?","$","M","R","E","M","T","R","M","M","M","M","R","B",null,"M","$","M","M","T","R","M","E","T","R","M","?","M","M","R","B",null,"R","$","E","B",null],"character_chosen":"DEFECT","items_purchased":["Defragment+1","ClockworkSouvenir","Apotheosis","Bird Faced Urn"],"campfire_rested":4,"item_purchase_floors":[21,21,21,53],"current_hp_per_floor":[75,75,75,75,75,65,61,46,46,68,49,49,49,49,71,31,75,75,75,75,75,49,71,49,49,49,49,29,37,56,65,65,53,75,75,75,75,75,75,75,75,85,85,85,85,85,76,73,85,35,85,85,85,85,30],"gold":110,"neow_bonus":"THREE_SMALL_POTIONS","is_prod":false,"is_daily":false,"chose_seed":false,"campfire_upgraded":4,"win_rate":0,"timestamp":1555881027,"path_taken":["M","?","$","M","?","E","M","?","T","R","E","M","$","M","R","BOSS","M","?","?","$","M","R","E","M","T","R","M","M","M","M","R","BOSS","M","$","?","M","?","R","M","E","T","R","?","?","M","M","R","BOSS","R","$","E","BOSS"],"build_version":"2019-01-23","purchased_purges":2,"victory":true,"max_hp_per_floor":[75,75,75,75,75,75,75,75,75,75,75,75,75,75,75,75,75,75,75,75,75,75,75,75,75,75,75,75,75,75,75,75,75,75,75,75,75,75,75,75,75,85,85,85,85,85,85,85,85,85,85,85,85,85,85],"card_choices":[{"not_picked":["Consume","Force Field"],"picked":"Chill","floor":1},{"not_picked":["Force Field","Recycle","Turbo"],"picked":"SKIP","floor":4},{"not_picked":["Conserve Battery","Steam Power"],"picked":"Capacitor","floor":6},{"not_picked":["Storm","Rebound","Compile Driver"],"picked":"SKIP","floor":7},{"not_picked":["Hologram","Compile Driver","Rebound"],"picked":"SKIP","floor":11},{"not_picked":["Fusion","Steam"],"picked":"Cold Snap","floor":12},{"not_picked":["Coolheaded","Cold Snap"],"picked":"Defragment+1","floor":14},{"not_picked":["Core Surge","Creative AI+1"],"picked":"Echo Form+1","floor":16},{"not_picked":["Turbo","BootSequence"],"picked":"Cold Snap","floor":17},{"not_picked":["Stack","Redo"],"picked":"Machine Learning+1","floor":17},{"not_picked":["Redo","Barrage"],"picked":"BootSequence","floor":17},{"not_picked":["Undo","Static Discharge+1","Gash"],"picked":"SKIP","floor":18},{"not_picked":["Lockon","Hologram"],"picked":"Cold Snap","floor":22},{"not_picked":["Steam","Compile Driver"],"picked":"Coolheaded","floor":24},{"not_picked":["Steam","Rebound+1","Barrage+1"],"picked":"SKIP","floor":25},{"not_picked":["Glacier","Aggregate"],"picked":"Self Repair+1","floor":28},{"not_picked":["Reinforced Body","Double Energy","Steam"],"picked":"SKIP","floor":29},{"not_picked":["Fusion","Meteor Strike"],"picked":"Coolheaded","floor":30},{"not_picked":["Sweeping Beam","Ball Lightning"],"picked":"Loop+1","floor":31},{"not_picked":["Fusion","Go for the Eyes","Compile Driver"],"picked":"SKIP","floor":35},{"not_picked":["Barrage+1","Rebound","Beam Cell"],"picked":"SKIP","floor":37},{"not_picked":["Sweeping Beam+1","Compile Driver+1","Heatsinks+1"],"picked":"SKIP","floor":38},{"not_picked":["Sweeping Beam+1","Compile Driver+1","Heatsinks+1"],"picked":"SKIP","floor":38},{"not_picked":["Go for the Eyes+1","Chill","Ball Lightning+1"],"picked":"SKIP","floor":41},{"not_picked":["Turbo+1","Redo+1"],"picked":"Electrodynamics+1","floor":42},{"not_picked":["Rebound+1","Beam Cell+1","Sweeping Beam+1"],"picked":"SKIP","floor":45},{"not_picked":["Melter","Conserve Battery+1","Ball Lightning"],"picked":"SKIP","floor":47},{"not_picked":["Fusion","Ball Lightning","Lockon+1"],"picked":"SKIP","floor":48},{"not_picked":["Aggregate+1","Conserve Battery","Stack+1"],"picked":"SKIP","floor":54}],"player_experience":196639,"relics_obtained":[{"floor":6,"key":"Bottled Flame"},{"floor":9,"key":"Gremlin Horn"},{"floor":11,"key":"Frozen Egg 2"},{"floor":24,"key":"Bottled Tornado"},{"floor":39,"key":"Boot"},{"floor":42,"key":"Pear"},{"floor":43,"key":"Centennial Puzzle"},{"floor":54,"key":"Pen Nib"}],"event_choices":[{"damage_healed":0,"gold_gain":0,"player_choice":"Grow","damage_taken":0,"max_hp_gain":0,"max_hp_loss":0,"event_name":"Living Wall","floor":2,"gold_loss":0,"cards_upgraded":["Zap"]},{"damage_healed":0,"gold_gain":0,"player_choice":"Ignored","damage_taken":0,"max_hp_gain":0,"max_hp_loss":0,"event_name":"Golden Idol","floor":5,"gold_loss":0},{"damage_healed":0,"gold_gain":0,"player_choice":"Entered Light","damage_taken":15,"max_hp_gain":0,"max_hp_loss":0,"event_name":"Shining Light","floor":8,"gold_loss":0,"cards_upgraded":["Capacitor","Strike_B"]},{"damage_healed":0,"gold_gain":99,"player_choice":"Stole From Cult","damage_taken":0,"max_hp_gain":0,"max_hp_loss":0,"event_name":"Nest","floor":19,"gold_loss":0},{"damage_healed":0,"gold_gain":100,"player_choice":"Pray","damage_taken":0,"max_hp_gain":0,"max_hp_loss":0,"event_name":"Golden Shrine","floor":20,"gold_loss":0},{"damage_healed":0,"gold_gain":100,"player_choice":"Pray","damage_taken":0,"max_hp_gain":0,"max_hp_loss":0,"event_name":"Golden Shrine","floor":46,"gold_loss":0}],"is_beta":false,"boss_relics":[{"not_picked":["Empty Cage","Calling Bell"],"picked":"Orrery"},{"not_picked":["FrozenCore","Lizard Tail"],"picked":"Sozu"}],"items_purged_floors":[13,36],"is_endless":false,"potions_floor_spawned":[1,6,7,14,16,22,25,29,33,35,37,41],"ascension_level":1}