{"gold_per_floor":[363,40,56,56,68,68,100,100,178,178,192,267,12,44,44,115,115,125,175,191,207,32,58,58,72,96,121,121,121,36,36,36,113,113,124,141,161,161,22,56,21,34,60,78,78,110,110,128,128,128,128,128,78,106,106],"floor_reached":56,"playtime":2484,"items_purged":["Strike_R","Strike_R"],"score":2149,"play_id":"ff86f563-342f-434d-8d0e-85b6057c4979","local_time":"20190326201425","is_ascension_mode":true,"campfire_choices":[{"data":"Apotheosis","floor":6.0,"key":"SMITH"},{"data":"Evolve","floor":8.0,"key":"SMITH"},{"data":"Shockwave","floor":10.0,"key":"SMITH"},{"data":"Berserk","floor":15.0,"key":"SMITH"},{"floor":24.0,"key":"REST"},{"data":"Dark Embrace","floor":29.0,"key":"SMITH"},{"data":"Inflame","floor":32.0,"key":"SMITH"},{"floor":45.0,"key":"RECALL"},{"data":"Feel No Pain","floor":47.0,"key":"SMITH"},{"data":"Spot Weakness","floor":49.0,"key":"SMITH"},{"data":"Defend_R","floor":52.0,"key":"SMITH"}],"neow_cost":"TEN_PERCENT_HP_LOSS","seed_source_timestamp":2765420989958655,"circlet_count":0,"master_deck":["AscendersBane","Strike_R","Strike_R","Defend_R+1","Defend_R","Defend_R","Defend_R","Bash","Evolve+1","Apotheosis+1","Shockwave+1","Dropkick","Anger","Spot Weakness+1","Pummel","Impervious+1","Inflame+1","Berserk+1","Limit Break+1","True Grit+1","Shockwave+1","Double Tap+1","Blind+1","Dark Embrace+1","Heavy Blade","Shrug It Off+1","Offering+1","Feel No Pain+1","True Grit+1","Writhe","Reaper","Disarm+1","Parasite","Intimidate+1","Pommel Strike+1","Flame Barrier+1"],"special_seed":0,"relics":["Burning Blood","Membership Card","Strawberry","Toxic Egg 2","Oddly Smooth Stone","Vajra","Gremlin Horn","Velvet Choker","Pear","Mercury Hourglass","Pen Nib","Ornamental Fan","Blue Candle","Runic Cube","OrangePellets","Sundial","Meat on the Bone","Ginger"],"potions_floor_usage":[55,55],"damage_taken":[{"damage":1.0,"enemies":"2 Louse","floor":1.0,"turns":4.0},{"damage":8.0,"enemies":"Jaw Worm","floor":3.0,"turns":5.0},{"damage":0.0,"enemies":"Cultist","floor":5.0,"turns":4.0},{"damage":6.0,"enemies":"Lagavulin","floor":7.0,"turns":6.0},{"damage":9.0,"enemies":"3 Louse","floor":11.0,"turns":4.0},{"damage":19.0,"enemies":"Gremlin Nob","floor":14.0,"turns":5.0},{"damage":0.0,"enemies":"Slime Boss","floor":16.0,"turns":3.0},{"damage":0.0,"enemies":"3 Byrds","floor":18.0,"turns":5.0},{"damage":18.0,"enemies":"Spheric Guardian","floor":20.0,"turns":4.0},{"damage":12.0,"enemies":"Cultist and Chosen","floor":21.0,"turns":5.0},{"damage":26.0,"enemies":"Book of Stabbing","floor":23.0,"turns":5.0},{"damage":12.0,"enemies":"3 Cultists","floor":25.0,"turns":3.0},{"damage":0.0,"enemies":"Gremlin Leader","floor":27.0,"turns":4.0},{"damage":44.0,"enemies":"Champ","floor":33.0,"turns":7.0},{"damage":24.0,"enemies":"3 Shapes","floor":35.0,"turns":4.0},{"damage":11.0,"enemies":"3 Darklings","floor":36.0,"turns":6.0},{"damage":28.0,"enemies":"Jaw Worm Horde","floor":37.0,"turns":4.0},{"damage":33.0,"enemies":"Reptomancer","floor":40.0,"turns":8.0},{"damage":12.0,"enemies":"Writhing Mass","floor":42.0,"turns":6.0},{"damage":17.0,"enemies":"3 Darklings","floor":44.0,"turns":7.0},{"damage":46.0,"enemies":"Nemesis","floor":46.0,"turns":11.0},{"damage":20.0,"enemies":"4 Shapes","floor":48.0,"turns":6.0},{"damage":61.0,"enemies":"Donu and Deca","floor":50.0,"turns":8.0},{"damage":74,"enemies":"Shield and Spear","floor":54,"turns":8},{"damage":57,"enemies":"The Heart","floor":55,"turns":7}],"seed_played":"-2018099698284598701","potions_obtained":[{"floor":1.0,"key":"EssenceOfSteel"},{"floor":3.0,"key":"Strength Potion"},{"floor":20.0,"key":"SteroidPotion"},{"floor":27.0,"key":"SkillPotion"},{"floor":36.0,"key":"SkillPotion"},{"floor":42.0,"key":"AttackPotion"},{"floor":48.0,"key":"LiquidBronze"}],"is_trial":false,"path_per_floor":["M","$","M","?","M","R","E","R","T","R","M","?","$","E","R","B",null,"M","?","M","M","$","E","R","M","T","E","?","R","?","$","R","B",null,"M","M","M","?","$","E","$","M","T","M","R","E","R","M","R","B",null,"R","$","E","B",null],"character_chosen":"IRONCLAD","items_purchased":["Membership Card","Apotheosis","Shockwave","Oddly Smooth Stone","Vajra","Impervious+1","Inflame","Pear","Blind+1","OrangePellets","Disarm+1"],"campfire_rested":1,"item_purchase_floors":[2,2,2,13,13,13,13,22,22,39,41],"current_hp_per_floor":[68,68,66,59,65,65,72,72,72,72,69,58,58,45,45,51,69,75,68,56,50,60,40,65,59,59,65,65,65,65,65,65,27,71,53,48,26,43,43,16,16,56,56,85,85,85,85,84,84,85,85,85,85,85,46],"gold":106,"neow_bonus":"TWO_FIFTY_GOLD","is_prod":false,"is_daily":false,"chose_seed":false,"campfire_upgraded":9,"win_rate":0,"timestamp":1553645665,"path_taken":["M","$","M","?","M","R","E","R","T","R","M","?","?","E","R","BOSS","M","?","M","?","$","E","R","M","T","E","?","R","?","?","R","BOSS","M","M","M","?","$","E","$","M","T","M","R","E","R","M","R","BOSS","R","$","E","BOSS"],"build_version":"2019-03-15","purchased_purges":2,"victory":true,"max_hp_per_floor":[68,68,68,68,68,68,75,75,75,75,75,75,75,75,75,75,75,75,75,75,75,85,85,85,85,85,85,85,85,85,85,85,85,85,85,85,85,85,85,85,85,85,85,85,85,85,85,85,85,85,85,85,85,85,85],"card_choices":[{"not_picked":["Rupture","Thunderclap"],"picked":"Evolve","floor":1.0},{"not_picked":["Warcry","Rupture"],"picked":"Dropkick","floor":3.0},{"not_picked":["Dual Wield","Wild Strike"],"picked":"Anger","floor":5.0},{"not_picked":["Anger","Intimidate"],"picked":"Spot Weakness","floor":7.0},{"not_picked":["Twin Strike","Entrench+1"],"picked":"Pummel","floor":11.0},{"not_picked":["Headbutt","Metallicize"],"picked":"Berserk","floor":14.0},{"not_picked":["Double Tap+1","Berserk"],"picked":"Limit Break+1","floor":16.0},{"not_picked":["Headbutt","Fire Breathing"],"picked":"True Grit+1","floor":18.0},{"not_picked":["Rage+1","Sword Boomerang"],"picked":"Shockwave+1","floor":20.0},{"not_picked":["Twin Strike","Clash"],"picked":"Double Tap+1","floor":21.0},{"not_picked":["Twin Strike","Juggernaut"],"picked":"Dark Embrace","floor":23.0},{"not_picked":["Rage+1","Clash","Armaments+1"],"picked":"SKIP","floor":25.0},{"not_picked":["Infernal Blade+1","Armaments+1"],"picked":"Heavy Blade","floor":27.0},{"not_picked":["Double Tap+1","Berserk"],"picked":"Offering+1","floor":33.0},{"not_picked":["Sever Soul+1","Heavy Blade+1"],"picked":"Feel No Pain","floor":35.0},{"not_picked":["Inflame","Anger"],"picked":"True Grit+1","floor":36.0},{"not_picked":["Rampage+1","Clothesline","Cleave"],"picked":"SKIP","floor":37.0},{"not_picked":["Bloodletting+1","Disarm+1"],"picked":"Reaper","floor":40.0},{"not_picked":["Twin Strike+1","Dual Wield+1"],"picked":"Intimidate+1","floor":42.0},{"not_picked":["Sword Boomerang","Havoc+1","Sever Soul+1"],"picked":"SKIP","floor":44.0},{"not_picked":["Anger","Wild Strike+1"],"picked":"Pommel Strike+1","floor":46.0},{"not_picked":["Pommel Strike","Cleave"],"picked":"Flame Barrier+1","floor":48.0},{"not_picked":["Armaments+1","Body Slam","Fire Breathing"],"picked":"SKIP","floor":54}],"player_experience":857225,"relics_obtained":[{"floor":7.0,"key":"Strawberry"},{"floor":9.0,"key":"Toxic Egg 2"},{"floor":14.0,"key":"Gremlin Horn"},{"floor":23.0,"key":"Mercury Hourglass"},{"floor":26.0,"key":"Pen Nib"},{"floor":27.0,"key":"Ornamental Fan"},{"floor":40.0,"key":"Sundial"},{"floor":46.0,"key":"Meat on the Bone"},{"floor":54,"key":"Ginger"}],"event_choices":[{"cards_removed":["Strike_R"],"damage_healed":0.0,"max_hp_gain":0.0,"max_hp_loss":0.0,"gold_gain":0.0,"event_name":"Golden Wing","player_choice":"Card Removal","floor":4.0,"gold_loss":0.0,"damage_taken":7.0},{"damage_healed":0.0,"max_hp_gain":0.0,"max_hp_loss":0.0,"gold_gain":75.0,"event_name":"World of Goop","player_choice":"Gather Gold","floor":12.0,"gold_loss":0.0,"damage_taken":11.0},{"damage_healed":0.0,"max_hp_gain":0.0,"max_hp_loss":0.0,"gold_gain":50.0,"event_name":"FaceTrader","player_choice":"Touch","floor":19.0,"gold_loss":0.0,"damage_taken":7.0},{"damage_healed":0.0,"max_hp_gain":0.0,"max_hp_loss":0.0,"gold_gain":0.0,"event_name":"The Library","player_choice":"Read","floor":28.0,"gold_loss":0.0,"damage_taken":0.0,"cards_obtained":["Shrug It Off"]},{"damage_healed":0.0,"max_hp_gain":0.0,"max_hp_loss":0.0,"gold_gain":0.0,"event_name":"Addict","player_choice":"Obtained Relic","floor":30.0,"gold_loss":85.0,"damage_taken":0.0,"relics_obtained":["Blue Candle"]},{"damage_healed":17.0,"max_hp_gain":0.0,"max_hp_loss":0.0,"gold_gain":0.0,"event_name":"Winding Halls","player_choice":"Writhe","floor":38.0,"gold_loss":0.0,"damage_taken":0.0,"cards_obtained":["Writhe"]}],"is_beta":true,"boss_relics":[{"not_picked":["Black Star","Lizard Tail"],"picked":"Velvet Choker"},{"not_picked":["Busted Crown","Mark of Pain"],"picked":"Runic Cube"}],"items_purged_floors":[39,53],"is_endless":false,"potions_floor_spawned":[1,3,11,20,25,27,36,42,44,48],"ascension_level":15}