{"gold_per_floor":[19,19,32,43,43,73,73,107,107,124,140,172,172,192,192,269,269,284,284,294,308,334,334,359,359,359,58,58,58,87,87,87,160,160,171,191,191,201,251,251],"floor_reached":40,"playtime":2311,"items_purged":[],"score":802,"play_id":"d39df65f-282e-48b5-98fd-6515ca30a348","local_time":"20190414162303","is_ascension_mode":true,"campfire_choices":[{"floor":7.0,"key":"REST"},{"data":"Entrench","floor":13.0,"key":"SMITH"},{"floor":15.0,"key":"REST"},{"data":"True Grit","floor":23.0,"key":"SMITH"},{"data":"Immolate","floor":25.0,"key":"SMITH"},{"data":"Immolate","floor":28.0,"key":"SMITH"},{"data":"Double Tap","floor":32.0,"key":"SMITH"}],"neow_cost":"NO_GOLD","seed_source_timestamp":565867509709282,"circlet_count":0,"master_deck":["AscendersBane","Defend_R","Defend_R","Defend_R","Defend_R","Bash","Armaments+1","Burning Pact","Shrug It Off","Double Tap+1","Entrench+1","Cleave","Rampage","Impervious","Immolate+1","True Grit+1","Bite","Bite","Bite","Bite","Bite","Exhume","Shrug It Off","Immolate+1","Impervious","Intimidate","Dual Wield","Iron Wave+1","Ghostly Armor+1","Battle Trance","Feel No Pain"],"special_seed":0,"relics":["Burning Blood","Ornamental Fan","Mercury Hourglass","Self Forming Clay","Bag of Preparation","Sozu","Bronze Scales","Blood Vial","Vajra","Omamori","Philosopher\u0027s Stone","Du-Vu Doll"],"potions_floor_usage":[],"damage_taken":[{"damage":1.0,"enemies":"Cultist","floor":1.0,"turns":3.0},{"damage":0.0,"enemies":"Small Slimes","floor":3.0,"turns":3.0},{"damage":2.0,"enemies":"Jaw Worm","floor":4.0,"turns":4.0},{"damage":34.0,"enemies":"3 Sentries","floor":6.0,"turns":17.0},{"damage":38.0,"enemies":"Lagavulin","floor":8.0,"turns":7.0},{"damage":5.0,"enemies":"Exordium Thugs","floor":10.0,"turns":5.0},{"damage":6.0,"enemies":"Looter","floor":11.0,"turns":4.0},{"damage":21.0,"enemies":"3 Sentries","floor":12.0,"turns":9.0},{"damage":1.0,"enemies":"2 Fungi Beasts","floor":14.0,"turns":2.0},{"damage":20.0,"enemies":"Slime Boss","floor":16.0,"turns":11.0},{"damage":17.0,"enemies":"2 Thieves","floor":18.0,"turns":4.0},{"damage":29.0,"enemies":"Shell Parasite","floor":20.0,"turns":6.0},{"damage":22.0,"enemies":"Snecko","floor":21.0,"turns":5.0},{"damage":11.0,"enemies":"Slavers","floor":24.0,"turns":3.0},{"damage":17.0,"enemies":"Gremlin Leader","floor":30.0,"turns":7.0},{"damage":53,"enemies":"Automaton","floor":33,"turns":12},{"damage":19,"enemies":"Orb Walker","floor":35,"turns":4},{"damage":52,"enemies":"3 Darklings","floor":36,"turns":20},{"damage":43,"enemies":"Writhing Mass","floor":38,"turns":9},{"damage":0,"enemies":"2 Orb Walkers","floor":39,"turns":1},{"damage":122,"enemies":"Giant Head","floor":40,"turns":10}],"seed_played":"8144738619161466150","potions_obtained":[{"floor":3.0,"key":"AttackPotion"},{"floor":8.0,"key":"Swift Potion"},{"floor":11.0,"key":"SpeedPotion"}],"is_trial":false,"path_per_floor":["M","?","M","M","?","E","R","E","T","M","M","E","R","M","R","B",null,"M","?","M","M","T","R","E","R","T","$","R","?","E","?","R","B",null,"M","M","?","M","?","E"],"character_chosen":"IRONCLAD","items_purchased":["Vajra","Impervious"],"campfire_rested":2,"item_purchase_floors":[27,27],"current_hp_per_floor":[87,87,89,89,82,54,80,48,48,49,49,34,34,39,65,51,80,69,62,55,55,55,55,54,54,54,54,54,54,61,61,61,52,60,49,62,62,38,46,0],"gold":251,"neow_bonus":"TWENTY_PERCENT_HP_BONUS","is_prod":false,"is_daily":false,"chose_seed":false,"campfire_upgraded":5,"win_rate":0,"timestamp":1555273383,"path_taken":["M","?","M","M","?","E","R","E","T","M","M","E","R","M","R","BOSS","M","?","M","M","?","R","E","R","T","$","R","?","E","?","R","BOSS","M","M","?","?","?","E"],"build_version":"2019-04-04","purchased_purges":0,"victory":false,"max_hp_per_floor":[89,89,89,89,89,89,89,89,89,89,89,89,89,89,89,89,89,89,62,62,62,62,62,62,62,62,62,62,62,62,62,62,62,62,62,62,62,62,62,62],"card_choices":[{"not_picked":["Flex","Havoc"],"picked":"Armaments","floor":1.0},{"not_picked":["Twin Strike","Armaments"],"picked":"Burning Pact","floor":3.0},{"not_picked":["Pommel Strike","Flex"],"picked":"Shrug It Off","floor":4.0},{"not_picked":["Anger","Warcry"],"picked":"Double Tap","floor":6.0},{"not_picked":["Perfected Strike","Reckless Charge"],"picked":"Entrench","floor":8.0},{"not_picked":["Dropkick","Anger","Clash"],"picked":"SKIP","floor":10.0},{"not_picked":["Clash","Headbutt"],"picked":"Cleave","floor":11.0},{"not_picked":["Warcry","Sentinel"],"picked":"Rampage","floor":12.0},{"not_picked":["Body Slam","Pummel"],"picked":"Impervious","floor":14.0},{"not_picked":["Reaper","Limit Break"],"picked":"Immolate","floor":16.0},{"not_picked":["Perfected Strike","Havoc"],"picked":"True Grit","floor":18.0},{"not_picked":["Clash","Rupture"],"picked":"Exhume","floor":20.0},{"not_picked":["Headbutt","Entrench+1"],"picked":"Shrug It Off","floor":21.0},{"not_picked":["Headbutt","Corruption"],"picked":"Immolate","floor":24.0},{"not_picked":["Havoc","Rage"],"picked":"Dual Wield","floor":30.0},{"not_picked":["Whirlwind","Havoc+1"],"picked":"Iron Wave+1","floor":35},{"not_picked":["Clash+1","Warcry"],"picked":"Ghostly Armor+1","floor":36},{"not_picked":["Metallicize+1","Sword Boomerang+1"],"picked":"Feel No Pain","floor":38}],"player_experience":947077,"relics_obtained":[{"floor":6.0,"key":"Ornamental Fan"},{"floor":8.0,"key":"Mercury Hourglass"},{"floor":9.0,"key":"Self Forming Clay"},{"floor":12.0,"key":"Bag of Preparation"},{"floor":22.0,"key":"Bronze Scales"},{"floor":24.0,"key":"Blood Vial"},{"floor":30.0,"key":"Omamori"},{"floor":39,"key":"Du-Vu Doll"}],"event_choices":[{"damage_healed":0.0,"max_hp_gain":0.0,"max_hp_loss":0.0,"gold_gain":0.0,"event_name":"Living Wall","player_choice":"Grow","floor":2.0,"gold_loss":0.0,"damage_taken":0.0,"cards_upgraded":["Armaments"]},{"cards_removed":["Strike_R"],"damage_healed":0.0,"max_hp_gain":0.0,"max_hp_loss":0.0,"gold_gain":0.0,"event_name":"Golden Wing","player_choice":"Card Removal","floor":5.0,"gold_loss":0.0,"damage_taken":7.0},{"damage_healed":0.0,"max_hp_gain":0.0,"max_hp_loss":27.0,"gold_gain":0.0,"event_name":"Vampires","player_choice":"Became a vampire","floor":19.0,"gold_loss":0.0,"damage_taken":0.0,"cards_obtained":["Bite","Bite","Bite","Bite","Bite"]},{"damage_healed":0.0,"max_hp_gain":0.0,"max_hp_loss":0.0,"gold_gain":0.0,"event_name":"The Library","player_choice":"Read","floor":29.0,"gold_loss":0.0,"damage_taken":0.0,"cards_obtained":["Intimidate"]},{"damage_healed":0.0,"max_hp_gain":0.0,"max_hp_loss":0.0,"gold_gain":0.0,"event_name":"Ghosts","player_choice":"Ignored","floor":31.0,"gold_loss":0.0,"damage_taken":0.0},{"damage_healed":0,"gold_gain":0,"player_choice":"1 cards matched","damage_taken":0,"max_hp_gain":0,"max_hp_loss":0,"event_name":"Match and Keep!","floor":37,"gold_loss":0,"cards_obtained":["Battle Trance"]},{"damage_healed":0,"gold_gain":0,"player_choice":"Fight","damage_taken":0,"max_hp_gain":0,"max_hp_loss":0,"event_name":"Mysterious Sphere","floor":39,"gold_loss":0}],"is_beta":true,"boss_relics":[{"not_picked":["Velvet Choker","Empty Cage"],"picked":"Sozu"},{"not_picked":["Black Star","Lizard Tail"],"picked":"Philosopher\u0027s Stone"}],"items_purged_floors":[],"is_endless":false,"potions_floor_spawned":[3,8,11,12,33,39],"killed_by":"Giant Head","ascension_level":15}