{"gold_per_floor":[215,215,234,247,37,64,64,97,151,151,179,214,230,305,305,403,403,385,385,397,411,411,411,428,428,428,440,475,475,489,12,12,107,107,123,174,188,205,216,216,249,262,286,286,301,301,46,58,58,58],"floor_reached":51,"playtime":4301,"items_purged":["Strike_G","Strike_G"],"score":972,"play_id":"a710e5a6-b981-480d-8320-7c692fa5a0d9","local_time":"20190414091451","is_ascension_mode":true,"campfire_choices":[{"data":"Footwork","floor":7.0,"key":"SMITH"},{"data":"Glass Knife","floor":10.0,"key":"SMITH"},{"data":"After Image","floor":15.0,"key":"SMITH"},{"floor":23.0,"key":"REST"},{"floor":29.0,"key":"REST"},{"data":"Accuracy","floor":32.0,"key":"SMITH"},{"floor":40,"key":"REST"},{"floor":46,"key":"REST"},{"floor":49,"key":"REST"}],"neow_cost":"NONE","seed_source_timestamp":256640999911846,"circlet_count":0,"master_deck":["Defend_G","Defend_G","Defend_G","Defend_G","Defend_G","Strike_G","Survivor","Neutralize+1","Flying Knee+1","Well Laid Plans","Cloak And Dagger","Glass Knife+1","Footwork+1","Dagger Spray+1","Cloak And Dagger+1","After Image+1","Leg Sweep","Malaise","Footwork","Leg Sweep+1","Accuracy+1","Dodge and Roll","Envenom","Backflip+1","Adrenaline","Accuracy"],"special_seed":0,"relics":["Ring of the Snake","Darkstone Periapt","Ancient Tea Set","Dream Catcher","Odd Mushroom","Omamori","Empty Cage","MutagenicStrength","Nilry\u0027s Codex","Whetstone","PreservedInsect","OrangePellets","Fusion Hammer","Calipers","The Specimen","Pen Nib"],"potions_floor_usage":[39,42,50,50],"damage_taken":[{"damage":0.0,"enemies":"Small Slimes","floor":1.0,"turns":5.0},{"damage":0.0,"enemies":"Cultist","floor":3.0,"turns":3.0},{"damage":0.0,"enemies":"Jaw Worm","floor":4.0,"turns":3.0},{"damage":11.0,"enemies":"3 Sentries","floor":6.0,"turns":10.0},{"damage":4.0,"enemies":"Gremlin Nob","floor":8.0,"turns":4.0},{"damage":0.0,"enemies":"The Mushroom Lair","floor":11.0,"turns":2.0},{"damage":5.0,"enemies":"Lagavulin","floor":12.0,"turns":9.0},{"damage":2.0,"enemies":"2 Fungi Beasts","floor":13.0,"turns":3.0},{"damage":6.0,"enemies":"The Guardian","floor":16.0,"turns":14.0},{"damage":13.0,"enemies":"2 Thieves","floor":18.0,"turns":4.0},{"damage":0.0,"enemies":"Chosen","floor":20.0,"turns":4.0},{"damage":4.0,"enemies":"Shelled Parasite and Fungi","floor":21.0,"turns":11.0},{"damage":6.0,"enemies":"3 Cultists","floor":24.0,"turns":6.0},{"damage":4.0,"enemies":"Centurion and Healer","floor":27.0,"turns":11.0},{"damage":8.0,"enemies":"Book of Stabbing","floor":28.0,"turns":11.0},{"damage":6.0,"enemies":"Snake Plant","floor":30.0,"turns":6.0},{"damage":2.0,"enemies":"Champ","floor":33.0,"turns":17.0},{"damage":0.0,"enemies":"Orb Walker","floor":35.0,"turns":5.0},{"damage":3.0,"enemies":"2 Orb Walkers","floor":36.0,"turns":5.0},{"damage":2.0,"enemies":"3 Shapes","floor":37.0,"turns":6.0},{"damage":23.0,"enemies":"Jaw Worm Horde","floor":38.0,"turns":6.0},{"damage":0,"enemies":"Spire Growth","floor":39,"turns":7},{"damage":0,"enemies":"Nemesis","floor":41,"turns":5},{"damage":20,"enemies":"Transient","floor":42,"turns":5},{"damage":2,"enemies":"Sphere and 2 Shapes","floor":45,"turns":9},{"damage":0,"enemies":"4 Shapes","floor":48,"turns":7},{"damage":9,"enemies":"Time Eater","floor":50,"turns":15}],"seed_played":"-6761996381815408239","potions_obtained":[{"floor":4.0,"key":"Ancient Potion"},{"floor":6.0,"key":"GamblersBrew"},{"floor":8.0,"key":"SteroidPotion"},{"floor":16.0,"key":"FearPotion"},{"floor":18.0,"key":"FearPotion"},{"floor":21.0,"key":"AttackPotion"},{"floor":30.0,"key":"Fire Potion"},{"floor":35.0,"key":"FearPotion"},{"floor":36.0,"key":"Ancient Potion"},{"floor":39,"key":"Block Potion"},{"floor":45,"key":"AttackPotion"}],"is_trial":false,"path_per_floor":["?","M","?","?","?","M","?","?","?","?","M"],"character_chosen":"THE_SILENT","items_purchased":["Glass Knife","Footwork","Accuracy","Dodge and Roll","EntropicBrew","OrangePellets","Accuracy","GhostInAJar"],"campfire_rested":5,"item_purchase_floors":[5,5,31,31,31,31,47,47],"current_hp_per_floor":[63,63,63,63,63,52,52,48,48,48,48,43,41,30,30,24,59,46,46,46,42,42,63,57,41,41,37,29,50,44,44,44,42,63,63,60,58,35,35,56,56,36,36,54,52,70,70,70,70,61],"gold":58,"neow_bonus":"HUNDRED_GOLD","is_prod":false,"is_daily":false,"chose_seed":false,"campfire_upgraded":4,"win_rate":0,"timestamp":1555251291,"path_taken":["M","?","?","M","$","E","R","E","T","R","?","E","M","?","R","BOSS","M","?","M","?","?","R","M","?","T","M","E","R","M","$","R","BOSS","M","?","M","M","M","R","E","M","T","?","?","R","$","M","R","BOSS"],"build_version":"2019-01-23","purchased_purges":2,"victory":true,"max_hp_per_floor":[70,70,70,70,70,70,70,70,70,70,70,70,70,70,70,70,70,70,70,70,70,70,70,70,70,70,70,70,70,70,70,70,70,70,70,70,70,70,70,70,70,70,70,70,70,70,70,70,70,70],"card_choices":[{"not_picked":["Backflip","Escape Plan"],"picked":"Flying Knee","floor":1.0},{"not_picked":["Sucker Punch","Flying Knee"],"picked":"Well Laid Plans","floor":3.0},{"not_picked":["Underhanded Strike","Backflip"],"picked":"Cloak And Dagger","floor":4.0},{"not_picked":["Sucker Punch","Underhanded Strike"],"picked":"Dagger Spray","floor":6.0},{"not_picked":["Blur","Reflex","Caltrops"],"picked":"SKIP","floor":8.0},{"not_picked":["Blade Dance","Acrobatics"],"picked":"Cloak And Dagger","floor":11.0},{"not_picked":["Cloak And Dagger","Escape Plan"],"picked":"After Image","floor":12.0},{"not_picked":["Acrobatics","Deflect"],"picked":"Leg Sweep","floor":13.0},{"not_picked":["Glass Knife","Burst"],"picked":"Malaise","floor":16.0},{"not_picked":["Well Laid Plans","Dash","Noxious Fumes+1"],"picked":"SKIP","floor":18.0},{"not_picked":["Sucker Punch","Bane+1","Slice+1"],"picked":"SKIP","floor":20.0},{"not_picked":["Well Laid Plans+1","Underhanded Strike","Dagger Throw"],"picked":"SKIP","floor":21.0},{"not_picked":["Concentrate","Well Laid Plans"],"picked":"Footwork","floor":23.0},{"not_picked":["Flying Knee","Underhanded Strike","Slice"],"picked":"SKIP","floor":24.0},{"not_picked":["Slice","Reflex","Caltrops"],"picked":"SKIP","floor":27.0},{"not_picked":["PiercingWail","Riddle With Holes"],"picked":"Leg Sweep+1","floor":28.0},{"not_picked":["Bouncing Flask","Deflect","Grand Finale"],"picked":"SKIP","floor":30.0},{"not_picked":["Burst","Corpse Explosion"],"picked":"Envenom","floor":33.0},{"not_picked":["Prepared","PiercingWail+1"],"picked":"Backflip+1","floor":35.0},{"not_picked":["Deadly Poison+1","Distraction+1","Dagger Throw"],"picked":"SKIP","floor":37.0},{"not_picked":["Endless Agony","Dagger Throw","Calculated Gamble"],"picked":"SKIP","floor":38.0},{"not_picked":["Flechettes","Footwork+1"],"picked":"Adrenaline","floor":39},{"not_picked":["Crippling Poison+1","Dash+1","Dagger Spray"],"picked":"SKIP","floor":41},{"not_picked":["Finisher+1","Flying Knee","Backflip"],"picked":"SKIP","floor":42},{"not_picked":["Flechettes+1","Underhanded Strike+1","Quick Slash+1"],"picked":"SKIP","floor":45},{"not_picked":["Grand Finale","Dodge and Roll+1","Endless Agony+1"],"picked":"SKIP","floor":48}],"player_experience":417172,"relics_obtained":[{"floor":6.0,"key":"Darkstone Periapt"},{"floor":8.0,"key":"Ancient Tea Set"},{"floor":9.0,"key":"Dream Catcher"},{"floor":11.0,"key":"Odd Mushroom"},{"floor":12.0,"key":"Omamori"},{"floor":25.0,"key":"Nilry\u0027s Codex"},{"floor":26.0,"key":"Whetstone"},{"floor":28.0,"key":"PreservedInsect"},{"floor":36.0,"key":"Calipers"},{"floor":41,"key":"The Specimen"},{"floor":43,"key":"Pen Nib"}],"event_choices":[{"damage_healed":0.0,"max_hp_gain":0.0,"max_hp_loss":0.0,"gold_gain":0.0,"event_name":"Accursed Blacksmith","player_choice":"Forge","floor":2.0,"gold_loss":0.0,"damage_taken":0.0,"cards_upgraded":["Neutralize"]},{"damage_healed":0.0,"max_hp_gain":0.0,"max_hp_loss":0.0,"gold_gain":0.0,"event_name":"Mushrooms","player_choice":"Fought Mushrooms","floor":11.0,"gold_loss":0.0,"damage_taken":0.0},{"damage_healed":0.0,"max_hp_gain":0.0,"max_hp_loss":0.0,"gold_gain":75.0,"event_name":"World of Goop","player_choice":"Gather Gold","floor":14.0,"gold_loss":0.0,"damage_taken":11.0},{"damage_healed":0.0,"max_hp_gain":0.0,"max_hp_loss":0.0,"gold_gain":0.0,"event_name":"Upgrade Shrine","player_choice":"Upgraded","floor":19.0,"gold_loss":0.0,"damage_taken":0.0,"cards_upgraded":["Cloak And Dagger"]},{"damage_healed":0.0,"max_hp_gain":0.0,"max_hp_loss":0.0,"gold_gain":0.0,"event_name":"Drug Dealer","player_choice":"Inject Mutagens","floor":22.0,"gold_loss":0.0,"damage_taken":0.0,"relics_obtained":["MutagenicStrength"]},{"damage_healed":0.0,"max_hp_gain":0.0,"max_hp_loss":0.0,"gold_gain":0.0,"event_name":"Cursed Tome","player_choice":"Obtained Book","floor":25.0,"gold_loss":0.0,"damage_taken":16.0},{"damage_healed":0.0,"max_hp_gain":0.0,"max_hp_loss":0.0,"gold_gain":0.0,"event_name":"Mysterious Sphere","player_choice":"Fight","floor":36.0,"gold_loss":0.0,"damage_taken":0.0},{"damage_healed":18,"gold_gain":0,"player_choice":"Writhe","damage_taken":0,"max_hp_gain":0,"max_hp_loss":0,"event_name":"Winding Halls","floor":44,"gold_loss":0,"cards_obtained":["Writhe"]}],"is_beta":false,"boss_relics":[{"not_picked":["Calling Bell","HoveringKite"],"picked":"Empty Cage"},{"not_picked":["Runic Dome","Snecko Eye"],"picked":"Fusion Hammer"}],"items_purged_floors":[31,47],"is_endless":false,"potions_floor_spawned":[4,6,8,16,18,21,30,35,36,39,45],"ascension_level":8}