{"gold_per_floor":[115,133,151,151,8,36,36,69,69,69,69,87,102,63,63,159,159,179,30,30,43,61,61,61,61,133,133,147,162,112,141,141,238,238,251,270,370,16,28,62,62,78,78,78,89,89,48,48,48,48],"floor_reached":51,"playtime":2229,"items_purged":["Strike_R","Strike_R"],"score":1178,"play_id":"fda026e7-f387-4e38-a52e-23a14f61bcda","local_time":"20190421003319","is_ascension_mode":true,"campfire_choices":[{"data":"Whirlwind","floor":7,"key":"SMITH"},{"data":"Spot Weakness","floor":11,"key":"SMITH"},{"floor":15,"key":"REST"},{"data":"Limit Break","floor":23,"key":"SMITH"},{"data":"Armaments","floor":25,"key":"SMITH"},{"floor":27,"key":"DIG"},{"floor":32,"key":"DIG"},{"floor":44,"key":"REST"},{"floor":46,"key":"DIG"},{"floor":49,"key":"DIG"}],"neow_cost":"NONE","seed_source_timestamp":702943288728700,"circlet_count":0,"master_deck":["AscendersBane","Strike_R","Strike_R","Defend_R","Defend_R","Defend_R","Defend_R","Bash","Spot Weakness+1","Metallicize","Whirlwind+1","Metallicize","Shockwave","Shrug It Off","Inflame","Limit Break+1","Armaments+1","Heavy Blade","Secret Weapon","Panacea","Dramatic Entrance","Infernal Blade"],"relics":["Burning Blood","Mercury Hourglass","Shovel","Gambling Chip","Busted Crown","Bronze Scales","Nloth\u0027s Gift","Blue Candle","Omamori","Bottled Lightning","Ancient Tea Set","Cursed Key","Calipers","Chemical X","Lantern","Bag of Preparation","Kunai","Charon\u0027s Ashes","Centennial Puzzle"],"potions_floor_usage":[6,12,16,31,33,50],"damage_taken":[{"damage":0,"enemies":"Cultist","floor":1,"turns":1},{"damage":0,"enemies":"2 Louse","floor":2,"turns":1},{"damage":0,"enemies":"Small Slimes","floor":3,"turns":1},{"damage":45,"enemies":"3 Sentries","floor":6,"turns":10},{"damage":33,"enemies":"Gremlin Nob","floor":8,"turns":4},{"damage":3,"enemies":"Red Slaver","floor":12,"turns":4},{"damage":9,"enemies":"Exordium Wildlife","floor":13,"turns":4},{"damage":22,"enemies":"Slime Boss","floor":16,"turns":7},{"damage":10,"enemies":"Spheric Guardian","floor":18,"turns":4},{"damage":0,"enemies":"Shell Parasite","floor":21,"turns":4},{"damage":12,"enemies":"Centurion and Healer","floor":22,"turns":4},{"damage":13,"enemies":"Chosen and Byrds","floor":28,"turns":5},{"damage":10,"enemies":"Shelled Parasite and Fungi","floor":29,"turns":4},{"damage":0,"enemies":"Gremlin Leader","floor":31,"turns":4},{"damage":15,"enemies":"Champ","floor":33,"turns":8},{"damage":14,"enemies":"3 Darklings","floor":35,"turns":2},{"damage":2,"enemies":"Orb Walker","floor":36,"turns":3},{"damage":3,"enemies":"Mind Bloom Boss Battle","floor":37,"turns":7},{"damage":23,"enemies":"Maw","floor":39,"turns":6},{"damage":22,"enemies":"Giant Head","floor":40,"turns":7},{"damage":22,"enemies":"Transient","floor":42,"turns":5},{"damage":29,"enemies":"4 Shapes","floor":45,"turns":3},{"damage":50,"enemies":"Donu and Deca","floor":50,"turns":5}],"seed_played":"-2607849496767931841","potions_obtained":[{"floor":1,"key":"BloodPotion"},{"floor":8,"key":"BloodPotion"},{"floor":13,"key":"Explosive Potion"},{"floor":16,"key":"Poison Potion"},{"floor":21,"key":"Dexterity Potion"},{"floor":28,"key":"Poison Potion"},{"floor":31,"key":"FairyPotion"},{"floor":37,"key":"GamblersBrew"}],"is_trial":false,"path_per_floor":["M","M","M","?","$","E","R","E","T","?","R","M","M","$","R","B",null,"M","$","?","M","M","R","?","R","T","R","M","M","$","E","R","B",null,"M","M","?","$","M","E","?","M","T","R","M","R","$","?","R","B",null],"character_chosen":"IRONCLAD","items_purchased":["Whirlwind","Inflame","Armaments","Heavy Blade","Chemical X","Lantern","Infernal Blade"],"campfire_rested":2,"item_purchase_floors":[5,14,19,30,38,38,47],"current_hp_per_floor":[78,80,80,85,85,54,54,27,27,27,27,38,35,35,60,44,75,71,71,71,77,71,71,71,71,71,71,64,60,60,66,66,57,78,70,74,77,77,60,44,34,18,18,43,20,20,20,74,74,30],"gold":48,"neow_bonus":"THREE_ENEMY_KILL","is_prod":false,"is_daily":false,"chose_seed":false,"campfire_upgraded":4,"win_rate":0,"timestamp":1555799599,"path_taken":["M","M","?","?","$","E","R","E","T","?","R","M","M","$","R","BOSS","M","?","?","M","?","R","?","R","T","R","M","M","$","E","R","BOSS","M","?","?","$","M","E","?","M","T","R","M","R","?","?","R","BOSS"],"build_version":"2019-01-23","purchased_purges":2,"victory":true,"max_hp_per_floor":[80,80,80,85,85,85,85,85,85,85,85,85,85,85,85,85,85,85,85,85,85,85,85,85,85,85,85,85,85,85,85,85,85,85,85,85,85,85,85,85,85,85,85,85,85,85,85,74,74,74],"card_choices":[{"not_picked":["Dropkick","Havoc"],"picked":"Spot Weakness","floor":1},{"not_picked":["Body Slam","Evolve"],"picked":"Metallicize","floor":2},{"not_picked":["Flex","Clash","Havoc"],"picked":"SKIP","floor":3},{"not_picked":["Carnage","Warcry","Dual Wield"],"picked":"SKIP","floor":6},{"not_picked":["Dropkick","Blood for Blood","Dual Wield"],"picked":"SKIP","floor":8},{"not_picked":["Havoc","Flex"],"picked":"Shockwave","floor":12},{"not_picked":["Combust","Flame Barrier"],"picked":"Shrug It Off","floor":13},{"not_picked":["Berserk","Brutality"],"picked":"Limit Break","floor":16},{"not_picked":["Sword Boomerang"],"picked":"SKIP","floor":18},{"not_picked":["Twin Strike"],"picked":"SKIP","floor":21},{"not_picked":["Dual Wield"],"picked":"SKIP","floor":22},{"not_picked":["Power Through"],"picked":"SKIP","floor":28},{"not_picked":["Dual Wield+1"],"picked":"SKIP","floor":29},{"not_picked":["Rampage"],"picked":"SKIP","floor":31},{"not_picked":["Shrug It Off"],"picked":"SKIP","floor":35},{"not_picked":["Immolate"],"picked":"SKIP","floor":36},{"not_picked":["Intimidate"],"picked":"SKIP","floor":39},{"not_picked":["Wild Strike"],"picked":"SKIP","floor":40},{"not_picked":[],"picked":"Secret Weapon","floor":41},{"not_picked":[],"picked":"Panacea","floor":41},{"not_picked":[],"picked":"Dramatic Entrance","floor":41},{"not_picked":["Havoc"],"picked":"SKIP","floor":42},{"not_picked":["Sword Boomerang"],"picked":"SKIP","floor":45}],"player_experience":241116,"relics_obtained":[{"floor":6,"key":"Mercury Hourglass"},{"floor":8,"key":"Shovel"},{"floor":9,"key":"Gambling Chip"},{"floor":26,"key":"Blue Candle"},{"floor":27,"key":"Omamori"},{"floor":31,"key":"Bottled Lightning"},{"floor":32,"key":"Ancient Tea Set"},{"floor":37,"key":"Calipers"},{"floor":40,"key":"Bag of Preparation"},{"floor":43,"key":"Kunai"},{"floor":46,"key":"Charon\u0027s Ashes"},{"floor":49,"key":"Centennial Puzzle"}],"event_choices":[{"damage_healed":0,"gold_gain":0,"player_choice":"Donut","damage_taken":0,"max_hp_gain":5,"max_hp_loss":0,"event_name":"Big Fish","floor":4,"gold_loss":0},{"damage_healed":0,"gold_gain":0,"cards_transformed":["Strike_R"],"player_choice":"Transformed","damage_taken":0,"max_hp_gain":0,"max_hp_loss":0,"event_name":"Transmorgrifier","floor":10,"gold_loss":0,"cards_obtained":["Metallicize"]},{"damage_healed":0,"gold_gain":0,"player_choice":"Gave Potion","damage_taken":0,"relics_obtained":["Bronze Scales"],"max_hp_gain":0,"max_hp_loss":0,"event_name":"WeMeetAgain","floor":20,"gold_loss":0},{"damage_healed":0,"gold_gain":0,"player_choice":"Traded Relic","damage_taken":0,"relics_obtained":["Nloth\u0027s Gift"],"max_hp_gain":0,"max_hp_loss":0,"event_name":"N\u0027loth","floor":24,"relics_lost":["NeowsBlessing"],"gold_loss":0},{"damage_healed":0,"gold_gain":0,"player_choice":"Fight","damage_taken":0,"max_hp_gain":0,"max_hp_loss":0,"event_name":"MindBloom","floor":37,"gold_loss":0},{"damage_healed":0,"gold_gain":0,"player_choice":"Memory 3","damage_taken":10,"max_hp_gain":0,"max_hp_loss":0,"event_name":"SensoryStone","floor":41,"gold_loss":0},{"damage_healed":74,"gold_gain":0,"player_choice":"Heal","damage_taken":0,"max_hp_gain":0,"max_hp_loss":11,"event_name":"The Moai Head","floor":48,"gold_loss":0}],"is_beta":false,"boss_relics":[{"not_picked":["Pandora\u0027s Box","Runic Dome"],"picked":"Busted Crown"},{"not_picked":["Lizard Tail","Velvet Choker"],"picked":"Cursed Key"}],"items_purged_floors":[5,19],"is_endless":false,"potions_floor_spawned":[1,8,13,16,21,28,31,37,40],"ascension_level":12}