{"path_per_floor":["M","?","M","M","T","R","M","R","T","R","M","$","M","M","R","B",null,"M","T","M"],"character_chosen":"IRONCLAD","items_purchased":["Bronze Scales","True Grit"],"gold_per_floor":[139,139,159,174,174,174,186,186,235,235,255,9,29,49,49,149,149,160,230,248],"floor_reached":21,"campfire_rested":0,"playtime":849,"current_hp_per_floor":[76,76,71,67,67,67,66,66,66,66,54,54,60,57,57,13,61,55,55,38],"items_purged":["Defend_R"],"gold":248,"score":260,"play_id":"131f5c6d-5287-4908-b227-f61e9d85a367","is_prod":false,"is_daily":false,"is_ascension_mode":true,"campfire_upgraded":4,"path_taken":["M","?","M","?","?","R","M","R","T","R","?","?","M","M","R","BOSS","M","?","M","M"],"build_version":"2018-02-08-PROD1","purchased_purges":1,"victory":false,"master_deck":["Strike_R","Strike_R","Strike_R","Strike_R","Strike_R","Defend_R+1","Defend_R","Defend_R+1","Bash+1","Body Slam+1","Shrug It Off+1","Headbutt","True Grit+1","Headbutt","Double Tap","Shrug It Off","Bloodletting"],"max_hp_per_floor":[80,77,77,77,77,77,77,77,77,77,77,77,77,77,77,77,77,77,77,77],"relics":["Burning Blood","Tiny Chest","Regal Pillow","War Paint","Bronze Scales","Lizard Tail","Frozen Egg 2"],"card_choices":[{"not_picked":["Seeing Red","True Grit"],"picked":"Body Slam"},{"not_picked":["Clothesline","Iron Wave"],"picked":"Shrug It Off"},{"not_picked":["Demon Form","Perfected Strike"],"picked":"Headbutt"},{"not_picked":["Searing Blow","Thunderclap"],"picked":"Headbutt"},{"not_picked":["Bludgeon","Limit Break"],"picked":"Double Tap"},{"not_picked":["Flex","Pommel Strike"],"picked":"Shrug It Off"},{"not_picked":["Pommel Strike","Second Wind"],"picked":"Bloodletting"}],"player_experience":332525,"potions_floor_usage":[16,20],"damage_taken":[{"damage":2.0,"enemies":"Small Slimes","floor":1.0,"turns":5.0},{"damage":11,"enemies":"Blue Slaver","floor":3,"turns":6},{"damage":10,"enemies":"2 Louse","floor":4,"turns":4},{"damage":7,"enemies":"Gremlin Gang","floor":7,"turns":8},{"damage":18,"enemies":"Exordium Thugs","floor":11,"turns":5},{"damage":0,"enemies":"Red Slaver","floor":13,"turns":3},{"damage":9,"enemies":"2 Fungi Beasts","floor":14,"turns":3},{"damage":50,"enemies":"Slime Boss","floor":16,"turns":9},{"damage":12,"enemies":"3 Byrds","floor":18,"turns":2},{"damage":23,"enemies":"Shell Parasite","floor":20,"turns":6},{"damage":45,"enemies":"Cultist and Chosen","floor":21,"turns":10}],"event_choices":[{"event_name":"Purifier","player_choice":"One Purge","floor":2,"damage_taken":0}],"boss_relics":[{"not_picked":["Runic Dome","Astrolabe"],"picked":"Lizard Tail"}],"potions_floor_spawned":[1,7,11],"seed_played":"-8331666700017361708","killed_by":"Cultist and Chosen","ascension_level":10,"is_trial":false}