{"gold_per_floor":[359,370,385,50,61,61,14,44,67,142,213,213,241,253,253,348,348,365,124,124,524,535,535,36,36,36,36,36],"floor_reached":28,"playtime":948,"items_purged":[],"score":319,"play_id":"1ccb20da-d896-46ef-8ef8-853b167f51f4","local_time":"20190403221647","is_ascension_mode":true,"campfire_choices":[{"data":"Bash","floor":6,"key":"SMITH"},{"data":"Disarm","floor":15,"key":"SMITH"},{"data":"Ghostly","floor":23,"key":"SMITH"},{"data":"Ghostly","floor":25,"key":"SMITH"}],"neow_cost":"TEN_PERCENT_HP_LOSS","seed_source_timestamp":329487864367181,"circlet_count":0,"master_deck":["Strike_R","Strike_R","Strike_R+1","Defend_R","Defend_R","Defend_R","Bash+1","Burning Pact","Inflame","Thunderclap","Headbutt","Fiend Fire","Disarm+1","Feed+1","Sword Boomerang+1","Juggernaut+1","Warcry+1","Flame Barrier+1","Inflame","Shrug It Off","Ghostly+1","Ghostly+1","Ghostly","Ghostly","Ghostly","Corruption+1","Shrug It Off","Dual Wield"],"relics":["Burning Blood","Paper Frog","Pen Nib","Lantern","Vajra","Astrolabe","Whetstone","Old Coin","Letter Opener","Meat on the Bone","OrangePellets","PreservedInsect","Dodecahedron"],"potions_floor_usage":[18,21,21],"damage_taken":[{"damage":18,"enemies":"Small Slimes","floor":1,"turns":4},{"damage":0,"enemies":"Cultist","floor":2,"turns":2},{"damage":12,"enemies":"Jaw Worm","floor":3,"turns":2},{"damage":10,"enemies":"Large Slime","floor":5,"turns":5},{"damage":29,"enemies":"Gremlin Nob","floor":8,"turns":4},{"damage":30,"enemies":"Lagavulin","floor":13,"turns":6},{"damage":21,"enemies":"Lots of Slimes","floor":14,"turns":4},{"damage":7,"enemies":"Hexaghost","floor":16,"turns":7},{"damage":14,"enemies":"3 Byrds","floor":18,"turns":5},{"damage":11,"enemies":"Colosseum Slavers","floor":21,"turns":9},{"damage":9,"enemies":"Colosseum Nobs","floor":21,"turns":6},{"damage":22,"enemies":"Spheric Guardian","floor":22,"turns":6},{"damage":20,"enemies":"Slavers","floor":28,"turns":1}],"seed_played":"-8237825174656968289","potions_obtained":[{"floor":1,"key":"Poison Potion"},{"floor":3,"key":"SpeedPotion"},{"floor":16,"key":"BloodPotion"},{"floor":18,"key":"BloodPotion"}],"is_trial":false,"path_per_floor":["M","M","M","$","M","R","$","E","T","?","?","?","E","M","R","B",null,"M","$","?","?","M","R","$","R","T","?","E"],"character_chosen":"IRONCLAD","items_purchased":["Inflame","Paper Frog","Headbutt","Inflame","Shrug It Off","Whetstone","Meat on the Bone","OrangePellets","Dual Wield"],"campfire_rested":0,"item_purchase_floors":[4,4,7,19,19,19,24,24,24],"current_hp_per_floor":[60,66,60,60,56,56,56,33,33,22,22,72,48,33,33,32,72,74,74,37,36,20,20,20,20,20,20,0],"gold":36,"neow_bonus":"TWO_FIFTY_GOLD","is_prod":false,"is_daily":false,"chose_seed":false,"campfire_upgraded":4,"win_rate":0,"timestamp":1554322607,"path_taken":["M","M","M","$","M","R","$","E","T","?","?","?","E","M","R","BOSS","M","$","?","?","M","R","$","R","T","?","E"],"build_version":"2019-01-23","purchased_purges":0,"victory":false,"max_hp_per_floor":[72,72,72,72,72,72,72,72,72,72,72,72,72,72,72,72,72,75,75,37,41,41,41,41,41,41,41,41],"card_choices":[{"not_picked":["Searing Blow","Havoc"],"picked":"Seeing Red","floor":1},{"not_picked":["Flex","Body Slam","True Grit"],"picked":"SKIP","floor":2},{"not_picked":["Seeing Red","Iron Wave"],"picked":"Burning Pact","floor":3},{"not_picked":["Iron Wave","Reckless Charge"],"picked":"Thunderclap","floor":5},{"not_picked":["Rupture","Headbutt","Clash"],"picked":"SKIP","floor":8},{"not_picked":["Flex","Ghostly Armor"],"picked":"Fiend Fire","floor":13},{"not_picked":["Wild Strike","Warcry"],"picked":"Disarm","floor":14},{"not_picked":["Offering","Dark Embrace"],"picked":"Feed","floor":16},{"not_picked":["Sword Boomerang","Pommel Strike"],"picked":"Flame Barrier+1","floor":18},{"not_picked":["Reckless Charge","Feel No Pain+1"],"picked":"Corruption+1","floor":21},{"not_picked":["Infernal Blade","Wild Strike+1"],"picked":"Shrug It Off","floor":22}],"player_experience":238360,"relics_obtained":[{"floor":8,"key":"Pen Nib"},{"floor":9,"key":"Lantern"},{"floor":13,"key":"Vajra"},{"floor":21,"key":"Old Coin"},{"floor":21,"key":"Letter Opener"},{"floor":26,"key":"PreservedInsect"}],"event_choices":[{"damage_healed":0,"gold_gain":75,"player_choice":"Gather Gold","damage_taken":11,"max_hp_gain":0,"max_hp_loss":0,"event_name":"World of Goop","floor":10,"gold_loss":0},{"damage_healed":0,"gold_gain":71,"player_choice":"Gained Gold","damage_taken":0,"max_hp_gain":0,"max_hp_loss":0,"event_name":"Golden Wing","floor":11,"gold_loss":0},{"cards_removed":["Seeing Red"],"damage_healed":50,"gold_gain":0,"player_choice":"Offered Uncommon","damage_taken":0,"max_hp_gain":0,"max_hp_loss":0,"event_name":"Bonfire Elementals","floor":12,"gold_loss":0},{"damage_healed":0,"gold_gain":0,"player_choice":"Became a Ghost","damage_taken":0,"max_hp_gain":0,"max_hp_loss":38,"event_name":"Ghosts","floor":20,"gold_loss":0,"cards_obtained":["Ghostly","Ghostly","Ghostly","Ghostly","Ghostly"]},{"damage_healed":0,"gold_gain":0,"player_choice":"Fight","damage_taken":0,"max_hp_gain":0,"max_hp_loss":0,"event_name":"Colosseum","floor":21,"gold_loss":0},{"damage_healed":0,"gold_gain":0,"player_choice":"Fought Nobs","damage_taken":0,"max_hp_gain":0,"max_hp_loss":0,"event_name":"Colosseum","floor":21,"gold_loss":0},{"damage_healed":0,"gold_gain":0,"player_choice":"Gave Potion","damage_taken":0,"relics_obtained":["Dodecahedron"],"max_hp_gain":0,"max_hp_loss":0,"event_name":"WeMeetAgain","floor":27,"gold_loss":0}],"is_beta":false,"boss_relics":[{"not_picked":["Pandora\u0027s Box","Runic Cube"],"picked":"Astrolabe"}],"items_purged_floors":[],"is_endless":false,"potions_floor_spawned":[1,3,16,18],"killed_by":"Slavers","ascension_level":4}