{"gold_per_floor":[211,15,28,41,59,59,86,86,86,86,101,101],"floor_reached":12,"playtime":408,"items_purged":["Strike_B"],"score":124,"play_id":"40f05fa1-758f-4d63-805f-bd7fd4a65f3b","local_time":"20181209114119","is_ascension_mode":true,"campfire_choices":[{"data":"Go for the Eyes","floor":6,"key":"SMITH"},{"data":"Hologram","floor":8,"key":"SMITH"}],"neow_cost":"NONE","seed_source_timestamp":261105824577240,"circlet_count":0,"master_deck":["AscendersBane","Strike_B","Strike_B","Strike_B","Defend_B","Defend_B","Defend_B","Defend_B","Zap","Dualcast","Gash","Gash","Go for the Eyes+1","Leap","BootSequence","Steam","Hologram+1","Parasite"],"relics":["Cracked Core","Dream Catcher","Mercury Hourglass"],"potions_floor_usage":[],"damage_taken":[{"damage":0,"enemies":"Cultist","floor":1,"turns":3},{"damage":0,"enemies":"Small Slimes","floor":3,"turns":3},{"damage":0,"enemies":"Jaw Worm","floor":4,"turns":3},{"damage":13,"enemies":"Lots of Slimes","floor":5,"turns":5},{"damage":37,"enemies":"3 Sentries","floor":7,"turns":9},{"damage":30,"enemies":"Gremlin Gang","floor":11,"turns":4},{"damage":10,"enemies":"Lagavulin","floor":12,"turns":3}],"seed_played":"6203368320336072099","potions_obtained":[{"floor":5,"key":"Energy Potion"},{"floor":11,"key":"GamblersBrew"}],"is_trial":false,"path_per_floor":["M","$","M","M","M","R","E","R","T","?","M","E"],"character_chosen":"DEFECT","items_purchased":["Gash","Go for the Eyes","Leap"],"campfire_rested":0,"item_purchase_floors":[2,2,2],"current_hp_per_floor":[68,68,68,68,55,55,18,18,18,36,6,0],"gold":101,"neow_bonus":"HUNDRED_GOLD","is_prod":false,"is_daily":false,"chose_seed":false,"campfire_upgraded":2,"win_rate":0,"timestamp":1544335879,"path_taken":["M","$","M","?","M","R","E","R","T","?","M","E"],"build_version":"2018-12-06","purchased_purges":1,"victory":false,"max_hp_per_floor":[75,75,75,75,75,75,75,75,75,75,75,75],"card_choices":[{"not_picked":["Darkness","Redo"],"picked":"Gash","floor":1},{"not_picked":["Chaos","Go for the Eyes"],"picked":"BootSequence","floor":3},{"not_picked":["Sweeping Beam","Go for the Eyes","Self Repair"],"picked":"SKIP","floor":4},{"not_picked":["Reprogram","Leap"],"picked":"Steam","floor":5},{"not_picked":["Recycle","Streamline"],"picked":"Hologram","floor":7},{"not_picked":["Ball Lightning","Barrage","Steam"],"picked":"SKIP","floor":11}],"player_experience":878724,"relics_obtained":[{"floor":7,"key":"Dream Catcher"},{"floor":9,"key":"Mercury Hourglass"}],"event_choices":[{"damage_healed":18,"gold_gain":0,"player_choice":"Healed and dodged fight","damage_taken":0,"max_hp_gain":0,"max_hp_loss":0,"event_name":"Mushrooms","floor":10,"gold_loss":0,"cards_obtained":["Parasite"]}],"is_beta":true,"boss_relics":[],"items_purged_floors":[2],"is_endless":false,"potions_floor_spawned":[5,11],"killed_by":"Lagavulin","ascension_level":11}