{"gold_per_floor":[215,215,10,24,41,73,83,83,83,93,112,144,144,159,159,256,256,275,190,207,64,64,64,82,82,154,166,166,185,201,218,218,318,318,331,331,34,44,56,56,69,69,69,98,128,140,179,201,213,225,237,249,44,79,79],"floor_reached":55,"playtime":2714,"items_purged":["Strike_R"],"score":690,"play_id":"00b63c68-f725-40d0-a450-b608a33593a1","local_time":"20190421125557","is_ascension_mode":false,"campfire_choices":[{"data":"Uppercut","floor":8,"key":"SMITH"},{"data":"Armaments","floor":13,"key":"SMITH"},{"data":"Metallicize","floor":15,"key":"SMITH"},{"data":"Shockwave","floor":23,"key":"SMITH"},{"data":"True Grit","floor":25,"key":"SMITH"},{"data":"Impervious","floor":32,"key":"SMITH"},{"data":"Whirlwind","floor":40,"key":"SMITH"},{"floor":42,"key":"RECALL"},{"data":"Heavy Blade","floor":46,"key":"SMITH"},{"floor":49,"key":"REST"},{"data":"Dark Shackles","floor":52,"key":"SMITH"}],"neow_cost":"NONE","seed_source_timestamp":747026389886200,"circlet_count":0,"master_deck":["Strike_R+1","Strike_R+1","Strike_R","Strike_R","Defend_R","Defend_R","Defend_R","Defend_R","Bash+1","Metallicize+1","Uppercut+1","Twin Strike","Armaments+1","Impervious+1","Iron Wave","True Grit+1","Whirlwind+1","Shockwave+1","Armaments+1","Metallicize+1","Heavy Blade+1","Feel No Pain+1","Demon Form+1","Feel No Pain+1","Barricade+1","Master of Strategy","The Bomb","Dark Shackles+1","Shrug It Off+1","Flame Barrier+1","Infernal Blade","Dark Embrace+1"],"relics":["Burning Blood","Brimstone","Self Forming Clay","Du-Vu Doll","Snecko Eye","Frozen Egg 2","Bottled Lightning","Sozu","Bronze Scales","Whetstone","Art of War","MawBank","Juzu Bracelet","Magic Flower"],"potions_floor_usage":[11,16,30,33,55,55],"damage_taken":[{"damage":3,"enemies":"Small Slimes","floor":1,"turns":4},{"damage":0,"enemies":"Cultist","floor":4,"turns":3},{"damage":4,"enemies":"Jaw Worm","floor":5,"turns":3},{"damage":12,"enemies":"Gremlin Nob","floor":6,"turns":4},{"damage":8,"enemies":"3 Louse","floor":7,"turns":3},{"damage":12,"enemies":"Lots of Slimes","floor":10,"turns":3},{"damage":0,"enemies":"Blue Slaver","floor":11,"turns":2},{"damage":8,"enemies":"Lagavulin","floor":12,"turns":5},{"damage":0,"enemies":"2 Fungi Beasts","floor":14,"turns":3},{"damage":38,"enemies":"Hexaghost","floor":16,"turns":6},{"damage":0,"enemies":"Spheric Guardian","floor":18,"turns":3},{"damage":2,"enemies":"3 Byrds","floor":20,"turns":5},{"damage":21,"enemies":"Centurion and Healer","floor":24,"turns":5},{"damage":15,"enemies":"Sentry and Sphere","floor":27,"turns":4},{"damage":0,"enemies":"Cultist and Chosen","floor":29,"turns":3},{"damage":8,"enemies":"Shelled Parasite and Fungi","floor":30,"turns":4},{"damage":0,"enemies":"Snake Plant","floor":31,"turns":3},{"damage":13,"enemies":"Champ","floor":33,"turns":8},{"damage":3,"enemies":"Orb Walker","floor":35,"turns":3},{"damage":10,"enemies":"3 Shapes","floor":38,"turns":3},{"damage":2,"enemies":"3 Darklings","floor":39,"turns":4},{"damage":0,"enemies":"Spire Growth","floor":41,"turns":5},{"damage":37,"enemies":"Reptomancer","floor":44,"turns":6},{"damage":6,"enemies":"Writhing Mass","floor":45,"turns":4},{"damage":2,"enemies":"Sphere and 2 Shapes","floor":48,"turns":4},{"damage":47,"enemies":"Awakened One","floor":50,"turns":8},{"damage":24,"enemies":"Shield and Spear","floor":54,"turns":5},{"damage":73,"enemies":"The Heart","floor":55,"turns":6}],"seed_played":"-6786679945391695760","potions_obtained":[{"floor":5,"key":"AttackPotion"},{"floor":7,"key":"SteroidPotion"},{"floor":10,"key":"AttackPotion"},{"floor":12,"key":"Strength Potion"},{"floor":18,"key":"SkillPotion"},{"floor":30,"key":"Fruit Juice"},{"floor":31,"key":"Strength Potion"}],"is_trial":false,"path_per_floor":["M","?","$","M","M","E","M","R","T","M","M","E","R","M","R","B",null,"M","?","M","$","?","R","M","R","T","M","?","M","M","M","R","B",null,"M","?","$","M","M","R","M","R","T","E","M","R","T","M","R","B",null,"R","$","E","B"],"character_chosen":"IRONCLAD","items_purchased":["Brimstone","Whirlwind","Shockwave","Bronze Scales","Whetstone","Dark Embrace+1"],"campfire_rested":1,"item_purchase_floors":[3,21,21,37,37,53],"current_hp_per_floor":[80,80,80,80,80,74,72,72,72,66,72,70,70,76,76,44,80,80,80,80,80,80,80,65,65,65,56,41,47,50,56,56,49,90,90,80,80,76,80,80,86,86,86,55,55,55,55,59,86,45,90,90,90,72,0],"gold":79,"neow_bonus":"HUNDRED_GOLD","is_prod":false,"is_daily":false,"chose_seed":false,"campfire_upgraded":9,"win_rate":0,"timestamp":1555844157,"path_taken":["M","?","$","M","M","E","M","R","T","M","M","E","R","?","R","BOSS","M","?","M","$","?","R","M","R","T","?","?","M","M","M","R","BOSS","M","?","$","M","M","R","M","R","T","E","M","R","?","M","R","BOSS","R","$","E","BOSS"],"build_version":"2019-01-23","purchased_purges":1,"victory":false,"max_hp_per_floor":[80,80,80,80,80,80,80,80,80,80,80,80,80,80,80,80,80,80,80,80,80,80,80,80,80,80,80,85,85,90,90,90,90,90,90,90,90,90,90,90,90,90,90,90,90,90,90,90,90,90,90,90,90,90,90],"card_choices":[{"not_picked":["Havoc","Sword Boomerang"],"picked":"Metallicize","floor":1},{"not_picked":["Warcry","Flex","Fire Breathing"],"picked":"SKIP","floor":4},{"not_picked":["True Grit","Headbutt"],"picked":"Uppercut","floor":5},{"not_picked":["Brutality","Sentinel"],"picked":"Twin Strike","floor":6},{"not_picked":["Entrench","Clothesline","Bloodletting"],"picked":"SKIP","floor":7},{"not_picked":["Rage","Clothesline","Perfected Strike"],"picked":"SKIP","floor":10},{"not_picked":["Clothesline","Clash"],"picked":"Armaments","floor":11},{"not_picked":["Anger","Hemokinesis","Headbutt"],"picked":"SKIP","floor":12},{"not_picked":["Armaments","Headbutt","Anger"],"picked":"SKIP","floor":14},{"not_picked":["Brutality","Dark Embrace"],"picked":"Impervious","floor":16},{"not_picked":["Sword Boomerang","Pummel"],"picked":"Iron Wave","floor":18},{"not_picked":["Wild Strike","Ghostly Armor+1"],"picked":"True Grit","floor":20},{"not_picked":["Entrench","Reckless Charge"],"picked":"Metallicize+1","floor":24},{"not_picked":["Sword Boomerang","Flame Barrier"],"picked":"Heavy Blade","floor":27},{"not_picked":["Cleave","Flex"],"picked":"Feel No Pain+1","floor":29},{"not_picked":["Blood for Blood+1","Metallicize+1"],"picked":"Demon Form+1","floor":30},{"not_picked":["Warcry+1","Thunderclap+1"],"picked":"Feel No Pain+1","floor":31},{"not_picked":["Dark Embrace+1","Feed"],"picked":"Barricade+1","floor":33},{"not_picked":["Perfected Strike","Heavy Blade+1","Cleave"],"picked":"SKIP","floor":35},{"not_picked":["Flash of Steel","Dark Shackles"],"picked":"Master of Strategy","floor":36},{"not_picked":["HandOfGreed","Bandage Up"],"picked":"The Bomb","floor":36},{"not_picked":["Swift Strike","Impatience"],"picked":"Dark Shackles","floor":36},{"not_picked":["Corruption+1","Flex","Warcry+1"],"picked":"SKIP","floor":38},{"not_picked":["Pommel Strike","Flex"],"picked":"Shrug It Off+1","floor":39},{"not_picked":["Thunderclap+1","Havoc+1","Clothesline+1"],"picked":"SKIP","floor":41},{"not_picked":["Perfected Strike+1","Inflame+1"],"picked":"Flame Barrier+1","floor":44},{"not_picked":["Armaments+1","True Grit+1"],"picked":"Infernal Blade","floor":45},{"not_picked":["Pummel","Sword Boomerang","Warcry+1"],"picked":"SKIP","floor":48},{"not_picked":["Thunderclap+1","Shrug It Off","Anger"],"picked":"SKIP","floor":54}],"player_experience":246483,"relics_obtained":[{"floor":6,"key":"Self Forming Clay"},{"floor":12,"key":"Du-Vu Doll"},{"floor":26,"key":"Bottled Lightning"},{"floor":43,"key":"Art of War"},{"floor":44,"key":"MawBank"},{"floor":47,"key":"Juzu Bracelet"},{"floor":54,"key":"Magic Flower"}],"event_choices":[{"damage_healed":0,"gold_gain":0,"player_choice":"Upgraded","damage_taken":0,"max_hp_gain":0,"max_hp_loss":0,"event_name":"Upgrade Shrine","floor":2,"gold_loss":0,"cards_upgraded":["Bash"]},{"damage_healed":0,"gold_gain":0,"player_choice":"Obtained Relic","damage_taken":0,"relics_obtained":["Frozen Egg 2"],"max_hp_gain":0,"max_hp_loss":0,"event_name":"Addict","floor":19,"gold_loss":85},{"damage_healed":0,"gold_gain":0,"player_choice":"Copied","damage_taken":0,"max_hp_gain":0,"max_hp_loss":0,"event_name":"Duplicator","floor":22,"gold_loss":0,"cards_obtained":["Armaments"]},{"damage_healed":0,"gold_gain":0,"player_choice":"Shed Blood","damage_taken":20,"max_hp_gain":5,"max_hp_loss":0,"event_name":"Forgotten Altar","floor":28,"gold_loss":0},{"damage_healed":0,"gold_gain":0,"player_choice":"Memory 3","damage_taken":10,"max_hp_gain":0,"max_hp_loss":0,"event_name":"SensoryStone","floor":36,"gold_loss":0}],"is_beta":false,"boss_relics":[{"not_picked":["Busted Crown","Mark of Pain"],"picked":"Snecko Eye"},{"not_picked":["Black Star","Pandora\u0027s Box"],"picked":"Sozu"}],"items_purged_floors":[53],"is_endless":false,"potions_floor_spawned":[5,7,10,12,18,27,30,31,35,39,45],"killed_by":"The Heart","ascension_level":0}