{"gold_per_floor":[117,117,132,82,98,130,147,175,175,187,215,215,243,3,3,3],"floor_reached":16,"playtime":1531,"items_purged":["Strike_R"],"score":143,"play_id":"5d2cb77f-7ebc-45f7-ba10-7443518bbb6b","local_time":"20190406231029","is_ascension_mode":true,"campfire_choices":[{"data":"True Grit","floor":12,"key":"SMITH"},{"data":"Warcry","floor":15,"key":"SMITH"}],"neow_cost":"NONE","seed_source_timestamp":352604304763100,"circlet_count":0,"master_deck":["Strike_R","Strike_R","Defend_R","Defend_R","Defend_R","Defend_R","Bash","Warcry+1","Feel No Pain","True Grit+1","Shockwave","Feel No Pain","Wild Strike","Pommel Strike","Rage"],"relics":["Busted Crown","Matryoshka","Self Forming Clay","Oddly Smooth Stone","Torii","PreservedInsect","Centennial Puzzle","Membership Card"],"potions_floor_usage":[6,8,11],"damage_taken":[{"damage":4,"enemies":"2 Louse","floor":1,"turns":2},{"damage":11,"enemies":"Small Slimes","floor":3,"turns":4},{"damage":2,"enemies":"Jaw Worm","floor":5,"turns":5},{"damage":8,"enemies":"3 Sentries","floor":6,"turns":12},{"damage":4,"enemies":"3 Louse","floor":7,"turns":3},{"damage":2,"enemies":"Lagavulin","floor":8,"turns":9},{"damage":6,"enemies":"2 Fungi Beasts","floor":10,"turns":4},{"damage":6,"enemies":"Gremlin Nob","floor":11,"turns":4},{"damage":6,"enemies":"3 Sentries","floor":13,"turns":8},{"damage":24,"enemies":"The Guardian","floor":16,"turns":15}],"seed_played":"7618004644577690634","potions_obtained":[{"floor":5,"key":"Strength Potion"},{"floor":7,"key":"EssenceOfSteel"},{"floor":8,"key":"Poison Potion"}],"is_trial":false,"path_per_floor":["M","?","M","?","M","E","M","E","T","M","E","R","E","$","R","B"],"character_chosen":"IRONCLAD","items_purchased":["Membership Card"],"campfire_rested":0,"item_purchase_floors":[14],"current_hp_per_floor":[76,69,58,58,56,48,44,42,42,36,30,30,24,24,24,0],"gold":3,"neow_bonus":"BOSS_RELIC","is_prod":false,"is_daily":false,"chose_seed":false,"campfire_upgraded":2,"win_rate":0,"timestamp":1554606629,"path_taken":["M","?","M","?","M","E","M","E","T","M","E","R","E","$","R","BOSS"],"build_version":"2019-01-23","purchased_purges":1,"victory":false,"max_hp_per_floor":[80,80,80,80,80,80,80,80,80,80,80,80,80,80,80,80],"card_choices":[{"not_picked":[],"picked":"Warcry","floor":1},{"not_picked":[],"picked":"Feel No Pain","floor":3},{"not_picked":[],"picked":"True Grit","floor":5},{"not_picked":[],"picked":"Shockwave","floor":6},{"not_picked":[],"picked":"Feel No Pain","floor":7},{"not_picked":[],"picked":"Wild Strike","floor":8},{"not_picked":[],"picked":"Pommel Strike","floor":10},{"not_picked":[],"picked":"Rage","floor":11},{"not_picked":["Rupture"],"picked":"SKIP","floor":13}],"player_experience":123703,"relics_obtained":[{"floor":6,"key":"Matryoshka"},{"floor":8,"key":"Self Forming Clay"},{"floor":9,"key":"Oddly Smooth Stone"},{"floor":9,"key":"Torii"},{"floor":11,"key":"PreservedInsect"},{"floor":13,"key":"Centennial Puzzle"}],"event_choices":[{"cards_removed":["Strike_R"],"damage_healed":0,"gold_gain":0,"player_choice":"Card Removal","damage_taken":7,"max_hp_gain":0,"max_hp_loss":0,"event_name":"Golden Wing","floor":2,"gold_loss":0},{"cards_removed":["Strike_R"],"damage_healed":0,"gold_gain":0,"player_choice":"Card Removal","damage_taken":0,"max_hp_gain":0,"max_hp_loss":0,"event_name":"The Cleric","floor":4,"gold_loss":50}],"is_beta":false,"boss_relics":[],"items_purged_floors":[14],"is_endless":false,"potions_floor_spawned":[5,7,8],"killed_by":"The Guardian","ascension_level":2}