{"gold_per_floor":[118,94,94,109,109,138,138,231,257,272,307,1,1,25,25,25],"floor_reached":16,"playtime":708,"items_purged":[],"score":214,"play_id":"fbc2ffc1-2438-4d3a-b7c6-5beff7136e72","local_time":"20190226210238","is_ascension_mode":true,"campfire_choices":[{"floor":7.0,"key":"REST"},{"floor":15.0,"key":"REST"}],"neow_cost":"NONE","seed_source_timestamp":354802428481147,"circlet_count":0,"master_deck":["AscendersBane","Strike_B","Strike_B","Strike_B","Strike_B","Defend_B","Defend_B","Defend_B","Zap+1","Dualcast","Auto Shields","Hologram","Cold Snap","Defragment"],"special_seed":0,"relics":["Cracked Core","Mango","Singing Bowl","Tiny Chest","Strawberry","Calipers","Torii","Golden Idol"],"potions_floor_usage":[16,16,16],"damage_taken":[{"damage":2.0,"enemies":"2 Louse","floor":1.0,"turns":3.0},{"damage":0.0,"enemies":"Jaw Worm","floor":4.0,"turns":3.0},{"damage":11.0,"enemies":"3 Sentries","floor":6.0,"turns":9.0},{"damage":29.0,"enemies":"Lagavulin Event","floor":8.0,"turns":6.0},{"damage":0.0,"enemies":"Cultist","floor":10.0,"turns":3.0},{"damage":21.0,"enemies":"Gremlin Nob","floor":11.0,"turns":4.0},{"damage":1.0,"enemies":"Exordium Wildlife","floor":14.0,"turns":5.0},{"damage":59,"enemies":"Hexaghost","floor":16,"turns":16}],"seed_played":"631472544286668954","potions_obtained":[{"floor":1.0,"key":"Explosive Potion"},{"floor":10.0,"key":"SteroidPotion"},{"floor":14.0,"key":"EntropicBrew"}],"is_trial":false,"path_per_floor":["M","$","?","M","?","E","R","?","T","M","E","$","?","M","R","B"],"character_chosen":"DEFECT","items_purchased":["Hologram","Torii"],"campfire_rested":2,"item_purchase_floors":[2,12],"current_hp_per_floor":[62,62,55,55,34,25,51,24,31,31,12,12,12,13,40,0],"gold":25,"neow_bonus":"UPGRADE_CARD","is_prod":false,"is_daily":false,"chose_seed":false,"campfire_upgraded":0,"win_rate":0,"timestamp":1551232958,"path_taken":["M","$","?","M","?","E","R","?","T","M","E","$","?","M","R","BOSS"],"build_version":"2019-02-06","purchased_purges":0,"victory":false,"max_hp_per_floor":[71,71,71,71,85,87,87,89,96,96,98,98,89,91,91,91],"card_choices":[{"not_picked":["Tempest","Chaos"],"picked":"Auto Shields","floor":1.0},{"not_picked":["Turbo","Steam"],"picked":"Cold Snap","floor":4.0},{"not_picked":["Cold Snap","Steam","Static Discharge"],"picked":"Singing Bowl","floor":6.0},{"not_picked":["Lockon","Gash","Barrage"],"picked":"Singing Bowl","floor":8.0},{"not_picked":["Turbo","Undo"],"picked":"Defragment","floor":10.0},{"not_picked":["Sunder","Compile Driver","Lockon"],"picked":"Singing Bowl","floor":11.0},{"not_picked":["Cold Snap","Static Discharge","Turbo"],"picked":"Singing Bowl","floor":14.0}],"player_experience":747448,"relics_obtained":[{"floor":6.0,"key":"Singing Bowl"},{"floor":8.0,"key":"Tiny Chest"},{"floor":9.0,"key":"Strawberry"},{"floor":11.0,"key":"Calipers"}],"event_choices":[{"cards_removed":["Defend_B"],"damage_healed":0.0,"max_hp_gain":0.0,"max_hp_loss":0.0,"gold_gain":0.0,"event_name":"Golden Wing","player_choice":"Card Removal","floor":3.0,"gold_loss":0.0,"damage_taken":7.0},{"damage_healed":0.0,"max_hp_gain":0.0,"max_hp_loss":0.0,"gold_gain":0.0,"event_name":"Scrap Ooze","player_choice":"Success","floor":5.0,"gold_loss":0.0,"damage_taken":35.0,"relics_obtained":["Mango"]},{"damage_healed":0.0,"max_hp_gain":0.0,"max_hp_loss":0.0,"gold_gain":0.0,"event_name":"Dead Adventurer","player_choice":"Searched \u00271\u0027 times","floor":8.0,"gold_loss":0.0,"damage_taken":0.0},{"damage_healed":0.0,"max_hp_gain":0.0,"max_hp_loss":9.0,"gold_gain":0.0,"event_name":"Golden Idol","player_choice":"Lose Max HP","floor":13.0,"gold_loss":0.0,"damage_taken":0.0,"relics_obtained":["Golden Idol"]}],"is_beta":true,"boss_relics":[],"items_purged_floors":[],"is_endless":false,"potions_floor_spawned":[1,10,14],"killed_by":"Hexaghost","ascension_level":15}