{"gold_per_floor":[112,112,37,37,50,50,81,92,92,92,104,115,140,173,173,272,272,246,345,362,362,362],"floor_reached":22,"playtime":600,"items_purged":["Defend_R"],"score":219,"play_id":"48b0319f-0f58-4583-a857-901eec0c2573","local_time":"20190127152020","is_ascension_mode":false,"campfire_choices":[{"floor":6,"key":"RECALL"},{"floor":10,"key":"REST"},{"floor":15,"key":"REST"}],"neow_cost":"NONE","seed_source_timestamp":338954589103928,"circlet_count":0,"master_deck":["Strike_R","Strike_R","Strike_R","Strike_R","Strike_R","Defend_R","Defend_R","Defend_R","Bash","Armaments+1","Headbutt","Reaper"],"relics":["Black Blood","Bird Faced Urn","Vajra","Singing Bowl"],"potions_floor_usage":[7,14,14],"damage_taken":[{"damage":15,"enemies":"Jaw Worm","floor":1,"turns":4},{"damage":5,"enemies":"2 Louse","floor":5,"turns":3},{"damage":50,"enemies":"3 Sentries","floor":7,"turns":10},{"damage":1,"enemies":"Cultist","floor":8,"turns":3},{"damage":10,"enemies":"Exordium Thugs","floor":11,"turns":4},{"damage":13,"enemies":"Exordium Wildlife","floor":12,"turns":3},{"damage":16,"enemies":"Gremlin Nob","floor":14,"turns":4},{"damage":69,"enemies":"The Guardian","floor":16,"turns":13},{"damage":46,"enemies":"2 Thieves","floor":18,"turns":5},{"damage":11,"enemies":"Chosen","floor":20,"turns":6},{"damage":5,"enemies":"Shelled Parasite and Fungi","floor":22,"turns":2}],"seed_played":"-7082214485551312220","potions_obtained":[{"floor":5,"key":"Dexterity Potion"},{"floor":7,"key":"SteroidPotion"},{"floor":8,"key":"Block Potion"},{"floor":11,"key":"Poison Potion"},{"floor":20,"key":"GamblersBrew"}],"is_trial":false,"path_per_floor":["M","?","$","?","M","R","E","M","T","R","M","M","T","E","R","B",null,"M","?","M","?","M"],"character_chosen":"IRONCLAD","items_purchased":[],"campfire_rested":2,"item_purchase_floors":[],"current_hp_per_floor":[79,84,84,84,85,85,41,46,46,73,69,70,70,68,95,39,97,75,75,76,56,51],"gold":362,"neow_bonus":"TEN_PERCENT_HP_BONUS","is_prod":false,"is_daily":false,"chose_seed":false,"campfire_upgraded":0,"win_rate":0,"timestamp":1548620420,"path_taken":["M","?","$","?","M","R","E","M","T","R","M","?","?","E","R","BOSS","M","?","M","?","M"],"build_version":"2019-01-23","purchased_purges":1,"victory":false,"max_hp_per_floor":[88,93,93,93,93,93,93,93,93,93,93,93,93,95,95,97,97,99,99,101,106,106],"card_choices":[{"not_picked":["Wild Strike","Sword Boomerang"],"picked":"Armaments","floor":1},{"not_picked":["Corruption","Flame Barrier","Infernal Blade"],"picked":"SKIP","floor":5},{"not_picked":["Shrug It Off","Limit Break","Havoc"],"picked":"SKIP","floor":7},{"not_picked":["Rage","Entrench"],"picked":"Headbutt","floor":8},{"not_picked":["Heavy Blade","Clash"],"picked":"Reaper","floor":11},{"not_picked":["Fire Breathing","Iron Wave","Perfected Strike"],"picked":"SKIP","floor":12},{"not_picked":["Sword Boomerang","Perfected Strike","Warcry"],"picked":"Singing Bowl","floor":14},{"not_picked":["Immolate","Berserk","Brutality"],"picked":"Singing Bowl","floor":16},{"not_picked":["Blood for Blood+1","Power Through","Sever Soul"],"picked":"Singing Bowl","floor":18},{"not_picked":["Perfected Strike","Sentinel","Sever Soul"],"picked":"Singing Bowl","floor":20}],"player_experience":170162,"relics_obtained":[{"floor":7,"key":"Bird Faced Urn"},{"floor":13,"key":"Vajra"},{"floor":14,"key":"Singing Bowl"}],"event_choices":[{"damage_healed":0,"gold_gain":0,"player_choice":"Donut","damage_taken":0,"max_hp_gain":5,"max_hp_loss":0,"event_name":"Big Fish","floor":2,"gold_loss":0},{"damage_healed":0,"gold_gain":0,"player_choice":"Upgraded","damage_taken":0,"max_hp_gain":0,"max_hp_loss":0,"event_name":"Upgrade Shrine","floor":4,"gold_loss":0,"cards_upgraded":["Armaments"]},{"damage_healed":0,"gold_gain":99,"player_choice":"Stole From Cult","damage_taken":0,"max_hp_gain":0,"max_hp_loss":0,"event_name":"Nest","floor":19,"gold_loss":0},{"damage_healed":0,"gold_gain":0,"player_choice":"Shed Blood","damage_taken":25,"max_hp_gain":5,"max_hp_loss":0,"event_name":"Forgotten Altar","floor":21,"gold_loss":0}],"is_beta":false,"boss_relics":[{"not_picked":["White Beast Statue","Empty Cage"],"picked":"Black Blood"}],"items_purged_floors":[3],"is_endless":false,"potions_floor_spawned":[5,7,8,11,20],"killed_by":"Shelled Parasite and Fungi","ascension_level":0}