{"path_per_floor":["M","?","M","?","?","R","E","R","T","M","E","?","R","M","R","B",null,"M","$","M","M","?","R","E","M","T"],"character_chosen":"DEFECT","items_purchased":["Capacitor","Regen Potion"],"gold_per_floor":[113,363,373,373,373,373,400,400,455,474,501,466,466,480,480,582,582,600,425,442,458,458,458,484,499,524,524],"floor_reached":27,"campfire_rested":1,"playtime":884,"current_hp_per_floor":[68,68,68,61,61,61,61,61,61,61,44,62,62,51,51,21,62,33,33,30,23,23,45,2,7,7,0],"items_purged":["Strike_B"],"gold":524,"score":399,"play_id":"ba73be9e-493e-4cb9-bbe2-ba8620009813","local_time":"20180508204131","is_prod":false,"is_daily":false,"chose_seed":false,"is_ascension_mode":true,"campfire_upgraded":4,"timestamp":1525783291,"path_taken":["M","?","M","?","?","R","E","R","T","M","E","?","R","?","R","BOSS","M","$","M","M","?","R","E","M","T","M"],"build_version":"2018-05-07","seed_source_timestamp":187354531866182,"purchased_purges":1,"victory":false,"master_deck":["Strike_B","Strike_B","Defend_B+1","Defend_B","Defend_B","Defend_B","Zap+1","Dualcast","AscendersBane","Static Discharge+1","Coolheaded+1","Axe Kick","Consume+1","Chaos+1","Prime","Coolheaded","Creative AI","Reinforced Body","Capacitor","Turbo+1","Coolheaded","Parasite"],"max_hp_per_floor":[75,75,75,75,75,75,75,75,75,75,75,75,75,75,75,75,75,75,75,75,75,75,75,75,75,75,75],"relics":["Cracked Core","NeowsBlessing","Happy Flower","Orichalcum","Ornamental Fan","Cursed Key","War Paint","Vajra"],"card_choices":[{"not_picked":["Scrape","Darkness"],"picked":"Static Discharge","floor":1.0},{"not_picked":["Steam Power","Rebound"],"picked":"Coolheaded","floor":3.0},{"not_picked":["Cold Snap","Streamline"],"picked":"Consume","floor":7.0},{"not_picked":["Axe Kick","Streamline"],"picked":"Chaos","floor":10.0},{"not_picked":["Stack","Skim"],"picked":"Prime","floor":11.0},{"not_picked":["Lockon","Melter"],"picked":"Coolheaded","floor":14.0},{"not_picked":["All For One","Thunder Strike"],"picked":"Creative AI","floor":16.0},{"not_picked":["Hologram","Axe Kick"],"picked":"Reinforced Body","floor":18.0},{"not_picked":["Rebound","Go for the Eyes"],"picked":"Turbo","floor":20.0},{"not_picked":["Sweeping Beam","Hologram"],"picked":"Coolheaded","floor":25}],"player_experience":966591,"potions_floor_usage":[24],"damage_taken":[{"damage":0.0,"enemies":"Small Slimes","floor":1.0,"turns":1.0},{"damage":0.0,"enemies":"Cultist","floor":3.0,"turns":1.0},{"damage":0.0,"enemies":"Lagavulin","floor":7.0,"turns":1.0},{"damage":0.0,"enemies":"2 Louse","floor":10.0,"turns":3.0},{"damage":17.0,"enemies":"Gremlin Nob","floor":11.0,"turns":5.0},{"damage":11.0,"enemies":"Large Slime","floor":14.0,"turns":7.0},{"damage":30.0,"enemies":"Slime Boss","floor":16.0,"turns":11.0},{"damage":29.0,"enemies":"2 Thieves","floor":18.0,"turns":3.0},{"damage":12.0,"enemies":"3 Byrds","floor":20.0,"turns":4.0},{"damage":7.0,"enemies":"Centurion and Healer","floor":21.0,"turns":7.0},{"damage":43,"enemies":"Slavers","floor":24,"turns":4},{"damage":13,"enemies":"Cultist and Chosen","floor":25,"turns":7},{"damage":24,"enemies":"3 Cultists","floor":27,"turns":4}],"event_choices":[{"event_name":"Golden Shrine","player_choice":"Desecrate","floor":2.0,"damage_taken":0.0},{"event_name":"Golden Wing","player_choice":"Card Removal","floor":4.0,"damage_taken":0.0},{"event_name":"Transmorgrifier","player_choice":"Transform","floor":5.0,"damage_taken":0.0},{"event_name":"The Cleric","player_choice":"Healed","floor":12.0,"damage_taken":0.0},{"event_name":"Vampires","player_choice":"Ignored","floor":22.0,"damage_taken":0.0}],"boss_relics":[],"potions_floor_spawned":[1,7,10,18,20],"seed_played":"4056669993451126894","killed_by":"3 Cultists","ascension_level":10,"is_trial":false}