{"gold_per_floor":[110,34,46,66,85,117,133,133,133,133,133,153,153,163,163,163],"floor_reached":16,"playtime":965,"items_purged":[],"score":182,"play_id":"d8f991e6-d9e2-4bc8-9c36-3b132b3f8301","local_time":"20190421165733","is_ascension_mode":true,"campfire_choices":[{"floor":8,"key":"REST"},{"data":"Whirlwind","floor":11,"key":"SMITH"},{"data":"Bash","floor":13,"key":"SMITH"},{"floor":15,"key":"REST"}],"neow_cost":"NONE","seed_source_timestamp":763273838551300,"circlet_count":0,"master_deck":["AscendersBane","Strike_R","Strike_R","Strike_R","Strike_R","Defend_R","Defend_R","Defend_R","Defend_R","Bash+1","Battle Trance","Headbutt","Iron Wave","Whirlwind+1","Double Tap+1","Havoc+1"],"relics":["Burning Blood","Toxic Egg 2","Bottled Lightning","Ornamental Fan"],"potions_floor_usage":[12],"damage_taken":[{"damage":0,"enemies":"Small Slimes","floor":1,"turns":3},{"damage":1,"enemies":"Cultist","floor":3,"turns":3},{"damage":2,"enemies":"Jaw Worm","floor":4,"turns":5},{"damage":2,"enemies":"Exordium Wildlife","floor":5,"turns":4},{"damage":58,"enemies":"Lagavulin","floor":6,"turns":10},{"damage":20,"enemies":"Exordium Thugs","floor":7,"turns":8},{"damage":0,"enemies":"Looter","floor":12,"turns":1},{"damage":11,"enemies":"Gremlin Gang","floor":14,"turns":3},{"damage":55,"enemies":"The Guardian","floor":16,"turns":9}],"seed_played":"-6386414764750944528","potions_obtained":[{"floor":3,"key":"Ancient Potion"},{"floor":7,"key":"SteroidPotion"},{"floor":14,"key":"EssenceOfSteel"}],"is_trial":false,"path_per_floor":["M","?","M","M","M","E","M","R","T","?","R","M","R","M","R","B"],"character_chosen":"IRONCLAD","items_purchased":[],"campfire_rested":2,"item_purchase_floors":[],"current_hp_per_floor":[74,74,75,75,75,23,9,31,31,31,31,37,37,32,54,0],"gold":163,"neow_bonus":"TRANSFORM_CARD","is_prod":false,"is_daily":false,"chose_seed":false,"campfire_upgraded":2,"win_rate":0,"timestamp":1555858653,"path_taken":["M","?","M","?","?","E","M","R","T","?","R","M","R","M","R","BOSS"],"build_version":"2019-01-23","purchased_purges":0,"victory":false,"max_hp_per_floor":[75,75,75,75,75,75,75,75,75,75,75,75,75,75,75,75],"card_choices":[{"not_picked":["Body Slam","Warcry"],"picked":"Headbutt","floor":1},{"not_picked":["Body Slam","Power Through+1"],"picked":"Iron Wave","floor":3},{"not_picked":["Hemokinesis","Rampage","Dark Embrace"],"picked":"SKIP","floor":4},{"not_picked":["Wild Strike","Metallicize"],"picked":"Whirlwind","floor":5},{"not_picked":["Dropkick","Heavy Blade"],"picked":"Double Tap+1","floor":6},{"not_picked":["Wild Strike","Clothesline","Reckless Charge"],"picked":"SKIP","floor":7},{"not_picked":["Headbutt","Warcry+1"],"picked":"Havoc+1","floor":12},{"not_picked":["Clash","Clothesline","Power Through+1"],"picked":"SKIP","floor":14}],"player_experience":256002,"relics_obtained":[{"floor":6,"key":"Bottled Lightning"},{"floor":9,"key":"Ornamental Fan"}],"event_choices":[{"damage_healed":0,"gold_gain":0,"player_choice":"Paid Gold","damage_taken":0,"relics_obtained":["Toxic Egg 2"],"max_hp_gain":0,"max_hp_loss":0,"event_name":"WeMeetAgain","floor":2,"gold_loss":76},{"damage_healed":0,"gold_gain":0,"player_choice":"Ignored","damage_taken":0,"max_hp_gain":0,"max_hp_loss":0,"event_name":"Liars Game","floor":10,"gold_loss":0}],"is_beta":false,"boss_relics":[],"items_purged_floors":[],"is_endless":false,"potions_floor_spawned":[3,7,14],"killed_by":"The Guardian","ascension_level":15}