{"gold_per_floor":[115,390,402,15,34,34,64,79,104,179,179,31,51,86,86,165,165,183,6,26,26,36,66,77,77,77,94,9,9,9,29,29,104,104,123,133,63,0,13,13,30,42,42,42,42,42,61,71,71,71,71,71,18,49,49],"floor_reached":55,"playtime":2622,"items_purged":["Regret","Strike_G"],"score":1208,"play_id":"e55ad67a-7aa1-484a-be1d-b2c3b094ba71","local_time":"20190318130149","is_ascension_mode":true,"campfire_choices":[{"data":"Neutralize","floor":6.0,"key":"SMITH"},{"floor":11.0,"key":"REST"},{"floor":15.0,"key":"REST"},{"floor":25.0,"key":"REST"},{"data":"Noxious Fumes","floor":30.0,"key":"SMITH"},{"floor":32.0,"key":"REST"},{"floor":44.0,"key":"REST"},{"data":"Tools of the Trade","floor":46.0,"key":"SMITH"},{"floor":49.0,"key":"RECALL"},{"data":"After Image","floor":52.0,"key":"SMITH"}],"neow_cost":"NONE","seed_source_timestamp":2048014138493152,"circlet_count":0,"master_deck":["AscendersBane","Defend_G+1","Defend_G+1","Defend_G+1","Defend_G+1","Defend_G+1","Strike_G+1","Survivor","Neutralize+1","PiercingWail","Poisoned Stab","Bane","Crippling Poison","Noxious Fumes+1","Dash","Skewer","Tools of the Trade+1","After Image+1","Cloak And Dagger","Acrobatics","Infinite Blades","Deadly Poison","Deadly Poison+1","Leg Sweep+1","Footwork+1","After Image+1","Underhanded Strike+1","All Out Attack+1","Wraith Form v2+1","Cloak And Dagger+1","Noxious Fumes+1","Deadly Poison","Footwork+1","Backflip+1","Backflip","PiercingWail","Catalyst"],"special_seed":0,"relics":["Ring of the Snake","Bag of Marbles","The Specimen","Anchor","Smiling Mask","Snake Skull","Sozu","Singing Bowl","Frozen Egg 2","Dream Catcher","Astrolabe","Red Mask","Sundial"],"potions_floor_usage":[],"damage_taken":[{"damage":0.0,"enemies":"2 Louse","floor":1.0,"turns":3.0},{"damage":2.0,"enemies":"Cultist","floor":3.0,"turns":4.0},{"damage":0.0,"enemies":"Small Slimes","floor":5.0,"turns":2.0},{"damage":18.0,"enemies":"Gremlin Nob","floor":7.0,"turns":4.0},{"damage":15.0,"enemies":"Exordium Wildlife","floor":8.0,"turns":5.0},{"damage":4.0,"enemies":"2 Fungi Beasts","floor":13.0,"turns":4.0},{"damage":25.0,"enemies":"Lagavulin","floor":14.0,"turns":9.0},{"damage":27.0,"enemies":"The Guardian","floor":16.0,"turns":10.0},{"damage":7.0,"enemies":"Shell Parasite","floor":18.0,"turns":6.0},{"damage":11.0,"enemies":"Chosen","floor":20.0,"turns":5.0},{"damage":0.0,"enemies":"Centurion and Healer","floor":22.0,"turns":5.0},{"damage":0.0,"enemies":"Gremlin Leader","floor":23.0,"turns":5.0},{"damage":17.0,"enemies":"Shelled Parasite and Fungi","floor":24.0,"turns":8.0},{"damage":0.0,"enemies":"Snake Plant","floor":27.0,"turns":5.0},{"damage":9.0,"enemies":"Centurion and Healer","floor":31.0,"turns":6.0},{"damage":30.0,"enemies":"Collector","floor":33.0,"turns":10.0},{"damage":0.0,"enemies":"Orb Walker","floor":35.0,"turns":5.0},{"damage":13.0,"enemies":"3 Darklings","floor":36.0,"turns":5.0},{"damage":0.0,"enemies":"4 Shapes","floor":39.0,"turns":6.0},{"damage":22.0,"enemies":"Writhing Mass","floor":41.0,"turns":9.0},{"damage":12.0,"enemies":"Spire Growth","floor":42.0,"turns":8.0},{"damage":8.0,"enemies":"Maw","floor":47.0,"turns":9.0},{"damage":0.0,"enemies":"4 Shapes","floor":48.0,"turns":5.0},{"damage":16.0,"enemies":"Donu and Deca","floor":50.0,"turns":10.0},{"damage":12.0,"enemies":"Shield and Spear","floor":54.0,"turns":8.0},{"damage":58,"enemies":"The Heart","floor":55,"turns":9}],"seed_played":"8535167344107860872","potions_obtained":[{"floor":5.0,"key":"Regen Potion"},{"floor":13.0,"key":"Poison Potion"}],"is_trial":false,"path_per_floor":["M","?","M","$","M","R","E","M","T","?","R","$","M","E","R","B",null,"M","$","M","?","M","E","M","R","T","M","?","?","R","M","R","B",null,"M","M","$","?","M","$","M","M","T","R","?","R","M","M","R","B",null,"R","$","E","B"],"character_chosen":"THE_SILENT","items_purchased":["The Specimen","Noxious Fumes","Dash","Acrobatics","Infinite Blades","Noxious Fumes+1","PiercingWail"],"campfire_rested":5,"item_purchase_floors":[4,12,12,19,19,37,53],"current_hp_per_floor":[59,59,57,57,57,57,53,38,38,27,46,46,42,17,36,9,52,45,45,34,25,25,27,10,30,30,32,32,32,32,23,46,16,58,60,47,47,47,49,49,27,15,15,39,41,41,33,33,33,17,64,64,64,52,0],"gold":49,"neow_bonus":"RANDOM_COMMON_RELIC","is_prod":false,"is_daily":false,"chose_seed":false,"campfire_upgraded":4,"win_rate":0,"timestamp":1552928509,"path_taken":["M","?","?","$","M","R","E","M","T","?","R","?","M","E","R","BOSS","M","$","M","?","M","E","M","R","T","?","?","?","R","M","R","BOSS","M","M","$","?","M","$","M","M","T","R","?","R","M","M","R","BOSS","R","$","E","BOSS"],"build_version":"2019-03-15","purchased_purges":2,"victory":false,"max_hp_per_floor":[66,66,66,66,66,66,66,66,66,66,66,66,66,66,66,66,66,66,66,66,66,66,68,68,68,68,70,70,70,70,70,72,72,72,74,74,74,74,76,76,76,76,76,78,80,80,80,80,80,80,80,80,80,80,80],"card_choices":[{"not_picked":["Acrobatics","Dagger Spray"],"picked":"PiercingWail","floor":1.0},{"not_picked":["Acrobatics","Masterful Stab"],"picked":"Poisoned Stab","floor":3.0},{"not_picked":["Outmaneuver","Blade Dance","Bane"],"picked":"SKIP","floor":5.0},{"not_picked":["Outmaneuver","Blade Dance"],"picked":"Bane","floor":5.0},{"not_picked":["All Out Attack","Underhanded Strike"],"picked":"Crippling Poison","floor":7.0},{"not_picked":["Deflect","Reflex","Setup"],"picked":"SKIP","floor":8.0},{"not_picked":["Cloak And Dagger","Masterful Stab"],"picked":"Skewer","floor":13.0},{"not_picked":["Quick Slash","PiercingWail"],"picked":"Tools of the Trade","floor":14.0},{"not_picked":["Storm of Steel","Phantasmal Killer"],"picked":"After Image","floor":16.0},{"not_picked":["Dagger Throw","Finisher"],"picked":"Cloak And Dagger","floor":18.0},{"not_picked":["Backflip","Bane"],"picked":"Deadly Poison","floor":20.0},{"not_picked":["Sucker Punch","Eviscerate"],"picked":"Deadly Poison+1","floor":22.0},{"not_picked":["Flying Knee","Deflect","Dodge and Roll"],"picked":"Singing Bowl","floor":23.0},{"not_picked":["Blur","Infinite Blades"],"picked":"Leg Sweep+1","floor":24.0},{"not_picked":["Backstab","Masterful Stab","Deflect"],"picked":"Singing Bowl","floor":27.0},{"not_picked":["Predator","Dagger Throw"],"picked":"Footwork+1","floor":31.0},{"not_picked":["Tactician","Heel Hook","Blade Dance"],"picked":"Singing Bowl","floor":32.0},{"not_picked":["Malaise","Grand Finale"],"picked":"After Image+1","floor":33.0},{"not_picked":["Caltrops+1","Prepared","Choke"],"picked":"Singing Bowl","floor":35.0},{"not_picked":["Flying Knee","Outmaneuver+1"],"picked":"Cloak And Dagger+1","floor":36.0},{"not_picked":["Riddle With Holes","Dagger Throw","Setup"],"picked":"Singing Bowl","floor":39.0},{"not_picked":["Dagger Spray","Masterful Stab+1"],"picked":"Deadly Poison","floor":41.0},{"not_picked":["Prepared+1","Poisoned Stab"],"picked":"Footwork+1","floor":42.0},{"not_picked":["Flying Knee","Finisher","Blade Dance"],"picked":"Singing Bowl","floor":44.0},{"not_picked":["Jack Of All Trades","Forethought","Enlightenment"],"picked":"Singing Bowl","floor":45.0},{"not_picked":["Eviscerate","PiercingWail+1"],"picked":"Backflip+1","floor":47.0},{"not_picked":["Escape Plan","Underhanded Strike"],"picked":"Backflip","floor":48.0},{"not_picked":["Corpse Explosion","Quick Slash+1"],"picked":"Catalyst","floor":54.0}],"player_experience":825072,"relics_obtained":[{"floor":7.0,"key":"Anchor"},{"floor":9.0,"key":"Smiling Mask"},{"floor":14.0,"key":"Snake Skull"},{"floor":23.0,"key":"Singing Bowl"},{"floor":26.0,"key":"Frozen Egg 2"},{"floor":54.0,"key":"Sundial"}],"event_choices":[{"damage_healed":0.0,"max_hp_gain":0.0,"max_hp_loss":0.0,"gold_gain":275.0,"event_name":"Golden Shrine","player_choice":"Desecrate","floor":2.0,"gold_loss":0.0,"damage_taken":0.0,"cards_obtained":["Regret"]},{"damage_healed":0.0,"max_hp_gain":0.0,"max_hp_loss":0.0,"gold_gain":75.0,"event_name":"World of Goop","player_choice":"Gather Gold","floor":10.0,"gold_loss":0.0,"damage_taken":11.0},{"damage_healed":0.0,"max_hp_gain":0.0,"max_hp_loss":0.0,"gold_gain":0.0,"event_name":"Wheel of Change","player_choice":"Damaged","floor":21.0,"gold_loss":0.0,"damage_taken":9.0},{"damage_healed":0.0,"max_hp_gain":0.0,"max_hp_loss":0.0,"gold_gain":0.0,"event_name":"Addict","player_choice":"Obtained Relic","floor":28.0,"gold_loss":85.0,"damage_taken":0.0,"relics_obtained":["Dream Catcher"]},{"damage_healed":0.0,"max_hp_gain":0.0,"max_hp_loss":0.0,"gold_gain":0.0,"event_name":"Back to Basics","player_choice":"Simplicity","floor":29.0,"gold_loss":0.0,"damage_taken":0.0,"cards_upgraded":["Defend_G","Defend_G","Defend_G","Defend_G","Defend_G","Strike_G","Strike_G","Strike_G","Strike_G"]},{"damage_healed":0.0,"max_hp_gain":0.0,"max_hp_loss":0.0,"gold_gain":0.0,"event_name":"Tomb of Lord Red Mask","player_choice":"Paid","floor":38.0,"gold_loss":63.0,"damage_taken":0.0,"relics_obtained":["Red Mask"]},{"damage_healed":0.0,"max_hp_gain":0.0,"max_hp_loss":0.0,"gold_gain":0.0,"event_name":"SensoryStone","player_choice":"Memory 1","floor":45.0,"gold_loss":0.0,"damage_taken":0.0}],"is_beta":true,"boss_relics":[{"not_picked":["Fusion Hammer","Coffee Dripper"],"picked":"Sozu"},{"not_picked":["Eternal Feather","Calling Bell"],"picked":"Astrolabe"}],"items_purged_floors":[4,19],"is_endless":false,"potions_floor_spawned":[5,13,22,24,27,31,39,41,48],"killed_by":"The Heart","ascension_level":15}