{"gold_per_floor":[117,131,143,89,89,89,101,115,142,174,188,188,188,220,220,220],"floor_reached":16,"playtime":541,"items_purged":[],"score":174,"play_id":"ac27db98-0bbf-429d-87cf-223ec32c1301","local_time":"20190421172809","is_ascension_mode":true,"campfire_choices":[{"data":"Whirlwind","floor":6.0,"key":"SMITH"},{"data":"Body Slam","floor":12.0,"key":"SMITH"},{"floor":15.0,"key":"REST"}],"neow_cost":"NONE","seed_source_timestamp":253437048313404,"circlet_count":0,"master_deck":["AscendersBane","Strike_R","Strike_R","Strike_R","Strike_R","Strike_R","Defend_R","Defend_R","Defend_R","Bash","Whirlwind+1","Shrug It Off","Shrug It Off","True Grit","Clash","Body Slam+1","Carnage"],"special_seed":0,"relics":["Burning Blood","Omamori","Oddly Smooth Stone","Centennial Puzzle"],"potions_floor_usage":[16,16],"damage_taken":[{"damage":6.0,"enemies":"Cultist","floor":1.0,"turns":3.0},{"damage":0.0,"enemies":"2 Louse","floor":2.0,"turns":1.0},{"damage":7.0,"enemies":"Small Slimes","floor":3.0,"turns":3.0},{"damage":14.0,"enemies":"Looter","floor":7.0,"turns":3.0},{"damage":0.0,"enemies":"2 Fungi Beasts","floor":8.0,"turns":4.0},{"damage":38.0,"enemies":"3 Sentries","floor":10.0,"turns":6.0},{"damage":0.0,"enemies":"3 Louse","floor":11.0,"turns":2.0},{"damage":32.0,"enemies":"Lagavulin","floor":14.0,"turns":6.0},{"damage":64,"enemies":"Hexaghost","floor":16,"turns":11}],"seed_played":"-879691249408064967","potions_obtained":[{"floor":1.0,"key":"LiquidBronze"},{"floor":7.0,"key":"Swift Potion"},{"floor":10.0,"key":"Fruit Juice"},{"floor":11.0,"key":"GamblersBrew"}],"is_trial":false,"path_per_floor":["M","M","M","$","?","R","M","M","T","E","M","R","?","E","R","B"],"character_chosen":"IRONCLAD","items_purchased":["True Grit"],"campfire_rested":1,"item_purchase_floors":[4],"current_hp_per_floor":[72,78,77,77,82,82,74,80,80,53,59,59,59,33,60,0],"gold":220,"neow_bonus":"REMOVE_CARD","is_prod":false,"is_daily":false,"chose_seed":false,"campfire_upgraded":2,"win_rate":0,"timestamp":1555838889,"path_taken":["M","M","M","$","?","R","M","M","T","E","M","R","?","E","R","BOSS"],"build_version":"2019-01-23","purchased_purges":0,"victory":false,"max_hp_per_floor":[80,80,80,80,85,85,85,85,85,90,90,90,90,90,90,90],"card_choices":[{"not_picked":["Sentinel","Body Slam"],"picked":"Whirlwind","floor":1.0},{"not_picked":["Thunderclap","Reckless Charge"],"picked":"Shrug It Off","floor":2.0},{"not_picked":["Pommel Strike","Twin Strike"],"picked":"Shrug It Off","floor":3.0},{"not_picked":["Twin Strike","Cleave"],"picked":"Clash","floor":7.0},{"not_picked":["Clash","Armaments","Entrench"],"picked":"SKIP","floor":8.0},{"not_picked":["Corruption","True Grit","Twin Strike"],"picked":"SKIP","floor":10.0},{"not_picked":["Havoc","Rupture"],"picked":"Body Slam","floor":11.0},{"not_picked":["Perfected Strike","Bloodletting"],"picked":"Carnage","floor":14.0}],"player_experience":707436,"relics_obtained":[{"floor":9.0,"key":"Omamori"},{"floor":10.0,"key":"Oddly Smooth Stone"},{"floor":14.0,"key":"Centennial Puzzle"}],"event_choices":[{"damage_healed":0.0,"max_hp_gain":5.0,"max_hp_loss":0.0,"gold_gain":0.0,"event_name":"Big Fish","player_choice":"Donut","floor":5.0,"gold_loss":0.0,"damage_taken":0.0},{"damage_healed":0.0,"max_hp_gain":0.0,"max_hp_loss":0.0,"gold_gain":0.0,"event_name":"Liars Game","player_choice":"Ignored","floor":13.0,"gold_loss":0.0,"damage_taken":0.0}],"is_beta":false,"boss_relics":[],"items_purged_floors":[],"is_endless":false,"potions_floor_spawned":[1,7,10,11],"killed_by":"Hexaghost","ascension_level":11}