{"gold_per_floor":[114,131,131,150,161,161,192,192,216,216,248,260,260,317,317,391,391,410,410,55,66,94,94],"floor_reached":23,"playtime":1231,"items_purged":["Strike_B"],"score":418,"play_id":"636c189f-7317-46fd-8b7b-133accd7c4a5","local_time":"20190418075126","is_ascension_mode":true,"campfire_choices":[{"data":"Zap","floor":6.0,"key":"SMITH"},{"data":"Defragment","floor":8.0,"key":"SMITH"},{"data":"Dualcast","floor":10.0,"key":"SMITH"},{"data":"Conserve Battery","floor":15.0,"key":"SMITH"}],"neow_cost":"PERCENT_DAMAGE","seed_source_timestamp":600456651776761,"circlet_count":0,"master_deck":["AscendersBane","Strike_B","Defend_B+1","Defend_B","Defend_B","Defend_B+1","Zap+1","Dualcast+1","Leap","Defragment+1","Conserve Battery+1","Doom and Gloom","Auto Shields","Chill","Core Surge","Ghostly","Ghostly","Ghostly","Defragment"],"special_seed":0,"relics":["Cracked Core","Oddly Smooth Stone","War Paint","Smiling Mask","Tiny Chest","Cursed Key","ClockworkSouvenir","Red Mask"],"potions_floor_usage":[18,22],"damage_taken":[{"damage":0.0,"enemies":"2 Louse","floor":1.0,"turns":3.0},{"damage":1.0,"enemies":"Cultist","floor":2.0,"turns":3.0},{"damage":2.0,"enemies":"Jaw Worm","floor":4.0,"turns":4.0},{"damage":7.0,"enemies":"Looter","floor":5.0,"turns":4.0},{"damage":8.0,"enemies":"Lagavulin","floor":7.0,"turns":8.0},{"damage":15.0,"enemies":"3 Sentries","floor":11.0,"turns":6.0},{"damage":0.0,"enemies":"Large Slime","floor":12.0,"turns":4.0},{"damage":22.0,"enemies":"Gremlin Nob","floor":14.0,"turns":4.0},{"damage":5.0,"enemies":"Hexaghost","floor":16.0,"turns":9.0},{"damage":2,"enemies":"3 Byrds","floor":18,"turns":4},{"damage":1,"enemies":"Chosen","floor":21,"turns":6},{"damage":0,"enemies":"Masked Bandits","floor":22,"turns":6},{"damage":35,"enemies":"Gremlin Leader","floor":23,"turns":9}],"seed_played":"-2395894456189410747","potions_obtained":[{"floor":4.0,"key":"Swift Potion"},{"floor":5.0,"key":"Dexterity Potion"},{"floor":11.0,"key":"Poison Potion"},{"floor":14.0,"key":"SteroidPotion"},{"floor":16.0,"key":"EssenceOfSteel"},{"floor":21,"key":"Strength Potion"}],"is_trial":false,"path_per_floor":["?","M","?","?","?"],"character_chosen":"DEFECT","items_purchased":["Defragment","ClockworkSouvenir"],"campfire_rested":0,"item_purchase_floors":[20,20],"current_hp_per_floor":[46,45,71,69,62,62,54,54,54,54,39,39,39,17,17,12,56,54,35,35,34,34,0],"gold":94,"neow_bonus":"REMOVE_TWO","is_prod":false,"is_daily":false,"chose_seed":false,"campfire_upgraded":4,"win_rate":0,"timestamp":1555591886,"path_taken":["M","M","?","M","M","R","E","R","T","R","E","?","?","E","R","BOSS","M","?","$","M","?","E"],"build_version":"2019-01-23","purchased_purges":1,"victory":false,"max_hp_per_floor":[71,71,71,71,71,71,71,71,71,71,71,71,71,71,71,71,71,71,35,35,35,35,35],"card_choices":[{"not_picked":["Turbo","Redo"],"picked":"Static Discharge","floor":1.0},{"not_picked":["Turbo","Scrape"],"picked":"Leap","floor":2.0},{"not_picked":["Steam Power","Leap"],"picked":"Defragment","floor":4.0},{"not_picked":["Compile Driver","Stack"],"picked":"Conserve Battery","floor":5.0},{"not_picked":["Streamline","Heatsinks"],"picked":"Doom and Gloom","floor":7.0},{"not_picked":["Steam","Coolheaded"],"picked":"Auto Shields","floor":11.0},{"not_picked":["Hologram","Beam Cell","Tempest"],"picked":"SKIP","floor":12.0},{"not_picked":["Chaos","Turbo"],"picked":"Chill","floor":14.0},{"not_picked":["Thunder Strike","Multi-Cast"],"picked":"Core Surge","floor":16.0},{"not_picked":["Hello World","Redo","Blizzard"],"picked":"SKIP","floor":18},{"not_picked":["Leap","Turbo","Steam Power"],"picked":"SKIP","floor":21}],"player_experience":445204,"relics_obtained":[{"floor":7.0,"key":"Oddly Smooth Stone"},{"floor":9.0,"key":"War Paint"},{"floor":11.0,"key":"Smiling Mask"},{"floor":14.0,"key":"Tiny Chest"},{"floor":22,"key":"Red Mask"}],"event_choices":[{"cards_removed":["Static Discharge"],"damage_healed":26.0,"max_hp_gain":0.0,"max_hp_loss":0.0,"gold_gain":0.0,"event_name":"Bonfire Elementals","player_choice":"Offered Uncommon","floor":3.0,"gold_loss":0.0,"damage_taken":0.0},{"damage_healed":0.0,"max_hp_gain":0.0,"max_hp_loss":0.0,"gold_gain":0.0,"event_name":"Liars Game","player_choice":"Ignored","floor":13.0,"gold_loss":0.0,"damage_taken":0.0},{"damage_healed":0,"gold_gain":0,"player_choice":"Became a Ghost","damage_taken":0,"max_hp_gain":0,"max_hp_loss":36,"event_name":"Ghosts","floor":19,"gold_loss":0,"cards_obtained":["Ghostly","Ghostly","Ghostly"]},{"damage_healed":0,"gold_gain":0,"player_choice":"Fought Bandits","damage_taken":0,"max_hp_gain":0,"max_hp_loss":0,"event_name":"Masked Bandits","floor":22,"gold_loss":0}],"is_beta":false,"boss_relics":[{"not_picked":["Snecko Eye","Runic Dome"],"picked":"Cursed Key"}],"items_purged_floors":[20],"is_endless":false,"potions_floor_spawned":[4,5,11,14,16,21],"killed_by":"Gremlin Leader","ascension_level":20}