{"gold_per_floor":[113,113,123,123,53,53,87,97,166,166,197,215,72,87,87,164,164,182,196,207,1,15,15,49,49,49,49,49,66,66,78,78,152,152,165,178,191,46,64,93,123,135,147,159,171,197,209,234,246,258,270,282,57,86,86],"floor_reached":55,"playtime":2525,"items_purged":["Strike_B"],"score":1242,"play_id":"3ee2971c-1aa1-452b-8c93-3cc9f8098456","local_time":"20190326211609","is_ascension_mode":true,"campfire_choices":[{"data":"Dualcast","floor":6.0,"key":"SMITH"},{"data":"Rainbow","floor":10.0,"key":"SMITH"},{"data":"Reinforced Body","floor":15.0,"key":"SMITH"},{"floor":23.0,"key":"RECALL"},{"floor":30.0,"key":"REST"},{"floor":32.0,"key":"REST"},{"floor":42.0,"key":"REST"},{"floor":45.0,"key":"REST"},{"floor":49.0,"key":"REST"},{"floor":52.0,"key":"REST"}],"neow_cost":"PERCENT_DAMAGE","seed_source_timestamp":2769397648877909,"circlet_count":0,"master_deck":["AscendersBane","Strike_B","Strike_B","Defend_B","Defend_B","Defend_B","Defend_B","Zap+1","Dualcast+1","Self Repair","Reinforced Body+1","Rainbow+1","Beam Cell","BootSequence","Ball Lightning","Doom and Gloom","Electrodynamics","Conserve Battery","Compile Driver","Skim","Redo","Fusion","Coolheaded","Go for the Eyes+1","Rainbow+1","Conserve Battery","Machine Learning","White Noise","Compile Driver","Capacitor","Consume","Compile Driver","Hologram","Master of Strategy","Flash of Steel","Cold Snap","Apotheosis"],"special_seed":0,"relics":["Cracked Core","DataDisk","Mercury Hourglass","Strawberry","Omamori","Fusion Hammer","Cables","Blood Vial","Ornamental Fan","Busted Crown","MawBank","Meat on the Bone","Unceasing Top"],"potions_floor_usage":[55,55],"damage_taken":[{"damage":7.0,"enemies":"Jaw Worm","floor":1.0,"turns":4.0},{"damage":8.0,"enemies":"Small Slimes","floor":3.0,"turns":3.0},{"damage":22.0,"enemies":"Lagavulin","floor":7.0,"turns":8.0},{"damage":0.0,"enemies":"Cultist","floor":8.0,"turns":3.0},{"damage":25.0,"enemies":"Gremlin Nob","floor":11.0,"turns":4.0},{"damage":0.0,"enemies":"Exordium Thugs","floor":12.0,"turns":4.0},{"damage":0.0,"enemies":"Large Slime","floor":14.0,"turns":4.0},{"damage":19.0,"enemies":"The Guardian","floor":16.0,"turns":11.0},{"damage":7.0,"enemies":"2 Thieves","floor":18.0,"turns":2.0},{"damage":0.0,"enemies":"Spheric Guardian","floor":19.0,"turns":4.0},{"damage":11.0,"enemies":"Snecko","floor":20.0,"turns":4.0},{"damage":0.0,"enemies":"Centurion and Healer","floor":22.0,"turns":2.0},{"damage":43.0,"enemies":"Book of Stabbing","floor":24.0,"turns":5.0},{"damage":0.0,"enemies":"3 Cultists","floor":29.0,"turns":2.0},{"damage":10.0,"enemies":"Sentry and Sphere","floor":31.0,"turns":4.0},{"damage":61.0,"enemies":"Collector","floor":33.0,"turns":11.0},{"damage":6.0,"enemies":"3 Darklings","floor":35.0,"turns":5.0},{"damage":2.0,"enemies":"3 Shapes","floor":36.0,"turns":4.0},{"damage":38.0,"enemies":"Spire Growth","floor":37.0,"turns":6.0},{"damage":13.0,"enemies":"3 Darklings","floor":39.0,"turns":5.0},{"damage":15.0,"enemies":"Nemesis","floor":40.0,"turns":9.0},{"damage":37.0,"enemies":"Jaw Worm Horde","floor":41.0,"turns":5.0},{"damage":17.0,"enemies":"Maw","floor":46.0,"turns":7.0},{"damage":1.0,"enemies":"Spire Growth","floor":48.0,"turns":4.0},{"damage":72.0,"enemies":"Awakened One","floor":50.0,"turns":13.0},{"damage":79.0,"enemies":"Shield and Spear","floor":54.0,"turns":7.0},{"damage":47,"enemies":"The Heart","floor":55,"turns":6}],"seed_played":"2510977423223086960","potions_obtained":[{"floor":1.0,"key":"LiquidBronze"},{"floor":8.0,"key":"SpeedPotion"},{"floor":11.0,"key":"Fire Potion"},{"floor":29.0,"key":"AttackPotion"},{"floor":31.0,"key":"Energy Potion"},{"floor":39.0,"key":"Poison Potion"},{"floor":48.0,"key":"Regen Potion"}],"is_trial":false,"path_per_floor":["M","?","M","?","?","R","E","M","T","R","E","M","$","M","R","B",null,"M","M","M","$","M","R","E","?","T","T","?","M","R","M","R","B",null,"M","M","M","$","M","E","M","R","T","?","R","M","?","M","R","B",null,"R","$","E","B"],"character_chosen":"DEFECT","items_purchased":["Omamori","Redo","Fusion","Capacitor","Consume","Apotheosis","Ancient Potion"],"campfire_rested":6,"item_purchase_floors":[13,21,21,38,38,53,53],"current_hp_per_floor":[53,53,52,80,80,80,65,72,72,72,61,68,68,75,75,63,85,78,85,81,81,81,81,45,18,18,18,18,27,56,55,84,32,81,84,91,62,62,58,52,24,53,53,43,72,64,64,72,97,44,84,97,97,30,0],"gold":86,"neow_bonus":"TWENTY_PERCENT_HP_BONUS","is_prod":false,"is_daily":false,"chose_seed":false,"campfire_upgraded":3,"win_rate":0,"timestamp":1553649369,"path_taken":["M","?","M","?","?","R","E","M","T","R","E","M","$","M","R","BOSS","M","M","M","$","M","R","E","?","T","?","?","M","R","M","R","BOSS","M","?","M","$","M","E","M","R","T","?","R","M","?","M","R","BOSS","R","$","E","BOSS"],"build_version":"2019-03-15","purchased_purges":1,"victory":false,"max_hp_per_floor":[85,85,85,85,85,85,85,85,85,85,92,92,92,92,92,92,92,92,92,92,92,92,92,92,97,97,97,97,97,97,97,97,97,97,97,97,97,97,97,97,97,97,97,97,97,97,97,97,97,97,97,97,97,97,97],"card_choices":[{"not_picked":["Static Discharge","Cold Snap"],"picked":"Self Repair","floor":1.0},{"not_picked":["Heatsinks","FTL"],"picked":"Reinforced Body","floor":3.0},{"not_picked":["Steam Power","Redo"],"picked":"Rainbow","floor":7.0},{"not_picked":["Steam","Gash"],"picked":"Beam Cell","floor":8.0},{"not_picked":["Reprogram","Auto Shields"],"picked":"BootSequence","floor":11.0},{"not_picked":["Skim","Go for the Eyes"],"picked":"Ball Lightning","floor":12.0},{"not_picked":["Turbo","Go for the Eyes"],"picked":"Doom and Gloom","floor":14.0},{"not_picked":["Amplify","Core Surge"],"picked":"Electrodynamics","floor":16.0},{"not_picked":["Steam","Go for the Eyes"],"picked":"Conserve Battery","floor":18.0},{"not_picked":["Reinforced Body","Streamline"],"picked":"Compile Driver","floor":19.0},{"not_picked":["Stack","Ball Lightning"],"picked":"Skim","floor":20.0},{"not_picked":["Double Energy","Loop"],"picked":"Coolheaded","floor":22.0},{"not_picked":["Rebound","Auto Shields"],"picked":"Go for the Eyes+1","floor":24.0},{"not_picked":["Turbo","Go for the Eyes","Doom and Gloom"],"picked":"SKIP","floor":29.0},{"not_picked":["Streamline","Stack"],"picked":"Conserve Battery","floor":31.0},{"not_picked":["Meteor Strike","Hyperbeam"],"picked":"Machine Learning","floor":33.0},{"not_picked":[],"picked":"White Noise","floor":35.0},{"not_picked":["Rebound+1"],"picked":"SKIP","floor":36.0},{"not_picked":[],"picked":"Compile Driver","floor":37.0},{"not_picked":[],"picked":"Compile Driver","floor":39.0},{"not_picked":["Fission"],"picked":"SKIP","floor":40.0},{"not_picked":[],"picked":"Hologram","floor":41.0},{"not_picked":[],"picked":"Master of Strategy","floor":44.0},{"not_picked":[],"picked":"Flash of Steel","floor":44.0},{"not_picked":["Hello World"],"picked":"SKIP","floor":46.0},{"not_picked":[],"picked":"Cold Snap","floor":48.0},{"not_picked":["Leap"],"picked":"SKIP","floor":54.0}],"player_experience":859709,"relics_obtained":[{"floor":7.0,"key":"Mercury Hourglass"},{"floor":11.0,"key":"Strawberry"},{"floor":24.0,"key":"Cables"},{"floor":26.0,"key":"Blood Vial"},{"floor":27.0,"key":"Ornamental Fan"},{"floor":40.0,"key":"MawBank"},{"floor":43.0,"key":"Meat on the Bone"},{"floor":54.0,"key":"Unceasing Top"}],"event_choices":[{"damage_healed":0.0,"max_hp_gain":0.0,"max_hp_loss":0.0,"gold_gain":0.0,"event_name":"Living Wall","player_choice":"Grow","floor":2.0,"gold_loss":0.0,"damage_taken":0.0,"cards_upgraded":["Zap"]},{"damage_healed":28.0,"max_hp_gain":0.0,"max_hp_loss":0.0,"gold_gain":0.0,"event_name":"Big Fish","player_choice":"Banana","floor":4.0,"gold_loss":0.0,"damage_taken":0.0},{"damage_healed":0.0,"max_hp_gain":0.0,"max_hp_loss":0.0,"gold_gain":0.0,"event_name":"WeMeetAgain","player_choice":"Paid Gold","floor":5.0,"gold_loss":70.0,"damage_taken":0.0,"relics_obtained":["DataDisk"]},{"damage_healed":0.0,"max_hp_gain":5.0,"max_hp_loss":0.0,"gold_gain":0.0,"event_name":"Forgotten Altar","player_choice":"Shed Blood","floor":25.0,"gold_loss":0.0,"damage_taken":32.0},{"damage_healed":0.0,"max_hp_gain":0.0,"max_hp_loss":0.0,"gold_gain":0.0,"event_name":"Duplicator","player_choice":"Copied","floor":28.0,"gold_loss":0.0,"damage_taken":0.0,"cards_obtained":["Rainbow"]},{"damage_healed":0.0,"max_hp_gain":0.0,"max_hp_loss":0.0,"gold_gain":0.0,"event_name":"SensoryStone","player_choice":"Memory 3","floor":44.0,"gold_loss":0.0,"damage_taken":10.0},{"cards_removed":["Strike_B"],"damage_healed":0.0,"max_hp_gain":0.0,"max_hp_loss":0.0,"gold_gain":0.0,"event_name":"Falling","player_choice":"Removed Attack","floor":47.0,"gold_loss":0.0,"damage_taken":0.0}],"is_beta":true,"boss_relics":[{"not_picked":["Lizard Tail","Pandora\u0027s Box"],"picked":"Fusion Hammer"},{"not_picked":["Eternal Feather","Tiny House"],"picked":"Busted Crown"}],"items_purged_floors":[21],"is_endless":false,"potions_floor_spawned":[1,8,11,20,22,29,31,33,39,48,54],"killed_by":"The Heart","ascension_level":15}