{"gold_per_floor":[111,186,211,223,235,264,264,277,277,15,43,43,43,4,4,100,100,116,316,327,327,327,327,327],"floor_reached":24,"playtime":1595,"items_purged":[],"score":222,"play_id":"c442c89e-3e29-4452-a5ae-65988ebee68e","local_time":"20190415105740","is_ascension_mode":true,"campfire_choices":[{"floor":7,"key":"RECALL"},{"data":"Bash","floor":12,"key":"SMITH"},{"data":"Exhume","floor":15,"key":"SMITH"},{"floor":23,"key":"REST"}],"neow_cost":"TEN_PERCENT_HP_LOSS","seed_source_timestamp":320201653611349,"circlet_count":0,"master_deck":["Strike_R","Strike_R","Strike_R","Strike_R","Strike_R","Defend_R","Defend_R","Defend_R","Defend_R","Bash+1","Battle Trance","Shrug It Off","Twin Strike","Exhume+1","Sever Soul","Rampage+1","Combust+1","Demon Form+1","Metallicize+1","Heavy Blade+1","Whirlwind+1"],"relics":["Burning Blood","Gambling Chip","Blood Vial","Omamori","Shuriken","Molten Egg 2","Frozen Egg 2","Fusion Hammer","Paper Frog"],"potions_floor_usage":[6,16],"damage_taken":[{"damage":6,"enemies":"Jaw Worm","floor":1,"turns":4},{"damage":1,"enemies":"Cultist","floor":4,"turns":3},{"damage":0,"enemies":"Small Slimes","floor":5,"turns":4},{"damage":6,"enemies":"3 Sentries","floor":6,"turns":5},{"damage":7,"enemies":"3 Louse","floor":8,"turns":4},{"damage":26,"enemies":"Gremlin Nob","floor":11,"turns":5},{"damage":47,"enemies":"Hexaghost","floor":16,"turns":9},{"damage":25,"enemies":"Spheric Guardian","floor":18,"turns":5},{"damage":32,"enemies":"2 Thieves","floor":20,"turns":4},{"damage":56,"enemies":"Book of Stabbing","floor":24,"turns":6}],"seed_played":"-2557102848572763370","potions_obtained":[{"floor":1,"key":"AttackPotion"},{"floor":6,"key":"Dexterity Potion"},{"floor":8,"key":"Ancient Potion"}],"is_trial":false,"path_per_floor":["M","?","T","M","M","E","R","M","T","$","E","R","T","$","R","B",null,"M","?","M","T","?","R","E"],"character_chosen":"IRONCLAD","items_purchased":["Molten Egg 2","Combust+1"],"campfire_rested":1,"item_purchase_floors":[10,14],"current_hp_per_floor":[72,61,61,68,72,72,72,71,71,71,52,52,52,52,52,13,72,53,53,29,29,29,50,0],"gold":327,"neow_bonus":"ONE_RARE_RELIC","is_prod":false,"is_daily":false,"chose_seed":false,"campfire_upgraded":2,"win_rate":0,"timestamp":1555322260,"path_taken":["M","?","?","M","M","E","R","M","T","?","E","R","?","$","R","BOSS","M","?","?","?","?","R","E"],"build_version":"2019-01-23","purchased_purges":0,"victory":false,"max_hp_per_floor":[72,72,72,72,72,72,72,72,72,72,72,72,72,72,72,72,72,72,72,72,72,72,72,72],"card_choices":[{"not_picked":["Rupture","True Grit"],"picked":"Battle Trance","floor":1},{"not_picked":["Iron Wave","Clash"],"picked":"Shrug It Off","floor":4},{"not_picked":["Power Through","Pummel"],"picked":"Twin Strike","floor":5},{"not_picked":["Heavy Blade","Perfected Strike"],"picked":"Exhume","floor":6},{"not_picked":["Anger","Heavy Blade"],"picked":"Sever Soul","floor":8},{"not_picked":["Infernal Blade","Fire Breathing"],"picked":"Rampage+1","floor":11},{"not_picked":["Brutality+1","Bludgeon+1"],"picked":"Demon Form+1","floor":16},{"not_picked":["Thunderclap+1","Wild Strike+1"],"picked":"Metallicize+1","floor":18},{"not_picked":["Entrench+1","Evolve+1"],"picked":"Heavy Blade+1","floor":20}],"player_experience":111017,"relics_obtained":[{"floor":3,"key":"Blood Vial"},{"floor":6,"key":"Omamori"},{"floor":9,"key":"Shuriken"},{"floor":11,"key":"Frozen Egg 2"},{"floor":21,"key":"Paper Frog"}],"event_choices":[{"damage_healed":0,"gold_gain":75,"player_choice":"Gather Gold","damage_taken":11,"max_hp_gain":0,"max_hp_loss":0,"event_name":"World of Goop","floor":2,"gold_loss":0},{"damage_healed":0,"gold_gain":200,"player_choice":"Gold","damage_taken":0,"max_hp_gain":0,"max_hp_loss":0,"event_name":"Wheel of Change","floor":19,"gold_loss":0},{"damage_healed":0,"gold_gain":0,"player_choice":"Read","damage_taken":0,"max_hp_gain":0,"max_hp_loss":0,"event_name":"The Library","floor":22,"gold_loss":0,"cards_obtained":["Whirlwind"]}],"is_beta":false,"boss_relics":[{"not_picked":["Runic Dome","Philosopher\u0027s Stone"],"picked":"Fusion Hammer"}],"items_purged_floors":[],"is_endless":false,"potions_floor_spawned":[1,6,8],"killed_by":"Book of Stabbing","ascension_level":2}