{"path_per_floor":["M","M","?","M","?","E","M","$","T","E","R","?","R","T","R","B",null,"M","?","$","M","?","R"],"character_chosen":"DEFECT","items_purchased":["Tiny Chest","Fire Potion","Flash of Steel","Beam Cell"],"gold_per_floor":[112,122,122,138,138,173,185,21,21,51,51,51,51,126,126,228,228,245,245,12,28,28,28,28],"floor_reached":24,"campfire_rested":1,"playtime":585,"current_hp_per_floor":[68,68,68,68,68,44,38,38,38,25,62,62,62,62,62,47,68,50,50,50,49,49,49,0],"items_purged":["Strike_B"],"gold":28,"score":298,"play_id":"5e67529d-3b09-4306-a861-a62c2bed6a87","local_time":"20180505214747","is_prod":false,"is_daily":false,"chose_seed":false,"is_ascension_mode":true,"campfire_upgraded":3,"timestamp":1525528067,"path_taken":["M","M","?","?","?","E","M","$","T","E","R","?","R","?","R","BOSS","M","?","$","?","?","R","E"],"build_version":"2018-05-03","seed_source_timestamp":29371122557837,"purchased_purges":1,"victory":false,"master_deck":["Strike_B","Strike_B","Defend_B","Defend_B","Defend_B","Defend_B","Zap","Dualcast","Go for the Eyes","Beam Cell","Leap","Beam Cell+1","Beam Cell","Auto Shields","Rainbow+1","FTL","Hyperbeam+1","Go for the Eyes","Flash of Steel","Beam Cell","Buffer"],"max_hp_per_floor":[75,75,75,75,75,75,75,75,75,75,75,75,75,75,75,75,75,75,75,75,75,75,75,75],"relics":["Cracked Core","NeowsBlessing","Regal Pillow","Tiny Chest","Meat on the Bone","Question Card","Blue Candle","Calling Bell","Omamori","Darkstone Periapt","Calipers"],"card_choices":[{"not_picked":["Darkness","Rebound"],"picked":"Go for the Eyes","floor":1},{"not_picked":["Conserve Battery","Lockon"],"picked":"Beam Cell","floor":2},{"not_picked":["Double Energy","Axe Kick"],"picked":"Leap","floor":4},{"not_picked":["Barrage","Skim"],"picked":"Beam Cell","floor":6},{"not_picked":["Thunder Strike","Leap"],"picked":"Beam Cell","floor":7},{"not_picked":["Stack","Double Energy"],"picked":"Auto Shields","floor":10},{"not_picked":["Redo","Fusion","Multi-Cast"],"picked":"Hyperbeam","floor":16},{"not_picked":["Tempest","Ball Lightning","Capacitor"],"picked":"Go for the Eyes","floor":18},{"not_picked":["Axe Kick","Streamline","Consume"],"picked":"Buffer","floor":21}],"player_experience":948559,"potions_floor_usage":[18,21,24,24],"damage_taken":[{"damage":0,"enemies":"Jaw Worm","floor":1,"turns":1},{"damage":0,"enemies":"Cultist","floor":2,"turns":1},{"damage":0,"enemies":"Small Slimes","floor":4,"turns":1},{"damage":24,"enemies":"3 Sentries","floor":6,"turns":7},{"damage":6,"enemies":"Gremlin Gang","floor":7,"turns":7},{"damage":25,"enemies":"Lagavulin","floor":10,"turns":6},{"damage":15,"enemies":"The Guardian","floor":16,"turns":10},{"damage":18,"enemies":"3 Byrds","floor":18,"turns":5},{"damage":13,"enemies":"Chosen","floor":21,"turns":4},{"damage":54,"enemies":"Book of Stabbing","floor":24,"turns":5}],"event_choices":[{"event_name":"Purifier","player_choice":"One Purge","floor":3,"damage_taken":0},{"event_name":"The Woman in Blue","player_choice":"Bought 0 Potions","floor":5,"damage_taken":0},{"event_name":"Match and Keep!","player_choice":"2 cards matched","floor":12,"damage_taken":0},{"event_name":"Fountain of Cleansing","player_choice":"Removed Curse","floor":19,"damage_taken":0},{"event_name":"Drug Dealer","player_choice":"Ignored","floor":22,"damage_taken":0}],"boss_relics":[{"not_picked":["Velvet Choker","Lizard Tail"],"picked":"Calling Bell"}],"potions_floor_spawned":[1,7,21],"seed_played":"1880923239314298972","killed_by":"Book of Stabbing","ascension_level":7,"is_trial":false}