{"gold_per_floor":[112,187,207,226,241,241,271,289,340,340,356,356,356,13,13,139,139,79,103,103,103],"floor_reached":21,"playtime":753,"items_purged":[],"score":179,"play_id":"0f8f114d-ec50-4cb9-87d3-6d6eec0c974a","local_time":"20190127012008","is_ascension_mode":false,"campfire_choices":[{"floor":6,"key":"REST"},{"floor":10,"key":"REST"},{"floor":12,"key":"REST"},{"data":"Zap","floor":15,"key":"SMITH"}],"neow_cost":"NONE","seed_source_timestamp":288386887914384,"circlet_count":0,"master_deck":["Strike_B","Strike_B","Strike_B","Defend_B","Defend_B","Defend_B","Defend_B","Zap+1","Dualcast","Multi-Cast","Gash","Gash","Skim","Finesse","Reboot","Go for the Eyes"],"relics":["Cracked Core","Art of War","Omamori","Golden Idol","Singing Bowl","Eternal Feather"],"potions_floor_usage":[7,16],"damage_taken":[{"damage":0,"enemies":"2 Louse","floor":1,"turns":2},{"damage":1,"enemies":"Jaw Worm","floor":3,"turns":3},{"damage":1,"enemies":"Cultist","floor":4,"turns":3},{"damage":21,"enemies":"Gremlin Gang","floor":5,"turns":5},{"damage":40,"enemies":"3 Sentries","floor":7,"turns":6},{"damage":4,"enemies":"Blue Slaver","floor":8,"turns":4},{"damage":14,"enemies":"3 Louse","floor":11,"turns":3},{"damage":55,"enemies":"The Guardian","floor":16,"turns":11},{"damage":13,"enemies":"2 Thieves","floor":18,"turns":4},{"damage":25,"enemies":"Chosen","floor":19,"turns":5},{"damage":32,"enemies":"Shelled Parasite and Fungi","floor":21,"turns":7}],"seed_played":"6715184132542048359","potions_obtained":[{"floor":3,"key":"Regen Potion"},{"floor":8,"key":"Swift Potion"},{"floor":16,"key":"Energy Potion"}],"is_trial":false,"path_per_floor":["M","?","M","M","M","R","E","M","T","R","M","R","?","$","R","B",null,"M","M","?","M"],"character_chosen":"DEFECT","items_purchased":["Singing Bowl","Finesse"],"campfire_rested":3,"item_purchase_floors":[14,14],"current_hp_per_floor":[75,64,63,62,41,63,38,34,34,56,42,64,64,64,64,9,75,64,39,39,7],"gold":103,"neow_bonus":"ONE_RANDOM_RARE_CARD","is_prod":false,"is_daily":false,"chose_seed":false,"campfire_upgraded":1,"win_rate":0.0,"timestamp":1548570008,"path_taken":["M","?","M","M","M","R","E","M","T","R","M","R","?","$","R","BOSS","M","M","?","?"],"build_version":"2019-01-23","purchased_purges":0,"victory":false,"max_hp_per_floor":[75,75,75,75,75,75,75,75,75,75,75,75,75,75,75,75,75,77,77,77,77],"card_choices":[{"not_picked":["Leap","Aggregate"],"picked":"Gash","floor":1},{"not_picked":["Storm","Leap"],"picked":"Gash","floor":3},{"not_picked":["Stack","Ball Lightning","Storm"],"picked":"SKIP","floor":4},{"not_picked":["Go for the Eyes","Sweeping Beam","Tempest"],"picked":"SKIP","floor":5},{"not_picked":["Tempest","Rainbow"],"picked":"Skim","floor":7},{"not_picked":["Compile Driver","Chaos","Ball Lightning"],"picked":"SKIP","floor":8},{"not_picked":["Doom and Gloom","Glacier","Rebound"],"picked":"SKIP","floor":11},{"not_picked":["Electrodynamics","Machine Learning"],"picked":"Reboot","floor":16},{"not_picked":["Leap","Hello World","Ball Lightning+1"],"picked":"Singing Bowl","floor":18},{"not_picked":["Streamline","Blizzard"],"picked":"Go for the Eyes","floor":19}],"player_experience":151661,"relics_obtained":[{"floor":7,"key":"Art of War"},{"floor":9,"key":"Omamori"}],"event_choices":[{"damage_healed":0,"gold_gain":75,"player_choice":"Gather Gold","damage_taken":11,"max_hp_gain":0,"max_hp_loss":0,"event_name":"World of Goop","floor":2,"gold_loss":0},{"damage_healed":0,"gold_gain":0,"player_choice":"Take Wound","damage_taken":0,"relics_obtained":["Golden Idol"],"max_hp_gain":0,"max_hp_loss":0,"event_name":"Golden Idol","floor":13,"gold_loss":0,"cards_obtained":["Injury"]},{"cards_removed":["Strike_B"],"damage_healed":0,"gold_gain":0,"player_choice":"Purged","damage_taken":0,"max_hp_gain":0,"max_hp_loss":0,"event_name":"Purifier","floor":20,"gold_loss":0}],"is_beta":false,"boss_relics":[{"not_picked":["Inserter","Cursed Key"],"picked":"Eternal Feather"}],"items_purged_floors":[],"is_endless":false,"potions_floor_spawned":[3,8,16],"killed_by":"Shelled Parasite and Fungi","ascension_level":0}