{"gold_per_floor":[119,119,129,7,27,27,43,69,69,69,69,94,113,131,131,232,232],"floor_reached":17,"playtime":788,"items_purged":["Strike_R"],"score":167,"play_id":"dee6f655-3a2a-4eec-bccc-da623c56d409","local_time":"20190421130921","is_ascension_mode":false,"campfire_choices":[{"data":"Bash","floor":6,"key":"SMITH"},{"data":"Shockwave","floor":10,"key":"SMITH"},{"data":"Metallicize","floor":15,"key":"SMITH"}],"neow_cost":"NONE","seed_source_timestamp":749757536002900,"circlet_count":0,"master_deck":["Strike_R","Strike_R","Strike_R","Strike_R","Defend_R","Defend_R","Defend_R","Defend_R","Bash+1","Heavy Blade","Bash","Shrug It Off","Metallicize+1","Iron Wave","Shockwave+1","Armaments","Reaper"],"relics":["Burning Blood","Smiling Mask","Juzu Bracelet","Red Skull","Sundial","Runic Dome"],"potions_floor_usage":[16],"damage_taken":[{"damage":6,"enemies":"2 Louse","floor":1,"turns":3},{"damage":6,"enemies":"Cultist","floor":3,"turns":3},{"damage":0,"enemies":"Small Slimes","floor":5,"turns":3},{"damage":10,"enemies":"Exordium Wildlife","floor":7,"turns":6},{"damage":32,"enemies":"3 Sentries","floor":8,"turns":12},{"damage":20,"enemies":"Gremlin Nob","floor":12,"turns":5},{"damage":2,"enemies":"Large Slime","floor":13,"turns":7},{"damage":9,"enemies":"Gremlin Gang","floor":14,"turns":5},{"damage":20,"enemies":"The Guardian","floor":16,"turns":10}],"seed_played":"-6391014783129454803","potions_obtained":[{"floor":3,"key":"Regen Potion"},{"floor":7,"key":"Energy Potion"},{"floor":12,"key":"SteroidPotion"},{"floor":14,"key":"Weak Potion"}],"is_trial":false,"path_per_floor":["M","?","M","$","M","R","M","E","T","R","?","E","M","M","R","B",null],"character_chosen":"IRONCLAD","items_purchased":["Metallicize"],"campfire_rested":0,"item_purchase_floors":[4],"current_hp_per_floor":[80,80,80,80,80,80,76,50,50,50,50,36,40,37,37,38,80],"gold":232,"neow_bonus":"RANDOM_COMMON_RELIC","is_prod":false,"is_daily":false,"chose_seed":false,"campfire_upgraded":3,"win_rate":0,"timestamp":1555844961,"path_taken":["M","?","M","$","M","R","M","E","T","R","?","E","M","M","R","BOSS"],"build_version":"2019-01-23","purchased_purges":1,"victory":false,"max_hp_per_floor":[80,80,80,80,80,80,80,80,80,80,80,80,80,80,80,80,80],"card_choices":[{"not_picked":["True Grit","Wild Strike"],"picked":"Heavy Blade","floor":1},{"not_picked":["Carnage","Flex"],"picked":"Shrug It Off","floor":3},{"not_picked":["Entrench","Hemokinesis","Thunderclap"],"picked":"SKIP","floor":5},{"not_picked":["Hemokinesis","Twin Strike"],"picked":"Iron Wave","floor":7},{"not_picked":["Carnage","Thunderclap"],"picked":"Shockwave","floor":8},{"not_picked":["Juggernaut","Second Wind"],"picked":"Armaments","floor":12},{"not_picked":["Searing Blow","Heavy Blade","Thunderclap"],"picked":"SKIP","floor":13},{"not_picked":["Heavy Blade","Sword Boomerang","Flex"],"picked":"SKIP","floor":14},{"not_picked":["Bludgeon","Limit Break"],"picked":"Reaper","floor":16}],"player_experience":249197,"relics_obtained":[{"floor":8,"key":"Juzu Bracelet"},{"floor":9,"key":"Red Skull"},{"floor":12,"key":"Sundial"}],"event_choices":[{"damage_healed":0,"gold_gain":0,"player_choice":"1 cards matched","damage_taken":0,"max_hp_gain":0,"max_hp_loss":0,"event_name":"Match and Keep!","floor":2,"gold_loss":0,"cards_obtained":["Bash"]},{"damage_healed":0,"gold_gain":0,"player_choice":"Ignored","damage_taken":0,"max_hp_gain":0,"max_hp_loss":0,"event_name":"Liars Game","floor":11,"gold_loss":0}],"is_beta":false,"boss_relics":[{"not_picked":["White Beast Statue","Pandora\u0027s Box"],"picked":"Runic Dome"}],"items_purged_floors":[4],"is_endless":false,"potions_floor_spawned":[3,7,12,14],"ascension_level":0}