{"path_per_floor":["M","?","?","M","$","R","E","M","T","?","R","M","M","$","R","B",null,"M","?","?","M","M"],"character_chosen":"IRONCLAD","items_purchased":["Lee\u0027s Waffle"],"gold_per_floor":[114,114,114,128,53,53,82,99,99,274,274,288,300,1,1,100,100,100,100,0,0,0],"floor_reached":23,"campfire_rested":1,"playtime":1513,"current_hp_per_floor":[69,69,69,59,59,59,19,25,25,25,49,31,29,87,87,50,78,78,78,78,68,42],"items_purged":["Normality","Doubt"],"gold":0,"play_id":"1484f030-bc91-4d4a-b901-3d3c5d494d9a","is_prod":false,"is_daily":false,"is_ascension_mode":true,"campfire_upgraded":2,"path_taken":["M","?","?","M","$","R","E","M","T","?","R","M","M","$","R","BOSS","M","?","?","M","M","E"],"build_version":"2018-02-01-PROD3","purchased_purges":3,"victory":false,"master_deck":["Strike_R","Strike_R","Strike_R","Strike_R","Defend_R","Defend_R","Defend_R","Defend_R","Bash","Wild Strike+1","Warcry","Double Tap+1","Wild Strike","Iron Wave","True Grit","J.A.X.","Sentinel","Second Wind"],"max_hp_per_floor":[80,80,80,80,80,80,80,80,80,80,80,80,80,87,87,87,87,87,87,87,87,87],"relics":["Burning Blood","Lantern","Shuriken","Pen Nib","Lee\u0027s Waffle","Ectoplasm"],"card_choices":[{"not_picked":["Anger","Armaments"],"picked":"Wild Strike"},{"not_picked":["Perfected Strike","Searing Blow"],"picked":"Warcry"},{"not_picked":["True Grit","Limit Break"],"picked":"Double Tap"},{"not_picked":["Clash","Sentinel"],"picked":"Wild Strike"},{"not_picked":["Anger","Heavy Blade"],"picked":"Iron Wave"},{"not_picked":["Whirlwind","Warcry"],"picked":"True Grit"},{"not_picked":["Iron Wave","Sword Boomerang"],"picked":"Sentinel"},{"not_picked":["Armaments","Corruption"],"picked":"Second Wind"}],"player_experience":275181,"potions_floor_usage":[16,16],"damage_taken":[{"damage":9,"enemies":"2 Louse","floor":1,"turns":4},{"damage":16,"enemies":"Blue Slaver","floor":4,"turns":3},{"damage":46,"enemies":"Lagavulin","floor":7,"turns":6},{"damage":0,"enemies":"Jaw Worm","floor":8,"turns":3},{"damage":24,"enemies":"Large Slime","floor":12,"turns":6},{"damage":8,"enemies":"Red Slaver","floor":13,"turns":3},{"damage":43,"enemies":"Hexaghost","floor":16,"turns":7},{"damage":6,"enemies":"Spheric Guardian","floor":18,"turns":3},{"damage":16,"enemies":"Chosen","floor":21,"turns":3},{"damage":32,"enemies":"3 Cultists","floor":22,"turns":5},{"damage":46,"enemies":"Book of Stabbing","floor":23,"turns":4}],"event_choices":[{"event_name":"Wheel of Change","player_choice":"Card Removal","floor":2,"damage_taken":0},{"event_name":"Accursed Blacksmith","player_choice":"Rummage","floor":3,"damage_taken":0},{"event_name":"Liars Game","player_choice":"agreed","floor":10,"damage_taken":0},{"event_name":"Vampires","player_choice":"Ignored","floor":19,"damage_taken":0},{"event_name":"Drug Dealer","player_choice":"Got JAXXED","floor":20,"damage_taken":0}],"boss_relics":[{"not_picked":["Philosopher\u0027s Stone","Eternal Feather"],"picked":"Ectoplasm"}],"potions_floor_spawned":[7,8,13,16,21,22],"seed_played":"2182469811621512418","killed_by":"Book of Stabbing","ascension_level":8,"is_trial":false}