{"gold_per_floor":[114,114,114,128,145,145,165,165,165,165,194,194,28,88,88,183,183,202,217,217,237,33,33,33,33,59,87,87,101,74,86,86,186,186,196,140,158,34,47,47,381,361,388,388,406,441,455,473,473,473,473,473,34,34],"floor_reached":54,"playtime":3279,"items_purged":["Strike_B","Reprogram+1","Parasite"],"score":1263,"play_id":"7af93d9e-4534-4856-9170-e7112565a3a7","local_time":"20181202222540","is_ascension_mode":true,"campfire_choices":[{"data":"Darkness","floor":6,"key":"SMITH"},{"data":"Doom and Gloom","floor":8,"key":"SMITH"},{"data":"Redo","floor":10,"key":"SMITH"},{"data":"Dualcast","floor":15,"key":"SMITH"},{"data":"Hologram","floor":23,"key":"SMITH"},{"data":"Go for the Eyes","floor":25,"key":"SMITH"},{"floor":32,"key":"RECALL"},{"data":"Blizzard","floor":40,"key":"SMITH"},{"data":"Hologram","floor":44,"key":"SMITH"},{"data":"Loop","floor":49,"key":"SMITH"},{"data":"Conserve Battery","floor":52,"key":"SMITH"}],"neow_cost":"NONE","seed_source_timestamp":37958347987008,"circlet_count":0,"master_deck":["AscendersBane","Defend_B","Defend_B","Defend_B","Defend_B","Zap+1","Dualcast+1","Coolheaded","Conserve Battery+1","All For One","Gash","Gash","Seek","Hologram+1","Cold Snap+1","Go for the Eyes+1","Reinforced Body","Coolheaded","Chill+1","Hologram+1","Blizzard+1","All For One","Compile Driver+1","Hologram+1","Loop+1","Steam+1","Reinforced Body","Leap+1","Conserve Battery+1","Finesse","Reinforced Body"],"relics":["Cracked Core","PreservedInsect","Meat on the Bone","Tiny Chest","Coffee Dripper","Chemical X","Incense Burner","Happy Flower","Anchor","Matryoshka","Astrolabe","Smiling Mask","Old Coin","FossilizedHelix","Toy Ornithopter"],"potions_floor_usage":[31],"damage_taken":[{"damage":3,"enemies":"Small Slimes","floor":1,"turns":4},{"damage":0,"enemies":"2 Louse","floor":4,"turns":2},{"damage":1,"enemies":"Cultist","floor":5,"turns":3},{"damage":0,"enemies":"3 Louse","floor":7,"turns":3},{"damage":16,"enemies":"Gremlin Nob","floor":11,"turns":3},{"damage":25,"enemies":"3 Sentries","floor":14,"turns":4},{"damage":0,"enemies":"Slime Boss","floor":16,"turns":5},{"damage":18,"enemies":"2 Thieves","floor":18,"turns":4},{"damage":10,"enemies":"Shell Parasite","floor":19,"turns":5},{"damage":7,"enemies":"Snake Plant","floor":21,"turns":4},{"damage":4,"enemies":"Gremlin Leader","floor":27,"turns":6},{"damage":1,"enemies":"Centurion and Healer","floor":29,"turns":5},{"damage":3,"enemies":"Sentry and Sphere","floor":31,"turns":6},{"damage":0,"enemies":"Champ","floor":33,"turns":12},{"damage":0,"enemies":"3 Shapes","floor":35,"turns":9},{"damage":2,"enemies":"3 Darklings","floor":37,"turns":6},{"damage":0,"enemies":"Maw","floor":39,"turns":7},{"damage":24,"enemies":"Giant Head","floor":41,"turns":7},{"damage":9,"enemies":"4 Shapes","floor":45,"turns":4},{"damage":0,"enemies":"Nemesis","floor":46,"turns":7},{"damage":0,"enemies":"Writhing Mass","floor":47,"turns":9},{"damage":0,"enemies":"3 Darklings","floor":48,"turns":4},{"damage":10,"enemies":"Awakened One","floor":50,"turns":20},{"damage":68,"enemies":"Shield and Spear","floor":54,"turns":8}],"seed_played":"3876567332367128547","potions_obtained":[{"floor":1,"key":"Ancient Potion"},{"floor":4,"key":"GamblersBrew"},{"floor":14,"key":"Ancient Potion"},{"floor":16,"key":"Energy Potion"},{"floor":18,"key":"SpeedPotion"},{"floor":19,"key":"Fire Potion"},{"floor":35,"key":"Poison Potion"},{"floor":39,"key":"PowerPotion"},{"floor":42,"key":"LiquidBronze"}],"is_trial":false,"path_per_floor":["M","?","?","M","M","R","M","R","T","R","E","?","$","E","R","B",null,"M","M","?","M","$","R","T","R","T","E","T","M","$","M","R","B",null,"M","?","M","$","M","R","E","?","T","R","M","E","M","M","R","B",null,"R","$","E"],"character_chosen":"DEFECT","items_purchased":["Gash","Capacitor","Chemical X","Hologram","Loop","Finesse","Reinforced Body","Toy Ornithopter","PowerPotion"],"campfire_rested":0,"item_purchase_floors":[13,13,22,30,38,53,53,53,53],"current_hp_per_floor":[65,65,58,58,57,57,57,57,57,57,41,41,41,28,28,40,66,48,38,38,43,43,43,43,43,43,39,39,38,38,47,47,47,68,68,68,66,66,66,66,42,42,42,42,45,45,45,45,45,47,68,68,68,0],"gold":34,"neow_bonus":"UPGRADE_CARD","is_prod":false,"is_daily":false,"chose_seed":false,"campfire_upgraded":10,"win_rate":0,"timestamp":1543769740,"path_taken":["M","?","?","M","M","R","M","R","T","R","E","?","$","E","R","BOSS","M","?","?","M","$","R","?","R","T","E","?","M","?","M","R","BOSS","M","?","M","?","M","R","E","?","T","R","M","E","?","M","R","BOSS","R","$","E"],"build_version":"2018-11-15","purchased_purges":3,"victory":false,"max_hp_per_floor":[75,75,75,75,75,75,75,75,75,75,75,75,75,75,75,75,75,75,75,75,75,75,75,75,75,75,75,75,75,75,75,75,75,75,75,75,75,75,75,75,75,75,75,75,75,75,75,75,75,75,75,75,72,72],"card_choices":[{"not_picked":["Lockon","Undo"],"picked":"Doom and Gloom","floor":1},{"not_picked":["Compile Driver","Barrage"],"picked":"Darkness","floor":4},{"not_picked":["Stack","Barrage"],"picked":"Redo","floor":5},{"not_picked":["Cold Snap","Turbo"],"picked":"Coolheaded","floor":7},{"not_picked":["Fusion","Turbo"],"picked":"Conserve Battery","floor":11},{"not_picked":["Storm","Tempest"],"picked":"Gash","floor":14},{"not_picked":["Thunder Strike","Hyperbeam"],"picked":"Seek","floor":16},{"not_picked":["Consume","Double Energy+1"],"picked":"Hologram","floor":18},{"not_picked":["Streamline","Doom and Gloom"],"picked":"Cold Snap+1","floor":19},{"not_picked":["Sweeping Beam","Cold Snap"],"picked":"Coolheaded","floor":21},{"not_picked":["Rebound","Hello World","Meteor Strike"],"picked":"SKIP","floor":27},{"not_picked":["Gash","Capacitor+1"],"picked":"Chill+1","floor":29},{"not_picked":["Turbo","Ball Lightning"],"picked":"Blizzard","floor":31},{"not_picked":["Biased Cognition","Multi-Cast"],"picked":"All For One","floor":33},{"not_picked":["Ball Lightning+1","Go for the Eyes","Turbo"],"picked":"SKIP","floor":35},{"not_picked":["Streamline+1","Rebound+1","Hello World"],"picked":"SKIP","floor":37},{"not_picked":["Lockon+1","Cold Snap","Aggregate+1"],"picked":"SKIP","floor":39},{"not_picked":["Go for the Eyes","Biased Cognition"],"picked":"Steam+1","floor":41},{"not_picked":["Gash","Skim+1"],"picked":"Reinforced Body","floor":45},{"not_picked":["Darkness","Melter","Sweeping Beam"],"picked":"SKIP","floor":46},{"not_picked":["White Noise+1","Beam Cell+1"],"picked":"Leap+1","floor":47},{"not_picked":["Hologram","Steam Power"],"picked":"Conserve Battery+1","floor":48}],"player_experience":818891,"relics_obtained":[{"floor":9,"key":"PreservedInsect"},{"floor":11,"key":"Meat on the Bone"},{"floor":14,"key":"Tiny Chest"},{"floor":24,"key":"Incense Burner"},{"floor":26,"key":"Happy Flower"},{"floor":27,"key":"Anchor"},{"floor":28,"key":"Matryoshka"},{"floor":41,"key":"Old Coin"},{"floor":46,"key":"FossilizedHelix"}],"event_choices":[{"damage_healed":0,"gold_gain":0,"player_choice":"Ignored","damage_taken":0,"max_hp_gain":0,"max_hp_loss":0,"event_name":"Liars Game","floor":2,"gold_loss":0},{"cards_removed":["Strike_B"],"damage_healed":0,"gold_gain":0,"player_choice":"Card Removal","damage_taken":7,"max_hp_gain":0,"max_hp_loss":0,"event_name":"Golden Wing","floor":3,"gold_loss":0},{"damage_healed":0,"gold_gain":0,"cards_transformed":["Strike_B"],"player_choice":"Transformed","damage_taken":0,"max_hp_gain":0,"max_hp_loss":0,"event_name":"Transmorgrifier","floor":12,"gold_loss":0,"cards_obtained":["All For One"]},{"damage_healed":0,"gold_gain":0,"cards_transformed":["Strike_B","Capacitor"],"player_choice":"Became Test Subject","damage_taken":0,"max_hp_gain":0,"max_hp_loss":0,"event_name":"Drug Dealer","floor":20,"gold_loss":0,"cards_obtained":["Go for the Eyes","Reinforced Body"]},{"damage_healed":0,"gold_gain":0,"player_choice":"Paid Gold","damage_taken":0,"relics_obtained":["Smiling Mask"],"max_hp_gain":0,"max_hp_loss":0,"event_name":"WeMeetAgain","floor":36,"gold_loss":56},{"damage_healed":0,"gold_gain":0,"player_choice":"Bought 1 Potion","damage_taken":0,"max_hp_gain":0,"max_hp_loss":0,"event_name":"The Woman in Blue","floor":42,"gold_loss":0}],"is_beta":true,"boss_relics":[{"not_picked":["Runic Pyramid","Inserter"],"picked":"Coffee Dripper"},{"not_picked":["Philosopher\u0027s Stone","Orrery"],"picked":"Astrolabe"}],"items_purged_floors":[13,38,53],"is_endless":false,"potions_floor_spawned":[1,4,14,16,18,19,29,35,39,45,47],"killed_by":"Shield and Spear","ascension_level":10}