{"gold_per_floor":[12,12,28,47,147,180,180,203,226,249,267,281,319,319,319,444,444,467,487,18,43,57,57,88,106,106,127,145,160,12,12,12,137,137,151,165,14,14,35,69,87,108,182,225,239,239,282,302,302,302,302,302,18,62,62],"floor_reached":55,"playtime":10215,"items_purged":["Strike_G","Defend_G","Strike_G"],"score":1028,"play_id":"ddc18c2e-0b90-421a-bbe4-befb686bd343","local_time":"20190414004701","is_ascension_mode":true,"campfire_choices":[{"floor":7.0,"key":"REST"},{"data":"After Image","floor":15.0,"key":"SMITH"},{"floor":23.0,"key":"REST"},{"floor":32,"key":"REST"},{"floor":49,"key":"RECALL"},{"data":"Catalyst","floor":52,"key":"SMITH"}],"neow_cost":"NO_GOLD","seed_source_timestamp":0,"circlet_count":0,"master_deck":["Defend_G","Defend_G","Strike_G","Strike_G","Survivor","Neutralize","Accuracy","Bouncing Flask","Bouncing Flask","After Image+1","Backflip","Infinite Blades","Backflip","Die Die Die","Poisoned Stab+1","Bandage Up","Catalyst+1","Corpse Explosion","Blur","Leg Sweep","Backflip+1","Leg Sweep","Blind","Envenom","Backflip+1","Reflex","Deadly Poison+1","Dash","Blur","Cloak And Dagger+1","Die Die Die","Blade Dance","Well Laid Plans","Bullet Time","Cloak And Dagger+1"],"special_seed":0,"relics":["Ring of the Serpent","Golden Idol","Anchor","Smiling Mask","Pen Nib","Philosopher\u0027s Stone","Letter Opener","Thread and Needle","Ornamental Fan","Snake Skull","Paper Crane","PreservedInsect","Darkstone Periapt","Bronze Scales"],"potions_floor_usage":[29,44,44,54,55,55],"damage_taken":[{"damage":0.0,"enemies":"Small Slimes","floor":1.0,"turns":2.0},{"damage":0.0,"enemies":"Jaw Worm","floor":3.0,"turns":4.0},{"damage":1.0,"enemies":"Cultist","floor":4.0,"turns":3.0},{"damage":32.0,"enemies":"3 Sentries","floor":6.0,"turns":9.0},{"damage":3.0,"enemies":"Blue Slaver","floor":8.0,"turns":3.0},{"damage":0.0,"enemies":"Gremlin Gang","floor":10.0,"turns":3.0},{"damage":0.0,"enemies":"Large Slime","floor":11.0,"turns":5.0},{"damage":4.0,"enemies":"2 Fungi Beasts","floor":12.0,"turns":4.0},{"damage":15.0,"enemies":"Gremlin Nob","floor":13.0,"turns":4.0},{"damage":31.0,"enemies":"Slime Boss","floor":16.0,"turns":18.0},{"damage":3.0,"enemies":"Shell Parasite","floor":18.0,"turns":5.0},{"damage":21.0,"enemies":"3 Byrds","floor":19.0,"turns":7.0},{"damage":9.0,"enemies":"Centurion and Healer","floor":21.0,"turns":7.0},{"damage":17.0,"enemies":"Snake Plant","floor":22.0,"turns":4.0},{"damage":30.0,"enemies":"Book of Stabbing","floor":24.0,"turns":5.0},{"damage":19,"enemies":"Chosen and Byrds","floor":25,"turns":6},{"damage":16,"enemies":"Snecko","floor":27,"turns":4},{"damage":1,"enemies":"Snake Plant","floor":28,"turns":5},{"damage":0,"enemies":"3 Cultists","floor":29,"turns":2},{"damage":11,"enemies":"Collector","floor":33,"turns":9},{"damage":12,"enemies":"3 Darklings","floor":35,"turns":3},{"damage":0,"enemies":"Orb Walker","floor":36,"turns":4},{"damage":0,"enemies":"Maw","floor":39,"turns":6},{"damage":26,"enemies":"Giant Head","floor":40,"turns":8},{"damage":14,"enemies":"Jaw Worm Horde","floor":41,"turns":3},{"damage":2,"enemies":"3 Darklings","floor":42,"turns":5},{"damage":3,"enemies":"Reptomancer","floor":44,"turns":6},{"damage":7,"enemies":"Spire Growth","floor":45,"turns":4},{"damage":0,"enemies":"Nemesis","floor":47,"turns":7},{"damage":0,"enemies":"4 Shapes","floor":48,"turns":2},{"damage":52,"enemies":"Awakened One","floor":50,"turns":17},{"damage":22,"enemies":"Shield and Spear","floor":54,"turns":7},{"damage":66,"enemies":"The Heart","floor":55,"turns":9}],"seed_played":"8308385912099886069","potions_obtained":[{"floor":1.0,"key":"SpeedPotion"},{"floor":6.0,"key":"Explosive Potion"},{"floor":10.0,"key":"EssenceOfSteel"},{"floor":11.0,"key":"SkillPotion"},{"floor":13.0,"key":"SkillPotion"},{"floor":24.0,"key":"Explosive Potion"},{"floor":29,"key":"Swift Potion"},{"floor":47,"key":"Dexterity Potion"},{"floor":48,"key":"GamblersBrew"}],"is_trial":false,"path_per_floor":["M","?","M","M","?","E","R","M","T","M","M","M","E","?","R","B",null,"M","M","$","M","M","R","E","M","T","M","M","M","$","?","R","B",null,"M","M","$","?","M","E","M","M","T","E","M","?","E","M","R","B",null,"R","$","E","B"],"character_chosen":"THE_SILENT","items_purchased":["Letter Opener","Bandage Up","Catalyst","Blind","Snake Skull","Well Laid Plans","Bullet Time"],"campfire_rested":3,"item_purchase_floors":[20,20,20,30,37,53,53],"current_hp_per_floor":[70,53,53,52,52,20,41,38,38,38,38,34,19,80,80,49,80,77,56,56,51,38,62,36,21,21,9,12,12,12,12,36,29,80,72,76,76,76,80,58,48,50,50,51,48,80,80,80,80,32,80,80,80,62,0],"gold":62,"neow_bonus":"TRANSFORM_TWO_CARDS","is_prod":false,"is_daily":false,"chose_seed":false,"campfire_upgraded":2,"win_rate":0,"timestamp":1555217221,"path_taken":["M","?","M","M","?","E","R","M","T","?","M","M","E","?","R","BOSS","M","M","$","M","M","R","E","M","T","M","?","M","$","?","R","BOSS","M","M","$","?","M","E","M","M","T","E","?","?","E","M","R","BOSS","R","$","E","BOSS"],"build_version":"2018-11-15","purchased_purges":3,"victory":false,"max_hp_per_floor":[70,70,70,70,70,70,70,70,70,70,70,70,70,80,80,80,80,80,80,80,80,80,80,80,80,80,80,80,80,80,80,80,80,80,80,80,80,80,80,80,80,80,80,80,80,80,80,80,80,80,80,80,80,80,80],"card_choices":[{"not_picked":["Expertise","Flying Knee","Slice"],"picked":"SKIP","floor":1.0},{"not_picked":["Catalyst","Underhanded Strike"],"picked":"Bouncing Flask","floor":3.0},{"not_picked":["Underhanded Strike","Bane"],"picked":"Bouncing Flask","floor":4.0},{"not_picked":["Heel Hook","Sucker Punch"],"picked":"After Image","floor":6.0},{"not_picked":["Calculated Gamble","Terror","Prepared"],"picked":"SKIP","floor":8.0},{"not_picked":["Dodge and Roll","Poisoned Stab","Riddle With Holes"],"picked":"SKIP","floor":10.0},{"not_picked":["Deflect","Caltrops"],"picked":"Backflip","floor":11.0},{"not_picked":["Underhanded Strike","PiercingWail"],"picked":"Infinite Blades","floor":12.0},{"not_picked":["Poisoned Stab","Storm of Steel"],"picked":"Backflip","floor":13.0},{"not_picked":["A Thousand Cuts","Night Terror"],"picked":"Die Die Die","floor":16.0},{"not_picked":["Sucker Punch","Flying Knee","Prepared"],"picked":"SKIP","floor":18.0},{"not_picked":["Bane","Predator"],"picked":"Poisoned Stab+1","floor":19.0},{"not_picked":["Cloak And Dagger","Deflect+1"],"picked":"Corpse Explosion","floor":21.0},{"not_picked":["Backflip","Bane"],"picked":"Blur","floor":22.0},{"not_picked":["Acrobatics","Expertise"],"picked":"Leg Sweep","floor":24.0},{"not_picked":["Quick Slash","Sucker Punch","Finisher"],"picked":"SKIP","floor":25},{"not_picked":["Tactician","Cloak And Dagger"],"picked":"Backflip+1","floor":27},{"not_picked":["Calculated Gamble","Skewer"],"picked":"Leg Sweep","floor":28},{"not_picked":["Prepared","Choke+1","Deflect"],"picked":"SKIP","floor":29},{"not_picked":["Corpse Explosion","Doppelganger"],"picked":"Envenom","floor":33},{"not_picked":["Bane","Deflect","Dodge and Roll+1"],"picked":"SKIP","floor":35},{"not_picked":["Expertise+1","Dodge and Roll"],"picked":"Backflip+1","floor":36},{"not_picked":["Slice","Backflip+1","Deadly Poison"],"picked":"SKIP","floor":39},{"not_picked":["Corpse Explosion","Caltrops"],"picked":"Deadly Poison+1","floor":40},{"not_picked":["Slice+1","Quick Slash+1"],"picked":"Dash","floor":41},{"not_picked":["Finisher","Masterful Stab+1","Bane+1"],"picked":"SKIP","floor":42},{"not_picked":["Reflex+1","Sucker Punch+1"],"picked":"Blur","floor":44},{"not_picked":["Dagger Throw+1","Flying Knee+1"],"picked":"Cloak And Dagger+1","floor":45},{"not_picked":["Wraith Form v2","Dagger Throw+1"],"picked":"Die Die Die","floor":47},{"not_picked":["Dagger Spray+1","Flying Knee+1"],"picked":"Blade Dance","floor":48},{"not_picked":["Dagger Spray+1","Sucker Punch"],"picked":"Cloak And Dagger+1","floor":54}],"player_experience":298892,"relics_obtained":[{"floor":6.0,"key":"Anchor"},{"floor":9.0,"key":"Smiling Mask"},{"floor":13.0,"key":"Pen Nib"},{"floor":24.0,"key":"Thread and Needle"},{"floor":26,"key":"Ornamental Fan"},{"floor":40,"key":"Paper Crane"},{"floor":44,"key":"PreservedInsect"},{"floor":47,"key":"Darkstone Periapt"},{"floor":54,"key":"Bronze Scales"}],"event_choices":[{"damage_healed":0.0,"max_hp_gain":0.0,"max_hp_loss":0.0,"gold_gain":0.0,"event_name":"Golden Idol","player_choice":"Take Damage","floor":2.0,"gold_loss":0.0,"damage_taken":17.0,"relics_obtained":["Golden Idol"]},{"damage_healed":0.0,"max_hp_gain":0.0,"max_hp_loss":0.0,"gold_gain":100.0,"event_name":"Golden Shrine","player_choice":"Pray","floor":5.0,"gold_loss":0.0,"damage_taken":0.0},{"cards_removed":["Glass Knife"],"damage_healed":51.0,"max_hp_gain":10.0,"max_hp_loss":0.0,"gold_gain":0.0,"event_name":"Bonfire Elementals","player_choice":"Offered Rare","floor":14.0,"gold_loss":0.0,"damage_taken":0.0},{"damage_healed":0,"gold_gain":0,"player_choice":"Ignored","damage_taken":0,"max_hp_gain":0,"max_hp_loss":0,"event_name":"Cursed Tome","floor":31,"gold_loss":0},{"damage_healed":0,"gold_gain":0,"cards_transformed":["Defend_G"],"player_choice":"Transformed","damage_taken":0,"max_hp_gain":0,"max_hp_loss":0,"event_name":"Transmorgrifier","floor":38,"gold_loss":0,"cards_obtained":["Reflex"]},{"damage_healed":32,"gold_gain":0,"player_choice":"Full Heal","damage_taken":0,"max_hp_gain":0,"max_hp_loss":0,"event_name":"Wheel of Change","floor":46,"gold_loss":0}],"is_beta":false,"boss_relics":[{"not_picked":["Sozu","Ectoplasm"],"picked":"Philosopher\u0027s Stone"},{"not_picked":["Snecko Eye","HoveringKite"],"picked":"Ring of the Serpent"}],"items_purged_floors":[20,30,53],"is_endless":false,"potions_floor_spawned":[1,6,10,11,13,18,24,25,29,33,40,41,47,48],"killed_by":"The Heart","ascension_level":3}