{"gold_per_floor":[115,131,145,159,159,159,175,189,214,214],"floor_reached":10,"playtime":816,"items_purged":[],"score":62,"play_id":"e6b5b384-ebae-42c8-89c7-7898d204e552","local_time":"20190126232313","is_ascension_mode":false,"campfire_choices":[{"data":"Bouncing Flask","floor":6,"key":"SMITH"}],"neow_cost":"NONE","seed_source_timestamp":210034675458624,"circlet_count":0,"master_deck":["Defend_G","Defend_G","Defend_G","Defend_G","Defend_G","Strike_G","Strike_G","Strike_G","Strike_G","Strike_G","Survivor","Neutralize","Prepared","Dagger Throw","Bouncing Flask+1","Deadly Poison","Backflip","Well Laid Plans","Escape Plan","Acrobatics","Poisoned Stab","Discovery","Corpse Explosion","Tools of the Trade"],"relics":["Orrery","Smiling Mask"],"potions_floor_usage":[2,7],"damage_taken":[{"damage":4,"enemies":"2 Louse","floor":1,"turns":3},{"damage":0,"enemies":"Cultist","floor":2,"turns":3},{"damage":6,"enemies":"Jaw Worm","floor":3,"turns":3},{"damage":19,"enemies":"Exordium Thugs","floor":4,"turns":5},{"damage":0,"enemies":"Blue Slaver","floor":7,"turns":3},{"damage":29,"enemies":"Exordium Wildlife","floor":8,"turns":4},{"damage":12,"enemies":"Gremlin Gang","floor":10,"turns":2}],"seed_played":"1418727263445063696","potions_obtained":[{"floor":1,"key":"EntropicBrew"}],"is_trial":false,"path_per_floor":["M","M","M","M","?","R","M","M","T","M"],"character_chosen":"THE_SILENT","items_purchased":[],"campfire_rested":0,"item_purchase_floors":[],"current_hp_per_floor":[66,66,60,41,41,41,41,12,12,0],"gold":214,"neow_bonus":"BOSS_RELIC","is_prod":false,"is_daily":false,"chose_seed":false,"campfire_upgraded":1,"win_rate":0,"timestamp":1548541393,"path_taken":["M","M","M","M","?","R","M","M","T","M"],"build_version":"2019-01-23","purchased_purges":0,"victory":false,"max_hp_per_floor":[70,70,70,70,70,70,70,70,70,70],"card_choices":[{"not_picked":["Caltrops","Flying Knee"],"picked":"Prepared","floor":0},{"not_picked":["All Out Attack","Flechettes"],"picked":"Dagger Throw","floor":0},{"not_picked":["Dagger Throw","Acrobatics"],"picked":"Bouncing Flask","floor":0},{"not_picked":["Tactician","Bane"],"picked":"Deadly Poison","floor":0},{"not_picked":["Sucker Punch","Storm of Steel"],"picked":"Backflip","floor":0},{"not_picked":["Endless Agony","Bane"],"picked":"Well Laid Plans","floor":1},{"not_picked":["Outmaneuver","Tactician"],"picked":"Escape Plan","floor":2},{"not_picked":["Cloak And Dagger","Outmaneuver"],"picked":"Acrobatics","floor":3},{"not_picked":["Quick Slash","Blade Dance"],"picked":"Poisoned Stab","floor":4},{"not_picked":["Poisoned Stab","Slice"],"picked":"Tools of the Trade","floor":7},{"not_picked":["All Out Attack","Bane","Caltrops"],"picked":"SKIP","floor":8}],"player_experience":43595,"relics_obtained":[{"floor":9,"key":"Smiling Mask"}],"event_choices":[{"damage_healed":0,"gold_gain":0,"player_choice":"2 cards matched","damage_taken":0,"max_hp_gain":0,"max_hp_loss":0,"event_name":"Match and Keep!","floor":5,"gold_loss":0,"cards_obtained":["Discovery","Corpse Explosion"]}],"is_beta":false,"boss_relics":[],"items_purged_floors":[],"is_endless":false,"potions_floor_spawned":[1,3,4],"killed_by":"Gremlin Gang","ascension_level":0}