{"path_per_floor":["M","M","?","M","$","R","E","R","T","M","E","?","M","M","R","B",null,"M","?","$","M","$","R","E","R","T","T","?","R","M","M","R","B",null,"M","M","?","M","?","R","$","R","T","E","M","E","M","M","R"],"character_chosen":"DEFECT","items_purchased":["Chill","Redo","Apotheosis","Capacitor","Lee\u0027s Waffle","Defragment"],"gold_per_floor":[115,128,128,145,34,34,66,66,96,112,142,142,160,178,178,250,250,262,262,31,30,30,30,58,58,83,83,83,83,97,115,115,189,189,208,228,277,290,290,290,7,7,7,42,52,87,99,111,111,111],"floor_reached":50,"campfire_rested":7,"playtime":2031,"item_purchase_floors":[],"current_hp_per_floor":[59,53,48,44,44,44,13,34,34,30,16,39,39,36,36,22,59,45,45,45,23,23,44,20,41,41,41,41,62,35,9,30,17,58,58,44,12,19,19,40,78,78,78,78,59,66,78,51,74,0],"items_purged":[],"gold":111,"score":1044,"play_id":"f2605ac9-4983-4a76-a878-699ce20f7405","local_time":"20180519220455","is_prod":false,"is_daily":false,"chose_seed":false,"is_ascension_mode":true,"campfire_upgraded":3,"timestamp":1526738695,"campfire_choices":[{"data":"Redo","floor":6.0,"key":"SMITH"},{"floor":8.0,"key":"REST"},{"data":"Defragment","floor":15.0,"key":"SMITH"},{"floor":23,"key":"REST"},{"floor":25,"key":"REST"},{"floor":29,"key":"REST"},{"floor":32,"key":"REST"},{"floor":40,"key":"REST"},{"data":"Capacitor","floor":42,"key":"SMITH"},{"floor":49,"key":"REST"}],"path_taken":["M","M","?","M","$","R","E","R","T","?","E","?","?","M","R","BOSS","M","?","$","M","$","R","E","R","T","?","?","R","M","M","R","BOSS","M","M","?","?","?","R","$","R","T","E","M","E","M","M","R","BOSS"],"build_version":"2018-05-18","seed_source_timestamp":810916512014128,"purchased_purges":0,"victory":false,"master_deck":["Strike_B","Strike_B","Strike_B","Defend_B+1","Defend_B","Defend_B","Defend_B","Zap","Dualcast","AscendersBane","White Noise","Leap","Sweeping Beam+1","Chill","Redo+1","Sunder","BootSequence","Defragment+1","Go for the Eyes+1","Ball Lightning","Buffer","White Noise+1","Apotheosis+1","Capacitor+1","Leap+1","Auto Shields","Double Energy","Fusion","Multi-Cast","Defragment","Machine Learning","Defragment","Heatsinks","Heatsinks","Cold Snap","Darkness","Glacier"],"max_hp_per_floor":[71,71,71,71,71,71,71,71,71,71,71,71,71,71,71,71,71,71,71,71,71,71,71,71,71,71,71,71,71,71,71,71,71,71,71,71,71,71,71,71,78,78,78,78,78,78,78,78,78,78],"relics":["Cracked Core","Symbiotic Virus","Bottled Lightning","Tiny Chest","Matryoshka","Lizard Tail","Letter Opener","Whetstone","Bag of Marbles","War Paint","Prayer Wheel","Runic Dome","Dead Branch","Lee\u0027s Waffle","Darkstone Periapt","Kunai","Dream Catcher"],"card_choices":[{"not_picked":["Auto Shields","Rip and Tear"],"picked":"White Noise","floor":1.0},{"not_picked":["Cold Snap","Hello World"],"picked":"Leap","floor":2.0},{"not_picked":["Steam Power","Barrage"],"picked":"Sweeping Beam","floor":4.0},{"not_picked":["Darkness","Tempest"],"picked":"Sunder","floor":7.0},{"not_picked":["Barrage","Hologram"],"picked":"BootSequence","floor":10.0},{"not_picked":["Ball Lightning","Thunder Strike"],"picked":"Defragment","floor":11.0},{"not_picked":["Axe Kick","Sweeping Beam"],"picked":"Go for the Eyes","floor":13.0},{"not_picked":["Leap","Barrage"],"picked":"Ball Lightning","floor":14.0},{"not_picked":["Nova","Hyperbeam"],"picked":"Buffer","floor":16.0},{"not_picked":["Fusion","Cold Snap"],"picked":"White Noise+1","floor":18.0},{"not_picked":["Scrape","Recycle"],"picked":"Leap+1","floor":21},{"not_picked":["Skim+1","Go for the Eyes+1"],"picked":"Auto Shields","floor":24},{"not_picked":["Turbo","Go for the Eyes"],"picked":"Double Energy","floor":30},{"not_picked":["BootSequence+1","Rebound+1","Barrage"],"picked":"SKIP","floor":30},{"not_picked":["Rip and Tear+1","Capacitor"],"picked":"Fusion","floor":31},{"not_picked":["Hello World+1","Steam+1","Streamline"],"picked":"SKIP","floor":31},{"not_picked":["Fission","Amplify"],"picked":"Multi-Cast","floor":33},{"not_picked":["Axe Kick+1","Static Discharge"],"picked":"Defragment","floor":35},{"not_picked":["Hello World+1","Streamline","Turbo+1"],"picked":"SKIP","floor":35},{"not_picked":["Steam+1","Go for the Eyes+1","Hologram"],"picked":"SKIP","floor":36},{"not_picked":["Lockon","Sweeping Beam+1","Stack"],"picked":"SKIP","floor":36},{"not_picked":["Rebound+1","Rip and Tear+1"],"picked":"Machine Learning","floor":37},{"not_picked":["Turbo+1","Rebound","Hologram"],"picked":"SKIP","floor":38},{"not_picked":["Axe Kick+1","Scrape","Rebound+1"],"picked":"SKIP","floor":38},{"not_picked":["Beam Cell","Nova"],"picked":"Heatsinks","floor":44},{"not_picked":["Leap","Ball Lightning"],"picked":"Heatsinks","floor":45},{"not_picked":["Auto Shields","Hello World"],"picked":"Cold Snap","floor":45},{"not_picked":["Leap","Ball Lightning+1"],"picked":"Darkness","floor":46},{"not_picked":["Go for the Eyes","Ball Lightning","Skim+1"],"picked":"SKIP","floor":47},{"not_picked":["Cold Snap","Go for the Eyes","Axe Kick"],"picked":"SKIP","floor":47},{"not_picked":["Double Energy","Skim"],"picked":"Glacier","floor":48},{"not_picked":["Cold Snap+1","Self Repair","Fusion"],"picked":"SKIP","floor":48}],"player_experience":1020363,"potions_floor_usage":[24,33,33,37],"damage_taken":[{"damage":5.0,"enemies":"2 Louse","floor":1.0,"turns":2.0},{"damage":6.0,"enemies":"Cultist","floor":2.0,"turns":4.0},{"damage":4.0,"enemies":"Small Slimes","floor":4.0,"turns":5.0},{"damage":31.0,"enemies":"Gremlin Nob","floor":7.0,"turns":4.0},{"damage":4.0,"enemies":"Looter","floor":10.0,"turns":3.0},{"damage":14.0,"enemies":"3 Sentries","floor":11.0,"turns":9.0},{"damage":0.0,"enemies":"Exordium Thugs","floor":13.0,"turns":3.0},{"damage":3.0,"enemies":"Large Slime","floor":14.0,"turns":3.0},{"damage":14.0,"enemies":"Hexaghost","floor":16.0,"turns":9.0},{"damage":14.0,"enemies":"Spheric Guardian","floor":18.0,"turns":5.0},{"damage":22,"enemies":"2 Thieves","floor":21,"turns":4},{"damage":24,"enemies":"Slavers","floor":24,"turns":6},{"damage":27,"enemies":"Snake Plant","floor":30,"turns":5},{"damage":26,"enemies":"Sentry and Sphere","floor":31,"turns":4},{"damage":20,"enemies":"Collector","floor":33,"turns":10},{"damage":0,"enemies":"Orb Walker","floor":35,"turns":4},{"damage":14,"enemies":"3 Darklings","floor":36,"turns":6},{"damage":32,"enemies":"Mysterious Sphere","floor":37,"turns":5},{"damage":38,"enemies":"Spire Growth","floor":38,"turns":6},{"damage":0,"enemies":"Giant Head","floor":44,"turns":7},{"damage":26,"enemies":"Sphere and 2 Shapes","floor":45,"turns":7},{"damage":0,"enemies":"Nemesis","floor":46,"turns":5},{"damage":0,"enemies":"3 Darklings","floor":47,"turns":3},{"damage":27,"enemies":"Maw","floor":48,"turns":5},{"damage":83,"enemies":"Time Eater","floor":50,"turns":7}],"relics_obtained":[{"floor":7.0,"key":"Bottled Lightning"},{"floor":9.0,"key":"Tiny Chest"},{"floor":11.0,"key":"Matryoshka"},{"floor":24,"key":"Letter Opener"},{"floor":26,"key":"Whetstone"},{"floor":26,"key":"Bag of Marbles"},{"floor":27,"key":"War Paint"},{"floor":27,"key":"Prayer Wheel"},{"floor":37,"key":"Dead Branch"},{"floor":43,"key":"Darkstone Periapt"},{"floor":44,"key":"Kunai"},{"floor":46,"key":"Dream Catcher"}],"event_choices":[{"event_name":"Scrap Ooze","player_choice":"success","floor":3.0,"damage_taken":5.0},{"event_name":"Big Fish","player_choice":"Banana","floor":12.0,"damage_taken":0.0},{"event_name":"Match and Keep!","player_choice":"0 cards matched","floor":19,"damage_taken":0},{"event_name":"Back to Basics","player_choice":"Elegance","floor":28,"damage_taken":0},{"event_name":"Mysterious Sphere","player_choice":"Fight","floor":37,"damage_taken":0},{"event_name":"Tomb of Lord Red Mask","player_choice":"Ignored","floor":39,"damage_taken":0}],"boss_relics":[{"not_picked":["Tiny House","Philosopher\u0027s Stone"],"picked":"Runic Dome"}],"items_purged_floors":[],"potions_floor_spawned":[1,2,16,18,31,33,35,44,47],"seed_played":"-3300858326757107015","killed_by":"Time Eater","ascension_level":15,"potions_obtained":[{"floor":1.0,"key":"Dexterity Potion"},{"floor":2.0,"key":"SteroidPotion"},{"floor":16.0,"key":"GamblersBrew"},{"floor":31,"key":"Explosive Potion"},{"floor":33,"key":"Strength Potion"},{"floor":35,"key":"Swift Potion"},{"floor":44,"key":"Energy Potion"},{"floor":47,"key":"EssenceOfSteel"}],"is_trial":false}