{"gold_per_floor":[109,122,140,140,140,140,161,161,161,201,201,225,266,287,287,383,383,407,421,0,0],"floor_reached":21,"playtime":1348,"items_purged":[],"score":382,"play_id":"a7b95802-a830-44de-b937-5750a2704757","local_time":"20190421094655","is_ascension_mode":true,"campfire_choices":[{"data":"Envenom","floor":6.0,"key":"SMITH"},{"data":"Neutralize","floor":8.0,"key":"SMITH"},{"floor":11.0,"key":"REST"},{"data":"Envenom","floor":15.0,"key":"SMITH"}],"neow_cost":"TEN_PERCENT_HP_LOSS","seed_source_timestamp":866363503217400,"circlet_count":0,"master_deck":["AscendersBane","Defend_G","Defend_G","Defend_G","Defend_G+1","Defend_G+1","Strike_G","Strike_G","Strike_G","Strike_G","Survivor","Neutralize+1","Envenom+1","Footwork","Dash","Cloak And Dagger","Footwork","Envenom+1","Escape Plan","Malaise","PiercingWail+1"],"special_seed":0,"relics":["Ring of the Snake","Golden Idol","War Paint","Bottled Tornado","Mercury Hourglass","WristBlade"],"potions_floor_usage":[],"damage_taken":[{"damage":7.0,"enemies":"Small Slimes","floor":1.0,"turns":5.0},{"damage":0.0,"enemies":"2 Louse","floor":2.0,"turns":5.0},{"damage":0.0,"enemies":"Jaw Worm","floor":3.0,"turns":5.0},{"damage":2.0,"enemies":"2 Fungi Beasts","floor":7.0,"turns":5.0},{"damage":26.0,"enemies":"3 Sentries","floor":10.0,"turns":16.0},{"damage":0.0,"enemies":"Blue Slaver","floor":12.0,"turns":5.0},{"damage":6.0,"enemies":"Lagavulin","floor":13.0,"turns":9.0},{"damage":0.0,"enemies":"Large Slime","floor":14.0,"turns":7.0},{"damage":3.0,"enemies":"The Guardian","floor":16.0,"turns":12.0},{"damage":0.0,"enemies":"Shell Parasite","floor":18.0,"turns":9.0},{"damage":12.0,"enemies":"3 Byrds","floor":19.0,"turns":6.0},{"damage":0,"enemies":"Centurion and Healer","floor":21,"turns":2}],"seed_played":"-4959762661788461723","potions_obtained":[{"floor":1.0,"key":"Strength Potion"},{"floor":2.0,"key":"FearPotion"},{"floor":7.0,"key":"Dexterity Potion"},{"floor":16.0,"key":"EssenceOfSteel"}],"is_trial":false,"path_per_floor":["?","?","?"],"character_chosen":"THE_SILENT","items_purchased":[],"campfire_rested":1,"item_purchase_floors":[],"current_hp_per_floor":[52,52,52,52,45,45,43,43,43,17,33,33,27,27,27,24,47,47,35,35,35],"gold":0,"neow_bonus":"THREE_RARE_CARDS","is_prod":false,"is_daily":false,"chose_seed":false,"campfire_upgraded":3,"win_rate":0,"timestamp":1555858015,"path_taken":["M","M","M","?","?","R","M","R","T","E","R","M","E","M","R","BOSS","M","M","?","M"],"build_version":"2019-01-23","purchased_purges":0,"victory":false,"max_hp_per_floor":[60,60,60,54,54,54,54,54,54,54,54,54,54,54,54,54,54,54,54,54,54],"card_choices":[{"not_picked":["Tools of the Trade","Malaise"],"picked":"Envenom","floor":0.0},{"not_picked":["Bane","Concentrate"],"picked":"Footwork","floor":1.0},{"not_picked":["Reflex","Riddle With Holes"],"picked":"Dash","floor":2.0},{"not_picked":["Eviscerate","Quick Slash"],"picked":"Cloak And Dagger","floor":3.0},{"not_picked":["Catalyst","Dagger Throw"],"picked":"Footwork","floor":7.0},{"not_picked":["Reflex","Underhanded Strike"],"picked":"Envenom","floor":10.0},{"not_picked":["Outmaneuver","Slice"],"picked":"Escape Plan","floor":12.0},{"not_picked":["Eviscerate","Caltrops"],"picked":"Malaise","floor":13.0},{"not_picked":["Finisher","Caltrops","Deadly Poison"],"picked":"SKIP","floor":14.0},{"not_picked":["Deadly Poison+1","Terror"],"picked":"PiercingWail+1","floor":18.0},{"not_picked":["Endless Agony","Dagger Throw","Flying Knee+1"],"picked":"SKIP","floor":19.0}],"player_experience":472007,"relics_obtained":[{"floor":9.0,"key":"War Paint"},{"floor":10.0,"key":"Bottled Tornado"},{"floor":13.0,"key":"Mercury Hourglass"}],"event_choices":[{"damage_healed":0.0,"max_hp_gain":0.0,"max_hp_loss":6.0,"gold_gain":0.0,"event_name":"Golden Idol","player_choice":"Lose Max HP","floor":4.0,"gold_loss":0.0,"damage_taken":0.0,"relics_obtained":["Golden Idol"]},{"cards_removed":["Strike_G"],"damage_healed":0.0,"max_hp_gain":0.0,"max_hp_loss":0.0,"gold_gain":0.0,"event_name":"Golden Wing","player_choice":"Card Removal","floor":5.0,"gold_loss":0.0,"damage_taken":7.0},{"damage_healed":0,"gold_gain":0,"player_choice":"Paid Fearfully","damage_taken":0,"max_hp_gain":0,"max_hp_loss":0,"event_name":"Masked Bandits","floor":20,"gold_loss":421}],"is_beta":false,"boss_relics":[{"not_picked":["HoveringKite","Philosopher\u0027s Stone"],"picked":"WristBlade"}],"items_purged_floors":[],"is_endless":false,"potions_floor_spawned":[1,2,7,10,16],"killed_by":"Centurion and Healer","ascension_level":20}