{"gold_per_floor":[113,126,126,126,57,57,83,99,178,191,204,238,251,261,261,336,336,356,17,36,36,36,67,67,84,84,113,113,130,165,184,184,259,259,272,321,334,110,121,121,121,154,154,179,194,221,221,250,250,250,250,250,59,90,90],"floor_reached":56,"playtime":2720,"items_purged":["Strike_R","Defend_R"],"score":2211,"play_id":"69f354a4-15cc-41d8-a056-5508d00adfdf","local_time":"20190417211923","is_ascension_mode":true,"campfire_choices":[{"data":"Bash","floor":6.0,"key":"SMITH"},{"data":"True Grit","floor":15.0,"key":"SMITH"},{"data":"Apotheosis","floor":24.0,"key":"SMITH"},{"floor":28.0,"key":"REST"},{"data":"Offering","floor":32.0,"key":"SMITH"},{"floor":40.0,"key":"RECALL"},{"floor":47.0,"key":"REST"},{"floor":49.0,"key":"REST"},{"floor":52.0,"key":"REST"}],"neow_cost":"NONE","seed_source_timestamp":842731711672998,"circlet_count":0,"master_deck":["AscendersBane","Strike_R","Strike_R","Strike_R","Defend_R+1","Defend_R","Defend_R+1","Bash+1","True Grit+1","Rupture","Shockwave","Spot Weakness","Feel No Pain","Limit Break","Shrug It Off","Pommel Strike","Reaper","Apotheosis+1","Offering+1","Whirlwind","Brutality","Feel No Pain","Inflame","Exhume","Reaper","Impervious","Corruption+1","Flame Barrier","Infernal Blade","Double Tap","Doubt","Feed","Sword Boomerang","Burning Pact+1","Feel No Pain","Shrug It Off"],"special_seed":0,"relics":["Burning Blood","Anchor","Dream Catcher","Gremlin Horn","War Paint","Cursed Key","Nloth\u0027s Gift","Shuriken","Red Mask","Bronze Scales","Fusion Hammer","Du-Vu Doll","Bag of Preparation","Red Skull","Ancient Tea Set","Blue Candle","Pantograph","Paper Frog"],"potions_floor_usage":[55,55],"damage_taken":[{"damage":0.0,"enemies":"Small Slimes","floor":1.0,"turns":1.0},{"damage":0.0,"enemies":"2 Louse","floor":2.0,"turns":1.0},{"damage":0.0,"enemies":"Gremlin Nob","floor":7.0,"turns":1.0},{"damage":0.0,"enemies":"Jaw Worm","floor":8.0,"turns":3.0},{"damage":6.0,"enemies":"Looter","floor":10.0,"turns":3.0},{"damage":5.0,"enemies":"Red Slaver","floor":11.0,"turns":6.0},{"damage":23.0,"enemies":"Lagavulin","floor":12.0,"turns":10.0},{"damage":0.0,"enemies":"2 Fungi Beasts","floor":13.0,"turns":4.0},{"damage":4.0,"enemies":"3 Louse","floor":14.0,"turns":3.0},{"damage":45.0,"enemies":"The Guardian","floor":16.0,"turns":13.0},{"damage":8.0,"enemies":"2 Thieves","floor":18.0,"turns":4.0},{"damage":15.0,"enemies":"Shell Parasite","floor":20.0,"turns":5.0},{"damage":57.0,"enemies":"Book of Stabbing","floor":23.0,"turns":6.0},{"damage":24.0,"enemies":"Cultist and Chosen","floor":25.0,"turns":7.0},{"damage":6.0,"enemies":"Masked Bandits","floor":27.0,"turns":2.0},{"damage":2.0,"enemies":"3 Cultists","floor":29.0,"turns":3.0},{"damage":23.0,"enemies":"Gremlin Leader","floor":30.0,"turns":5.0},{"damage":6.0,"enemies":"Shelled Parasite and Fungi","floor":31.0,"turns":4.0},{"damage":38.0,"enemies":"Collector","floor":33.0,"turns":8.0},{"damage":9.0,"enemies":"Orb Walker","floor":35.0,"turns":4.0},{"damage":42.0,"enemies":"2 Orb Walkers","floor":36.0,"turns":5.0},{"damage":2.0,"enemies":"3 Shapes","floor":37.0,"turns":8.0},{"damage":1.0,"enemies":"3 Darklings","floor":39.0,"turns":3.0},{"damage":16.0,"enemies":"Giant Head","floor":42.0,"turns":5.0},{"damage":38.0,"enemies":"Reptomancer","floor":44.0,"turns":4.0},{"damage":17.0,"enemies":"4 Shapes","floor":45.0,"turns":6.0},{"damage":8.0,"enemies":"Nemesis","floor":46.0,"turns":5.0},{"damage":10.0,"enemies":"Giant Head","floor":48.0,"turns":4.0},{"damage":22.0,"enemies":"Donu and Deca","floor":50.0,"turns":5.0},{"damage":41.0,"enemies":"Shield and Spear","floor":54.0,"turns":5.0},{"damage":51,"enemies":"The Heart","floor":55,"turns":8}],"seed_played":"-5703699824090905952","potions_obtained":[{"floor":2.0,"key":"BloodPotion"},{"floor":11.0,"key":"AttackPotion"},{"floor":13.0,"key":"Poison Potion"},{"floor":16.0,"key":"AttackPotion"},{"floor":25.0,"key":"Strength Potion"},{"floor":29.0,"key":"SkillPotion"},{"floor":31.0,"key":"Fire Potion"},{"floor":36.0,"key":"Fruit Juice"},{"floor":39.0,"key":"FearPotion"},{"floor":42.0,"key":"Ancient Potion"}],"is_trial":false,"path_per_floor":["M","M","?","?","$","R","E","M","T","M","M","E","M","M","R","B",null,"M","$","M","?","$","E","R","M","T","?","R","M","E","M","R","B",null,"M","?","M","$","M","R","?","E","T","E","M","E","R","E","R","B",null,"R","$","E","B",null],"character_chosen":"IRONCLAD","items_purchased":["Rupture","Apotheosis","Offering","Bag of Preparation","Feel No Pain","Shrug It Off"],"campfire_rested":4,"item_purchase_floors":[5,19,19,38,53,53],"current_hp_per_floor":[74,75,75,68,68,68,74,75,75,75,75,58,64,66,66,27,63,71,71,62,62,62,37,37,39,39,39,61,65,75,75,75,75,75,75,65,75,75,80,80,80,80,80,80,88,88,88,88,88,89,91,92,92,92,92],"gold":90,"neow_bonus":"THREE_ENEMY_KILL","is_prod":false,"is_daily":false,"chose_seed":false,"campfire_upgraded":4,"win_rate":0,"timestamp":1555550363,"path_taken":["M","M","?","?","$","R","E","M","T","?","M","E","M","M","R","BOSS","M","$","M","?","$","E","R","?","T","?","R","M","E","M","R","BOSS","M","?","M","$","M","R","?","E","T","E","M","E","R","E","R","BOSS","R","$","E","BOSS"],"build_version":"2019-04-04","purchased_purges":2,"victory":true,"max_hp_per_floor":[75,75,75,75,75,75,75,75,75,75,75,75,75,75,75,75,75,75,75,75,75,75,75,75,75,75,75,75,75,75,75,75,75,75,75,75,75,75,80,80,80,80,80,80,88,88,88,88,88,92,92,92,92,92,92],"card_choices":[{"not_picked":["Clash","Anger"],"picked":"True Grit","floor":1.0},{"not_picked":["Havoc","Wild Strike","Warcry"],"picked":"SKIP","floor":2.0},{"not_picked":["Dual Wield","Sentinel"],"picked":"Shockwave","floor":7.0},{"not_picked":["Heavy Blade","Infernal Blade"],"picked":"Spot Weakness","floor":8.0},{"not_picked":["Warcry","Twin Strike"],"picked":"Feel No Pain","floor":10.0},{"not_picked":["Rampage","Corruption"],"picked":"Limit Break","floor":11.0},{"not_picked":["Body Slam","Headbutt"],"picked":"Shrug It Off","floor":12.0},{"not_picked":["Clothesline","Ghostly Armor"],"picked":"Pommel Strike","floor":13.0},{"not_picked":["Clothesline","Bloodletting","Anger"],"picked":"SKIP","floor":14.0},{"not_picked":["Exhume","Fiend Fire"],"picked":"Reaper","floor":16.0},{"not_picked":["Havoc+1","Warcry","Clothesline"],"picked":"SKIP","floor":18.0},{"not_picked":["Wild Strike","Headbutt"],"picked":"Whirlwind","floor":20.0},{"not_picked":["True Grit","Wild Strike"],"picked":"Brutality","floor":23.0},{"not_picked":["Thunderclap+1","Cleave"],"picked":"Feel No Pain","floor":25.0},{"not_picked":["Twin Strike","Uppercut"],"picked":"Inflame","floor":28.0},{"not_picked":["Anger","Iron Wave+1","Clash"],"picked":"SKIP","floor":29.0},{"not_picked":["Anger","Iron Wave+1","Clash"],"picked":"SKIP","floor":29.0},{"not_picked":["Thunderclap","Rupture"],"picked":"Exhume","floor":30.0},{"not_picked":["True Grit","Bloodletting+1"],"picked":"Reaper","floor":31.0},{"not_picked":["Dark Embrace","Brutality"],"picked":"Impervious","floor":33.0},{"not_picked":["Body Slam","Reckless Charge","Wild Strike"],"picked":"SKIP","floor":35.0},{"not_picked":["Metallicize","Demon Form"],"picked":"Corruption+1","floor":36.0},{"not_picked":["Seeing Red","Searing Blow+1","Twin Strike"],"picked":"SKIP","floor":37.0},{"not_picked":["Body Slam","Anger"],"picked":"Flame Barrier","floor":39.0},{"not_picked":["Twin Strike","Intimidate+1"],"picked":"Double Tap","floor":42.0},{"not_picked":["Perfected Strike+1","Havoc+1"],"picked":"Feed","floor":44.0},{"not_picked":["Wild Strike+1","Twin Strike+1","Headbutt"],"picked":"SKIP","floor":45.0},{"not_picked":["Flex","Inflame","Clash"],"picked":"SKIP","floor":46.0},{"not_picked":["Iron Wave+1","Hemokinesis+1"],"picked":"Sword Boomerang","floor":47.0},{"not_picked":["Pommel Strike","Body Slam"],"picked":"Burning Pact+1","floor":48.0},{"not_picked":["Fiend Fire","Havoc+1","Dropkick"],"picked":"SKIP","floor":54.0}],"player_experience":962222,"relics_obtained":[{"floor":7.0,"key":"Dream Catcher"},{"floor":9.0,"key":"Gremlin Horn"},{"floor":12.0,"key":"War Paint"},{"floor":23.0,"key":"Shuriken"},{"floor":27.0,"key":"Red Mask"},{"floor":30.0,"key":"Bronze Scales"},{"floor":36.0,"key":"Du-Vu Doll"},{"floor":42.0,"key":"Red Skull"},{"floor":44.0,"key":"Ancient Tea Set"},{"floor":46.0,"key":"Blue Candle"},{"floor":48.0,"key":"Pantograph"},{"floor":54.0,"key":"Paper Frog"}],"event_choices":[{"damage_healed":0.0,"max_hp_gain":0.0,"max_hp_loss":0.0,"gold_gain":0.0,"event_name":"Big Fish","player_choice":"Box","floor":3.0,"gold_loss":0.0,"damage_taken":0.0,"relics_obtained":["Anchor"],"cards_obtained":["Regret"]},{"cards_removed":["Regret"],"damage_healed":0.0,"max_hp_gain":0.0,"max_hp_loss":0.0,"gold_gain":0.0,"event_name":"Golden Wing","player_choice":"Card Removal","floor":4.0,"gold_loss":0.0,"damage_taken":7.0},{"damage_healed":0.0,"max_hp_gain":0.0,"max_hp_loss":0.0,"gold_gain":0.0,"event_name":"N\u0027loth","player_choice":"Traded Relic","floor":21.0,"relics_lost":["NeowsBlessing"],"gold_loss":0.0,"damage_taken":0.0,"relics_obtained":["Nloth\u0027s Gift"]},{"damage_healed":0.0,"max_hp_gain":0.0,"max_hp_loss":0.0,"gold_gain":0.0,"event_name":"Masked Bandits","player_choice":"Fought Bandits","floor":27.0,"gold_loss":0.0,"damage_taken":0.0},{"damage_healed":0.0,"max_hp_gain":0.0,"max_hp_loss":0.0,"gold_gain":0.0,"event_name":"Mysterious Sphere","player_choice":"Fight","floor":36.0,"gold_loss":0.0,"damage_taken":0.0},{"damage_healed":0.0,"max_hp_gain":0.0,"max_hp_loss":0.0,"gold_gain":0.0,"cards_transformed":["Strike_R"],"event_name":"Transmorgrifier","player_choice":"Transformed","floor":41.0,"gold_loss":0.0,"damage_taken":0.0,"cards_obtained":["Infernal Blade"]}],"is_beta":true,"boss_relics":[{"not_picked":["Orrery","Lizard Tail"],"picked":"Cursed Key"},{"not_picked":["Tiny House","Sozu"],"picked":"Fusion Hammer"}],"items_purged_floors":[38,53],"is_endless":false,"potions_floor_spawned":[2,11,13,14,16,25,29,31,35,36,39,42,54],"ascension_level":15}