{"gold_per_floor":[99,111,111,130,150,150,167,1,1,1,1,18,28,0,0,102,102,119,119,12,31,51,51,3,3,3,22,22,22,35,54,54,153,153,164,215,215,228,55,55,71,371,371,371,371,371,391,182,182,182],"floor_reached":51,"playtime":5461,"items_purged":["Strike_B","Strike_B"],"score":639,"play_id":"fe982a15-16ea-482e-8e53-06451e1aa624","local_time":"20190106163536","is_ascension_mode":false,"campfire_choices":[{"data":"Defend_B","floor":6,"key":"SMITH"},{"data":"Streamline","floor":10,"key":"SMITH"},{"data":"Conserve Battery","floor":15,"key":"SMITH"},{"data":"Buffer","floor":23,"key":"SMITH"},{"data":"Defend_B","floor":25,"key":"SMITH"},{"data":"Defend_B","floor":28,"key":"SMITH"},{"data":"Defend_B","floor":32,"key":"SMITH"},{"data":"Hello World","floor":40,"key":"SMITH"},{"data":"Stack","floor":44,"key":"SMITH"},{"data":"Seek","floor":49,"key":"SMITH"}],"neow_cost":"NONE","seed_source_timestamp":1796789780689,"circlet_count":0,"master_deck":["Defend_B+1","Defend_B+1","Defend_B+1","Defend_B+1","Zap","Dualcast","Redo","Redo","Hologram","Barrage","Electrodynamics","Conserve Battery+1","Streamline+1","Static Discharge","Go for the Eyes","Buffer+1","Melter","Aggregate","White Noise","Ball Lightning","Self Repair","Conserve Battery+1","Tempest+1","Seek+1","Redo","Streamline+1","BootSequence+1","Hello World+1","Stack+1","Thinking Ahead","Apotheosis","Master of Strategy","Madness","Madness"],"relics":["Cracked Core","Matryoshka","Velvet Choker","Juzu Bracelet","Pear","FossilizedHelix","Philosopher\u0027s Stone","Thread and Needle","Ancient Tea Set","Dodecahedron","ClockworkSouvenir"],"potions_floor_usage":[4,7,16,16,21,33,47,50,50,50,50,50],"damage_taken":[{"damage":1,"enemies":"2 Louse","floor":1,"turns":2},{"damage":1,"enemies":"Cultist","floor":2,"turns":3},{"damage":8,"enemies":"Jaw Worm","floor":4,"turns":3},{"damage":4,"enemies":"Blue Slaver","floor":5,"turns":4},{"damage":14,"enemies":"Exordium Thugs","floor":7,"turns":4},{"damage":2,"enemies":"Exordium Wildlife","floor":12,"turns":4},{"damage":0,"enemies":"Large Slime","floor":13,"turns":3},{"damage":46,"enemies":"The Guardian","floor":16,"turns":9},{"damage":14,"enemies":"Shell Parasite","floor":18,"turns":5},{"damage":5,"enemies":"Chosen","floor":21,"turns":4},{"damage":12,"enemies":"Centurion and Healer","floor":22,"turns":4},{"damage":7,"enemies":"Sentry and Sphere","floor":27,"turns":5},{"damage":0,"enemies":"Cultist and Chosen","floor":30,"turns":6},{"damage":21,"enemies":"Snake Plant","floor":31,"turns":5},{"damage":34,"enemies":"Collector","floor":33,"turns":9},{"damage":5,"enemies":"3 Shapes","floor":35,"turns":3},{"damage":14,"enemies":"2 Orb Walkers","floor":36,"turns":4},{"damage":0,"enemies":"Orb Walker","floor":38,"turns":3},{"damage":0,"enemies":"Spire Growth","floor":41,"turns":6},{"damage":0,"enemies":"Maw","floor":47,"turns":8},{"damage":78,"enemies":"Awakened One","floor":50,"turns":13}],"seed_played":"7704105361318346237","potions_obtained":[{"floor":2,"key":"Fruit Juice"},{"floor":5,"key":"Block Potion"},{"floor":12,"key":"Ancient Potion"},{"floor":13,"key":"EssenceOfSteel"},{"floor":18,"key":"AttackPotion"},{"floor":27,"key":"SteroidPotion"},{"floor":36,"key":"EntropicBrew"},{"floor":41,"key":"FocusPotion"}],"is_trial":false,"path_per_floor":["M","M","?","M","M","R","M","$","T","R","?","M","M","?","R","B",null,"M","?","$","M","M","R","$","R","T","M","R","?","M","M","R","B",null,"M","?","?","M","$","R","M","?","T","R","?","?","M","$","R","B",null],"character_chosen":"DEFECT","items_purchased":["Conserve Battery","Streamline","Melter","Aggregate","Fire Potion","Hello World","ClockworkSouvenir"],"campfire_rested":0,"item_purchase_floors":[8,8,20,20,24,39,48],"current_hp_per_floor":[81,80,80,77,73,73,59,59,59,59,59,57,57,57,57,11,87,73,73,73,68,56,56,56,56,66,59,59,59,66,52,52,25,97,97,90,90,97,97,97,97,97,97,97,87,75,85,85,85,17],"gold":182,"neow_bonus":"TEN_PERCENT_HP_BONUS","is_prod":false,"is_daily":false,"chose_seed":false,"campfire_upgraded":10,"win_rate":0.0,"timestamp":1546810536,"path_taken":["M","M","?","?","M","R","M","?","T","R","?","M","M","?","R","BOSS","M","?","?","M","M","R","?","R","T","M","R","?","M","M","R","BOSS","M","?","?","M","?","R","M","?","T","R","?","?","M","$","R","BOSS"],"build_version":"2019-01-03v4","purchased_purges":2,"victory":true,"max_hp_per_floor":[82,82,82,87,87,87,87,87,87,87,87,87,87,87,87,87,87,87,87,87,87,87,87,87,87,97,97,97,97,97,97,97,97,97,97,97,97,97,97,97,97,97,97,97,97,97,97,97,97,97],"card_choices":[{"not_picked":["Coolheaded","Beam Cell"],"picked":"Redo","floor":1},{"not_picked":["Sweeping Beam","Scrape"],"picked":"Redo","floor":2},{"not_picked":["Consume","Tempest"],"picked":"Hologram","floor":4},{"not_picked":["Sweeping Beam","Hologram"],"picked":"Barrage","floor":5},{"not_picked":["Steam","Streamline"],"picked":"Electrodynamics","floor":7},{"not_picked":["Glacier","Go for the Eyes"],"picked":"Static Discharge","floor":12},{"not_picked":["Steam","Scrape"],"picked":"Go for the Eyes","floor":13},{"not_picked":["Electrodynamics","Amplify"],"picked":"Buffer","floor":16},{"not_picked":["Gash","Rip and Tear"],"picked":"Barrage+1","floor":18},{"not_picked":["Coolheaded","Hologram"],"picked":"White Noise","floor":21},{"not_picked":["Static Discharge","FTL"],"picked":"Ball Lightning","floor":22},{"not_picked":["Compile Driver","Sweeping Beam+1"],"picked":"Self Repair","floor":27},{"not_picked":["Stack","Hologram"],"picked":"Conserve Battery+1","floor":30},{"not_picked":["Gash","Redo+1"],"picked":"Tempest+1","floor":31},{"not_picked":["All For One","Fission"],"picked":"Seek","floor":33},{"not_picked":["Doom and Gloom+1","Gash+1"],"picked":"Redo","floor":35},{"not_picked":["Steam","Reprogram"],"picked":"Streamline+1","floor":36},{"not_picked":["Heatsinks","Static Discharge"],"picked":"BootSequence+1","floor":38},{"not_picked":["Sweeping Beam","Go for the Eyes+1"],"picked":"Stack","floor":41},{"not_picked":["Discovery","Good Instincts"],"picked":"Thinking Ahead","floor":45},{"not_picked":["Jack Of All Trades","Purity"],"picked":"Apotheosis","floor":45},{"not_picked":["Purity","Forethought"],"picked":"Master of Strategy","floor":45},{"not_picked":["Cold Snap","Steam","Compile Driver"],"picked":"SKIP","floor":47}],"player_experience":13632,"relics_obtained":[{"floor":9,"key":"Matryoshka"},{"floor":26,"key":"Juzu Bracelet"},{"floor":26,"key":"Pear"},{"floor":36,"key":"Thread and Needle"},{"floor":43,"key":"Ancient Tea Set"},{"floor":43,"key":"Dodecahedron"}],"event_choices":[{"cards_removed":["Strike_B"],"damage_healed":0,"gold_gain":0,"player_choice":"Offered Basic","damage_taken":0,"max_hp_gain":0,"max_hp_loss":0,"event_name":"Bonfire Elementals","floor":3,"gold_loss":0},{"damage_healed":0,"gold_gain":0,"player_choice":"Ignored","damage_taken":0,"max_hp_gain":0,"max_hp_loss":0,"event_name":"Liars Game","floor":11,"gold_loss":0},{"damage_healed":0,"gold_gain":0,"player_choice":"Left Gold","damage_taken":0,"max_hp_gain":0,"max_hp_loss":0,"event_name":"World of Goop","floor":14,"gold_loss":28},{"cards_removed":["Strike_B"],"damage_healed":0,"gold_gain":0,"player_choice":"Purged","damage_taken":0,"max_hp_gain":0,"max_hp_loss":0,"event_name":"Purifier","floor":19,"gold_loss":0},{"damage_healed":0,"gold_gain":0,"player_choice":"Opened","damage_taken":0,"relics_obtained":["FossilizedHelix"],"max_hp_gain":0,"max_hp_loss":0,"event_name":"The Mausoleum","floor":29,"gold_loss":0},{"damage_healed":0,"gold_gain":0,"player_choice":"Fight","damage_taken":0,"max_hp_gain":0,"max_hp_loss":0,"event_name":"Mysterious Sphere","floor":36,"gold_loss":0},{"cards_removed":["Barrage"],"damage_healed":0,"gold_gain":0,"player_choice":"Removed Attack","damage_taken":0,"max_hp_gain":0,"max_hp_loss":0,"event_name":"Falling","floor":37,"gold_loss":0},{"damage_healed":0,"gold_gain":300,"player_choice":"Gold","damage_taken":0,"max_hp_gain":0,"max_hp_loss":0,"event_name":"Wheel of Change","floor":42,"gold_loss":0},{"damage_healed":0,"gold_gain":0,"player_choice":"Memory 3","damage_taken":10,"max_hp_gain":0,"max_hp_loss":0,"event_name":"SensoryStone","floor":45,"gold_loss":0},{"damage_healed":0,"gold_gain":0,"player_choice":"Embrace Madness","damage_taken":12,"max_hp_gain":0,"max_hp_loss":0,"event_name":"Winding Halls","floor":46,"gold_loss":0,"cards_obtained":["Madness","Madness"]}],"is_beta":false,"boss_relics":[{"not_picked":["Sozu","Busted Crown"],"picked":"Velvet Choker"},{"not_picked":["Calling Bell","Fusion Hammer"],"picked":"Philosopher\u0027s Stone"}],"items_purged_floors":[8,39],"is_endless":false,"potions_floor_spawned":[2,5,12,13,18,27,36,41],"ascension_level":0}