{"path_per_floor":["M","M","M","?","?","E","M","$","T","M","E","R","M","E","R","B",null,"M","M","M","?","?","R","M","T","T"],"character_chosen":"IRONCLAD","items_purchased":["Paper Frog"],"gold_per_floor":[111,130,147,247,247,272,284,37,37,57,92,92,102,131,131,227,227,244,258,275,275,175,175,188,188,266],"floor_reached":27,"campfire_rested":1,"playtime":1471,"current_hp_per_floor":[73,79,80,80,80,53,40,40,40,41,33,33,39,27,66,34,80,70,55,26,52,52,52,27,41,41],"items_purged":[],"gold":266,"score":235,"play_id":"c5c97d9b-0d37-40fb-a8e7-6894cc812dbd","is_prod":false,"is_daily":false,"is_ascension_mode":false,"campfire_upgraded":2,"path_taken":["M","M","?","?","?","E","M","$","T","M","E","R","M","E","R","BOSS","M","M","M","?","?","R","M","?","T","E"],"build_version":"2018-02-12-PROD1","purchased_purges":0,"victory":false,"master_deck":["Strike_R","Strike_R","Strike_R","Strike_R","Strike_R","Defend_R","Defend_R","Defend_R","Defend_R","Bash+1","Intimidate","Pommel Strike","Headbutt","Rampage+1","Exhume","Flex","Headbutt","Flex","J.A.X.","Pommel Strike+1"],"max_hp_per_floor":[80,80,80,80,80,80,80,80,80,80,80,80,80,80,80,80,80,80,80,80,80,80,80,80,94,94],"relics":["Black Blood","Regal Pillow","Ancient Tea Set","Paper Frog","Champion Belt","Anchor","Happy Flower","Mango","Darkstone Periapt"],"card_choices":[{"not_picked":["Cleave","Warcry"],"picked":"Intimidate"},{"not_picked":["Inflame","Berserk"],"picked":"Pommel Strike"},{"not_picked":["Anger","Burning Pact"],"picked":"Headbutt"},{"not_picked":["Sword Boomerang","Second Wind"],"picked":"Rampage"},{"not_picked":["Juggernaut","Dark Embrace"],"picked":"Exhume"},{"not_picked":["Perfected Strike","Hemokinesis"],"picked":"Flex"},{"not_picked":["Thunderclap","Clash"],"picked":"Headbutt"},{"not_picked":["Perfected Strike","Headbutt"],"picked":"Flex"},{"not_picked":["Body Slam","Second Wind"],"picked":"Pommel Strike"}],"player_experience":350444,"potions_floor_usage":[27,27],"damage_taken":[{"damage":13.0,"enemies":"Blue Slaver","floor":1.0,"turns":7.0},{"damage":0.0,"enemies":"Small Slimes","floor":2.0,"turns":3.0},{"damage":1.0,"enemies":"2 Louse","floor":3.0,"turns":3.0},{"damage":33.0,"enemies":"Gremlin Nob","floor":6.0,"turns":5.0},{"damage":19.0,"enemies":"Exordium Thugs","floor":7.0,"turns":5.0},{"damage":5.0,"enemies":"2 Fungi Beasts","floor":10.0,"turns":3.0},{"damage":14.0,"enemies":"Lagavulin","floor":11.0,"turns":6.0},{"damage":0.0,"enemies":"Looter","floor":13.0,"turns":1.0},{"damage":18.0,"enemies":"3 Sentries","floor":14.0,"turns":7.0},{"damage":38.0,"enemies":"The Guardian","floor":16.0,"turns":8.0},{"damage":20.0,"enemies":"3 Byrds","floor":18.0,"turns":6.0},{"damage":25.0,"enemies":"Spheric Guardian","floor":19.0,"turns":4.0},{"damage":39.0,"enemies":"Slaver and Parasite","floor":20.0,"turns":5.0},{"damage":35.0,"enemies":"Chosen and Byrds","floor":24.0,"turns":6.0},{"damage":43,"enemies":"Gremlin Leader","floor":27,"turns":3}],"event_choices":[{"event_name":"Golden Shrine","player_choice":"Pray","floor":4.0,"damage_taken":0.0},{"event_name":"Match and Keep!","player_choice":"0 cards matched","floor":5.0,"damage_taken":0.0},{"event_name":"Match and Keep!","player_choice":"0 cards matched","floor":5.0,"damage_taken":0.0},{"event_name":"The Library","player_choice":"Heal","floor":21.0,"damage_taken":0.0},{"event_name":"Drug Dealer","player_choice":"Got JAXXED","floor":22.0,"damage_taken":0.0}],"boss_relics":[],"potions_floor_spawned":[3,7,13,16,19,20],"seed_played":"-5473075877803315213","killed_by":"Gremlin Leader","ascension_level":0,"is_trial":false}