{"gold_per_floor":[218,233,233,183,202,202,237,248,248,5,5,21,56,70,70,165,165,181,280,280,114,114,148,148,164,187,220,220,220,238,13,13,13],"floor_reached":33,"playtime":914,"items_purged":["Streamline"],"score":493,"play_id":"3426d01f-ac9c-435d-a0f3-584631ed0138","local_time":"20181208203556","is_ascension_mode":true,"campfire_choices":[{"data":"Chaos","floor":6,"key":"SMITH"},{"data":"Barrage","floor":11,"key":"SMITH"},{"data":"Biased Cognition","floor":15,"key":"SMITH"},{"floor":24,"key":"REST"},{"data":"Go for the Eyes","floor":29,"key":"SMITH"},{"data":"Defragment","floor":32,"key":"SMITH"}],"neow_cost":"NONE","seed_source_timestamp":206261609534100,"circlet_count":0,"master_deck":["AscendersBane","Zap+1","Dualcast","Sweeping Beam","Compile Driver","Chaos+1","Auto Shields","Barrage+1","Cold Snap","Leap","Biased Cognition+1","Coolheaded+1","Electrodynamics","Leap+1","Gash","Go for the Eyes+1","Compile Driver","Chaos+1","Compile Driver","Redo+1","Undo+1","Conserve Battery+1","Cold Snap+1","Stack+1","Stack+1","Genetic Algorithm+1","Defragment+1"],"relics":["Cracked Core","Letter Opener","Symbiotic Virus","Runic Capacitor","Toxic Egg 2","Pandora\u0027s Box","Bag of Preparation","Question Card","Strawberry","Anchor","Nilry\u0027s Codex","Oddly Smooth Stone"],"potions_floor_usage":[13,18,33],"damage_taken":[{"damage":7,"enemies":"Jaw Worm","floor":1,"turns":3},{"damage":1,"enemies":"2 Louse","floor":2,"turns":2},{"damage":0,"enemies":"Cultist","floor":5,"turns":2},{"damage":30,"enemies":"3 Sentries","floor":7,"turns":6},{"damage":9,"enemies":"2 Fungi Beasts","floor":8,"turns":3},{"damage":7,"enemies":"Red Slaver","floor":12,"turns":3},{"damage":7,"enemies":"Gremlin Nob","floor":13,"turns":3},{"damage":0,"enemies":"Large Slime","floor":14,"turns":4},{"damage":4,"enemies":"The Guardian","floor":16,"turns":6},{"damage":20,"enemies":"2 Thieves","floor":18,"turns":3},{"damage":15,"enemies":"Book of Stabbing","floor":23,"turns":4},{"damage":0,"enemies":"Chosen","floor":25,"turns":3},{"damage":0,"enemies":"Gremlin Leader","floor":27,"turns":4},{"damage":2,"enemies":"Centurion and Healer","floor":30,"turns":3},{"damage":28,"enemies":"Collector","floor":33,"turns":3}],"seed_played":"-4331014543109253400","potions_obtained":[{"floor":5,"key":"FearPotion"},{"floor":12,"key":"FearPotion"},{"floor":14,"key":"Swift Potion"},{"floor":23,"key":"FearPotion"},{"floor":30,"key":"Dexterity Potion"}],"is_trial":false,"path_per_floor":["M","M","?","?","M","R","E","M","T","$","R","M","E","M","R","B",null,"M","?","?","$","T","E","R","M","T","E","?","R","M","$","R","B"],"character_chosen":"DEFECT","items_purchased":["Runic Capacitor","Cold Snap","Undo+1","Conserve Battery+1","Defragment","Oddly Smooth Stone"],"campfire_rested":1,"item_purchase_floors":[10,10,21,21,31,31],"current_hp_per_floor":[61,60,60,60,60,60,30,21,21,21,21,14,7,7,7,3,57,37,37,23,23,23,8,32,32,39,39,23,23,21,21,21,0],"gold":13,"neow_bonus":"HUNDRED_GOLD","is_prod":false,"is_daily":false,"chose_seed":false,"campfire_upgraded":5,"win_rate":0,"timestamp":1544281556,"path_taken":["M","M","?","?","M","R","E","?","T","$","R","M","E","M","R","BOSS","M","?","?","$","?","E","R","?","T","E","?","R","M","?","R","BOSS"],"build_version":"2018-12-06","purchased_purges":1,"victory":false,"max_hp_per_floor":[75,75,75,75,75,75,75,75,75,75,75,75,75,75,75,75,75,75,75,80,80,80,80,80,80,87,87,87,87,87,87,87,87],"card_choices":[{"not_picked":["Go for the Eyes","Redo"],"picked":"Sweeping Beam","floor":1},{"not_picked":["Doom and Gloom","Stack"],"picked":"Compile Driver","floor":2},{"not_picked":["Consume","Capacitor"],"picked":"Chaos","floor":5},{"not_picked":["Recycle","Conserve Battery"],"picked":"Auto Shields","floor":7},{"not_picked":["Scrape","White Noise"],"picked":"Barrage","floor":8},{"not_picked":["Beam Cell","Fusion"],"picked":"Leap","floor":12},{"not_picked":["Machine Learning","Barrage"],"picked":"Biased Cognition","floor":13},{"not_picked":["Sweeping Beam","FTL"],"picked":"Coolheaded+1","floor":14},{"not_picked":["Thunder Strike","Reboot+1"],"picked":"Electrodynamics","floor":16},{"not_picked":["Capacitor","Gash"],"picked":"Redo+1","floor":18},{"not_picked":["Ball Lightning","Gash"],"picked":"Cold Snap+1","floor":23},{"not_picked":["Storm","Reprogram+1","Doom and Gloom"],"picked":"Stack+1","floor":25},{"not_picked":["Redo+1","Streamline","Force Field+1"],"picked":"Stack+1","floor":27},{"not_picked":["Meteor Strike","Fusion+1","Beam Cell"],"picked":"Genetic Algorithm+1","floor":30}],"player_experience":869501,"relics_obtained":[{"floor":7,"key":"Letter Opener"},{"floor":9,"key":"Symbiotic Virus"},{"floor":13,"key":"Toxic Egg 2"},{"floor":22,"key":"Bag of Preparation"},{"floor":23,"key":"Question Card"},{"floor":26,"key":"Strawberry"},{"floor":27,"key":"Anchor"},{"floor":28,"key":"Nilry\u0027s Codex"}],"event_choices":[{"damage_healed":0,"gold_gain":0,"player_choice":"Grow","damage_taken":0,"max_hp_gain":0,"max_hp_loss":0,"event_name":"Living Wall","floor":3,"gold_loss":0,"cards_upgraded":["Zap"]},{"cards_removed":["Strike_B"],"damage_healed":0,"gold_gain":0,"player_choice":"Card Removal","damage_taken":0,"max_hp_gain":0,"max_hp_loss":0,"event_name":"The Cleric","floor":4,"gold_loss":50},{"damage_healed":0,"gold_gain":99,"player_choice":"Stole From Cult","damage_taken":0,"max_hp_gain":0,"max_hp_loss":0,"event_name":"Nest","floor":19,"gold_loss":0},{"damage_healed":0,"gold_gain":0,"player_choice":"Shed Blood","damage_taken":19,"max_hp_gain":5,"max_hp_loss":0,"event_name":"Forgotten Altar","floor":20,"gold_loss":0},{"damage_healed":0,"gold_gain":0,"player_choice":"Obtained Book","damage_taken":16,"max_hp_gain":0,"max_hp_loss":0,"event_name":"Cursed Tome","floor":28,"gold_loss":0}],"is_beta":true,"boss_relics":[{"not_picked":["White Beast Statue","Coffee Dripper"],"picked":"Pandora\u0027s Box"}],"items_purged_floors":[21],"is_endless":false,"potions_floor_spawned":[5,12,14,16,23,30],"killed_by":"Collector","ascension_level":11}