{"path_per_floor":["M","M","?","?","$","E","M","R","T","R","M","R","M","M","R","B",null,"M","?","M","?","$","R","E","R","T","$","E","T","E","M","R","B",null,"M","M","?","?","?","E","R","E","T","E","R","?","?","M","R","B"],"character_chosen":"IRONCLAD","items_purchased":["War Paint","Whirlwind","Anchor"],"gold_per_floor":[119,137,137,312,46,79,91,91,91,91,107,107,122,135,135,240,240,259,259,279,179,34,34,65,65,65,65,96,96,125,137,137,234,234,249,263,0,47,47,79,79,105,105,138,138,138,138,157,157,157],"floor_reached":51,"campfire_rested":1,"playtime":2160,"current_hp_per_floor":[75,67,67,67,67,47,47,47,47,47,45,45,51,47,47,9,80,72,56,58,58,58,58,57,57,71,71,71,71,56,54,54,56,94,87,85,85,70,70,64,64,54,54,13,41,64,64,67,67,48],"items_purged":["Doubt"],"gold":157,"play_id":"0ddb7d94-ef8f-412c-bff2-449933dc446e","is_prod":false,"is_daily":false,"is_ascension_mode":true,"campfire_upgraded":9,"path_taken":["M","M","?","?","$","E","M","R","T","R","M","R","M","M","R","BOSS","M","?","M","?","?","R","E","R","T","$","E","?","E","M","R","BOSS","M","M","?","?","?","E","R","E","T","E","R","?","?","?","R","BOSS"],"build_version":"2018-01-25-PROD3","purchased_purges":1,"victory":true,"master_deck":["Strike_R","Strike_R","Strike_R","Strike_R","Strike_R","Defend_R+1","Defend_R","Defend_R","Defend_R","Bash+1","Limit Break+1","Dropkick","Pommel Strike+1","Whirlwind+1","Thunderclap+1","Heavy Blade+1","Dropkick","Offering","J.A.X.+1","Exhume+1","Limit Break","Spot Weakness+1","Heavy Blade+1","Flex+1","Twin Strike","Necronomicurse","Twin Strike+1"],"max_hp_per_floor":[80,80,80,80,80,80,80,80,80,80,80,80,80,80,80,80,80,80,80,80,80,80,80,80,80,94,94,94,94,94,94,94,94,94,94,94,94,94,94,94,94,94,94,94,94,94,94,94,94,94],"relics":["Burning Blood","War Paint","Charon\u0027s Ashes","Bag of Preparation","White Beast Statue","Necronomicon","Anchor","Oddly Smooth Stone","Mango","Ornamental Fan","Sundial","The Courier","Lizard Tail","Red Mask","Bird Faced Urn","Dodecahedron","Happy Flower","Lantern","Bag of Marbles"],"card_choices":[{"not_picked":["Reckless Charge","True Grit"],"picked":"Dropkick"},{"not_picked":["Perfected Strike","Cleave"],"picked":"Pommel Strike"},{"not_picked":["Feel No Pain","Bludgeon"],"picked":"Thunderclap"},{"not_picked":["Entrench","Anger"],"picked":"Heavy Blade"},{"not_picked":["Burning Pact","Sword Boomerang"],"picked":"Dropkick"},{"not_picked":["Dark Embrace","Juggernaut"],"picked":"Offering"},{"not_picked":["Pommel Strike","Shockwave"],"picked":"Spot Weakness"},{"not_picked":["Clothesline","Evolve"],"picked":"Exhume"},{"not_picked":["Juggernaut","Exhume"],"picked":"Limit Break"},{"not_picked":["Pommel Strike","Sever Soul"],"picked":"Spot Weakness"},{"not_picked":["Headbutt","Inflame"],"picked":"Heavy Blade"},{"not_picked":["Shrug It Off","Sword Boomerang"],"picked":"Flex"},{"not_picked":["Anger","Warcry"],"picked":"Twin Strike"},{"not_picked":["Havoc","Sword Boomerang"],"picked":"Twin Strike"}],"player_experience":182820,"potions_floor_usage":[16,31,33,40,44,44,50,50,50],"damage_taken":[{"damage":11.0,"enemies":"Jaw Worm","floor":1.0,"turns":2.0},{"damage":14.0,"enemies":"Blue Slaver","floor":2.0,"turns":3.0},{"damage":26.0,"enemies":"Lagavulin","floor":6.0,"turns":4.0},{"damage":6.0,"enemies":"Cultist","floor":7.0,"turns":3.0},{"damage":8.0,"enemies":"Exordium Thugs","floor":11.0,"turns":4.0},{"damage":0.0,"enemies":"3 Louse","floor":13.0,"turns":1.0},{"damage":10.0,"enemies":"Looter","floor":14.0,"turns":2.0},{"damage":44,"enemies":"Slime Boss","floor":16,"turns":8},{"damage":14,"enemies":"2 Thieves","floor":18,"turns":2},{"damage":4,"enemies":"Chosen","floor":20,"turns":2},{"damage":7,"enemies":"Gremlin Leader","floor":24,"turns":2},{"damage":6,"enemies":"Slavers","floor":28,"turns":4},{"damage":21,"enemies":"Gremlin Leader","floor":30,"turns":3},{"damage":8,"enemies":"Snake Plant","floor":31,"turns":2},{"damage":13,"enemies":"Champ","floor":33,"turns":4},{"damage":13,"enemies":"3 Shapes","floor":35,"turns":3},{"damage":8,"enemies":"Orb Walker","floor":36,"turns":2},{"damage":21,"enemies":"Mysterious Sphere","floor":38,"turns":2},{"damage":12,"enemies":"2 Orb Walkers","floor":40,"turns":2},{"damage":16,"enemies":"Giant Head","floor":42,"turns":4},{"damage":47,"enemies":"Nemesis","floor":44,"turns":4},{"damage":3,"enemies":"Sphere and 2 Shapes","floor":48,"turns":1},{"damage":37,"enemies":"Awakened One","floor":50,"turns":5}],"event_choices":[{"event_name":"The Lab","player_choice":"Got Potions","floor":3.0,"damage_taken":0.0},{"event_name":"Liars Game","player_choice":"agreed","floor":4.0,"damage_taken":0.0},{"event_name":"Cursed Tome","player_choice":"Obtained Book","floor":19,"damage_taken":0},{"event_name":"Drug Dealer","player_choice":"Got JAXXED","floor":21,"damage_taken":0},{"event_name":"Tomb of Lord Red Mask","player_choice":"Paid","floor":37,"damage_taken":0},{"event_name":"Mysterious Sphere","player_choice":"Fight","floor":38,"damage_taken":0},{"event_name":"Winding Halls","player_choice":"Writhe","floor":46,"damage_taken":0},{"event_name":"Fountain of Cleansing","player_choice":"Removed Curse","floor":47,"damage_taken":0}],"boss_relics":[{"not_picked":["Velvet Choker","Snecko Eye"],"picked":"White Beast Statue"},{"not_picked":["Tiny House","Eternal Feather"],"picked":"Lizard Tail"}],"potions_floor_spawned":[1,2,6,13,18,20,24,28,30,31,33,35,36,38,40,42,44,48],"seed_played":"5645348610719525362","ascension_level":1,"is_trial":false}