{"path_per_floor":["M","M","M","$","M","R","E","R","T","R","M"],"character_chosen":"DEFECT","items_purchased":["Fusion","Singing Bowl"],"gold_per_floor":[216,227,247,23,40,40,70,70,96,96,109,109],"floor_reached":12,"campfire_rested":2,"playtime":263,"current_hp_per_floor":[53,53,51,51,35,56,10,31,31,31,6,0],"items_purged":[],"gold":109,"score":140,"play_id":"7b40d11b-72f0-4b08-a802-5e720a42a6ae","local_time":"20180519132400","is_prod":false,"is_daily":false,"chose_seed":false,"is_ascension_mode":true,"campfire_upgraded":1,"timestamp":1526707440,"campfire_choices":[{"floor":6.0,"key":"REST"},{"floor":8.0,"key":"REST"},{"data":"Doom and Gloom","floor":10.0,"key":"SMITH"}],"path_taken":["M","M","M","$","M","R","E","R","T","R","M","E"],"build_version":"2018-05-17","seed_source_timestamp":0,"purchased_purges":0,"victory":false,"master_deck":["Strike_B","Strike_B","Strike_B","Strike_B","Defend_B","Defend_B","Defend_B","Defend_B","Zap","Dualcast","AscendersBane","Sweeping Beam","Defragment","Streamline","Fusion","Doom and Gloom+1","Capacitor"],"max_hp_per_floor":[71,71,71,71,71,71,73,73,73,73,73,73],"relics":["Cracked Core","Singing Bowl","Lantern","Art of War"],"card_choices":[{"not_picked":["Go for the Eyes","Beam Cell"],"picked":"Sweeping Beam","floor":1.0},{"not_picked":["Recycle","Redo"],"picked":"Defragment","floor":2.0},{"not_picked":["Turbo","Rebound"],"picked":"Streamline","floor":3.0},{"not_picked":["Ball Lightning","Coolheaded"],"picked":"Doom and Gloom","floor":5.0},{"not_picked":["Go for the Eyes","Scrape","Sweeping Beam"],"picked":"Singing Bowl","floor":7.0},{"not_picked":["Heatsinks","Go for the Eyes"],"picked":"Capacitor","floor":11.0}],"player_experience":1010906,"potions_floor_usage":[12,12],"damage_taken":[{"damage":11.0,"enemies":"Small Slimes","floor":1.0,"turns":4.0},{"damage":0.0,"enemies":"2 Louse","floor":2.0,"turns":2.0},{"damage":2.0,"enemies":"Jaw Worm","floor":3.0,"turns":4.0},{"damage":16.0,"enemies":"Red Slaver","floor":5.0,"turns":4.0},{"damage":48.0,"enemies":"Gremlin Nob","floor":7.0,"turns":5.0},{"damage":25.0,"enemies":"Exordium Wildlife","floor":11.0,"turns":4.0},{"damage":9,"enemies":"3 Sentries","floor":12,"turns":2}],"relics_obtained":[{"floor":7.0,"key":"Lantern"},{"floor":9.0,"key":"Art of War"}],"event_choices":[],"boss_relics":[],"potions_floor_spawned":[2,5],"seed_played":"-77534953749517706","killed_by":"3 Sentries","ascension_level":15,"potions_obtained":[{"floor":2.0,"key":"AttackPotion"},{"floor":5.0,"key":"SkillPotion"}],"is_trial":false}