{"gold_per_floor":[217,292,311,97,97,126,126,126,126,146,157,170,197,208,208,287,287,300,300,312,325,10,35,35,35,62,89,106,106,106,119,119,192,192,205,218,318,318,368,399,411,437,437,167,167,177,177,194,194,194,194,194,16,44,44],"floor_reached":56,"playtime":2643,"items_purged":["Strike_R","Strike_R"],"score":1956,"play_id":"5c66c249-86b7-4bd9-b325-624867f3a92f","local_time":"20190402182631","is_ascension_mode":true,"campfire_choices":[{"floor":8.0,"key":"REST"},{"data":"Uppercut","floor":15.0,"key":"SMITH"},{"floor":24.0,"key":"REST"},{"floor":29.0,"key":"REST"},{"data":"Limit Break","floor":32.0,"key":"SMITH"},{"data":"Feel No Pain","floor":45.0,"key":"SMITH"},{"floor":47.0,"key":"RECALL"},{"data":"True Grit","floor":49.0,"key":"SMITH"},{"data":"Juggernaut","floor":52.0,"key":"SMITH"}],"neow_cost":"NONE","seed_source_timestamp":3363694369515847,"circlet_count":0,"master_deck":["AscendersBane","Strike_R","Strike_R","Strike_R","Defend_R+1","Defend_R","Defend_R+1","Defend_R","Bash","Evolve","Uppercut+1","Inflame","Corruption","Metallicize","Shrug It Off","Shrug It Off","Immolate","Shrug It Off","Limit Break+1","Feel No Pain+1","Wild Strike+1","Feel No Pain+1","Flame Barrier","Spot Weakness","Battle Trance","Juggernaut+1","Battle Trance+1","Apotheosis","True Grit+1","Entrench","Clumsy","Feel No Pain"],"special_seed":0,"relics":["Burning Blood","Orichalcum","Bag of Marbles","Singing Bowl","Centennial Puzzle","Velvet Choker","Bottled Tornado","Kunai","Happy Flower","Du-Vu Doll","Cursed Key","Shovel","Lantern","Champion Belt","Frozen Eye","Vajra"],"potions_floor_usage":[55,55],"damage_taken":[{"damage":0.0,"enemies":"2 Louse","floor":1.0,"turns":3.0},{"damage":10.0,"enemies":"Cultist","floor":3.0,"turns":5.0},{"damage":12.0,"enemies":"3 Sentries","floor":6.0,"turns":10.0},{"damage":3.0,"enemies":"Jaw Worm","floor":10.0,"turns":5.0},{"damage":2.0,"enemies":"Blue Slaver","floor":11.0,"turns":3.0},{"damage":7.0,"enemies":"Looter","floor":12.0,"turns":3.0},{"damage":24.0,"enemies":"Gremlin Nob","floor":13.0,"turns":5.0},{"damage":13.0,"enemies":"Gremlin Gang","floor":14.0,"turns":4.0},{"damage":24.0,"enemies":"Hexaghost","floor":16.0,"turns":12.0},{"damage":5.0,"enemies":"2 Thieves","floor":18.0,"turns":3.0},{"damage":2.0,"enemies":"Chosen","floor":20.0,"turns":4.0},{"damage":26.0,"enemies":"Sentry and Sphere","floor":21.0,"turns":6.0},{"damage":12.0,"enemies":"Book of Stabbing","floor":23.0,"turns":6.0},{"damage":22.0,"enemies":"Gremlin Leader","floor":27.0,"turns":8.0},{"damage":0.0,"enemies":"Snecko","floor":28.0,"turns":3.0},{"damage":11.0,"enemies":"Shelled Parasite and Fungi","floor":31.0,"turns":4.0},{"damage":34.0,"enemies":"Automaton","floor":33.0,"turns":9.0},{"damage":13.0,"enemies":"3 Shapes","floor":35.0,"turns":2.0},{"damage":1.0,"enemies":"3 Darklings","floor":36.0,"turns":3.0},{"damage":8.0,"enemies":"Mind Bloom Boss Battle","floor":37.0,"turns":5.0},{"damage":15.0,"enemies":"Nemesis","floor":40.0,"turns":5.0},{"damage":7.0,"enemies":"4 Shapes","floor":41.0,"turns":5.0},{"damage":3.0,"enemies":"Giant Head","floor":42.0,"turns":8.0},{"damage":3.0,"enemies":"Maw","floor":46.0,"turns":6.0},{"damage":4.0,"enemies":"Spire Growth","floor":48.0,"turns":4.0},{"damage":44.0,"enemies":"Donu and Deca","floor":50.0,"turns":7.0},{"damage":27.0,"enemies":"Shield and Spear","floor":54.0,"turns":5.0},{"damage":54,"enemies":"The Heart","floor":55,"turns":7}],"seed_played":"-5979137454329243841","potions_obtained":[{"floor":1.0,"key":"SmokeBomb"},{"floor":12.0,"key":"Weak Potion"},{"floor":14.0,"key":"Fire Potion"},{"floor":27.0,"key":"Energy Potion"},{"floor":33.0,"key":"Block Potion"},{"floor":37.0,"key":"Poison Potion"},{"floor":41.0,"key":"Fire Potion"},{"floor":46.0,"key":"Strength Potion"}],"is_trial":false,"path_per_floor":["M","?","M","$","?","E","?","R","T","M","M","M","E","M","R","B",null,"M","?","M","M","$","E","R","?","T","E","M","R","?","M","R","B",null,"M","M","?","?","?","E","M","E","T","$","R","M","R","M","R","B",null,"R","$","E","B",null],"character_chosen":"IRONCLAD","items_purchased":["Inflame","Orichalcum","Bottled Tornado","EssenceOfSteel","Frozen Eye","Feel No Pain"],"campfire_rested":3,"item_purchase_floors":[4,4,22,22,44,53],"current_hp_per_floor":[74,63,59,59,36,30,30,52,52,55,59,58,42,35,35,17,62,63,41,45,25,25,19,43,43,43,27,35,60,60,55,55,27,70,63,70,70,64,64,55,54,59,59,59,59,64,64,68,68,30,81,81,81,62,14],"gold":44,"neow_bonus":"HUNDRED_GOLD","is_prod":false,"is_daily":false,"chose_seed":false,"campfire_upgraded":5,"win_rate":0,"timestamp":1554243991,"path_taken":["M","?","M","$","?","E","?","R","T","M","M","?","E","?","R","BOSS","M","?","M","M","$","E","R","?","T","E","M","R","?","?","R","BOSS","M","M","?","?","?","E","M","E","T","$","R","M","R","?","R","BOSS","R","$","E","BOSS"],"build_version":"2019-03-15","purchased_purges":2,"victory":true,"max_hp_per_floor":[75,75,75,75,75,75,75,75,75,75,75,75,77,77,77,77,77,77,82,82,82,82,82,82,82,82,82,84,84,84,84,84,84,84,84,86,88,92,92,92,92,94,94,94,94,96,96,98,98,98,98,98,98,100,100],"card_choices":[{"not_picked":["Headbutt","Clothesline"],"picked":"Evolve","floor":1.0},{"not_picked":["Pummel","Anger"],"picked":"Uppercut","floor":3.0},{"not_picked":["Cleave","Shrug It Off"],"picked":"Corruption","floor":6.0},{"not_picked":["Reckless Charge","Burning Pact"],"picked":"Shrug It Off","floor":10.0},{"not_picked":["Clash","Iron Wave"],"picked":"Shrug It Off","floor":11.0},{"not_picked":["Body Slam","Anger"],"picked":"Immolate","floor":12.0},{"not_picked":["Fire Breathing","Seeing Red","Rampage"],"picked":"Singing Bowl","floor":13.0},{"not_picked":["Flex","Anger"],"picked":"Shrug It Off","floor":14.0},{"not_picked":["Berserk","Bludgeon"],"picked":"Limit Break","floor":16.0},{"not_picked":["Cleave","Shrug It Off"],"picked":"Feel No Pain","floor":18.0},{"not_picked":["Clothesline","Twin Strike"],"picked":"Wild Strike+1","floor":20.0},{"not_picked":["Dual Wield","Clothesline"],"picked":"Feel No Pain+1","floor":21.0},{"not_picked":["Twin Strike","Clothesline"],"picked":"Flame Barrier","floor":23.0},{"not_picked":["Anger","Intimidate"],"picked":"Spot Weakness","floor":27.0},{"not_picked":["Berserk","Flex","Thunderclap"],"picked":"Singing Bowl","floor":28.0},{"not_picked":["Thunderclap","Clothesline"],"picked":"Battle Trance","floor":31.0},{"not_picked":["Feed","Demon Form"],"picked":"Juggernaut","floor":33.0},{"not_picked":["Disarm","Flame Barrier"],"picked":"Battle Trance+1","floor":35.0},{"not_picked":["Body Slam","Iron Wave","Heavy Blade+1"],"picked":"Singing Bowl","floor":36.0},{"not_picked":["Flex","Infernal Blade","Heavy Blade"],"picked":"Singing Bowl","floor":37.0},{"not_picked":["Secret Weapon","Panacea","Finesse"],"picked":"Singing Bowl","floor":38.0},{"not_picked":["Panacea","Blind","Jack Of All Trades"],"picked":"Singing Bowl","floor":38.0},{"not_picked":["HandOfGreed","Deep Breath"],"picked":"Apotheosis","floor":38.0},{"not_picked":["Metallicize+1","Reckless Charge+1"],"picked":"True Grit","floor":40.0},{"not_picked":["Infernal Blade","Corruption"],"picked":"Entrench","floor":41.0},{"not_picked":["Heavy Blade","True Grit","Blood for Blood+1"],"picked":"Singing Bowl","floor":42.0},{"not_picked":["Bloodletting","Infernal Blade","Rage+1"],"picked":"Singing Bowl","floor":46.0},{"not_picked":["Rupture+1","Evolve","Headbutt"],"picked":"Singing Bowl","floor":48.0},{"not_picked":["Cleave","Rage","Havoc+1"],"picked":"Singing Bowl","floor":54.0}],"player_experience":896279,"relics_obtained":[{"floor":6.0,"key":"Bag of Marbles"},{"floor":9.0,"key":"Singing Bowl"},{"floor":13.0,"key":"Centennial Puzzle"},{"floor":23.0,"key":"Kunai"},{"floor":26.0,"key":"Happy Flower"},{"floor":27.0,"key":"Du-Vu Doll"},{"floor":37.0,"key":"Shovel"},{"floor":40.0,"key":"Lantern"},{"floor":42.0,"key":"Champion Belt"},{"floor":54.0,"key":"Vajra"}],"event_choices":[{"damage_healed":0.0,"max_hp_gain":0.0,"max_hp_loss":0.0,"gold_gain":75.0,"event_name":"World of Goop","player_choice":"Gather Gold","floor":2.0,"gold_loss":0.0,"damage_taken":11.0},{"damage_healed":0.0,"max_hp_gain":0.0,"max_hp_loss":0.0,"gold_gain":0.0,"event_name":"Shining Light","player_choice":"Entered Light","floor":5.0,"gold_loss":0.0,"damage_taken":23.0,"cards_upgraded":["Defend_R","Defend_R"]},{"damage_healed":0.0,"max_hp_gain":0.0,"max_hp_loss":0.0,"gold_gain":0.0,"event_name":"Match and Keep!","player_choice":"1 cards matched","floor":7.0,"gold_loss":0.0,"damage_taken":0.0,"cards_obtained":["Metallicize"]},{"damage_healed":0.0,"max_hp_gain":5.0,"max_hp_loss":0.0,"gold_gain":0.0,"event_name":"Forgotten Altar","player_choice":"Shed Blood","floor":19.0,"gold_loss":0.0,"damage_taken":27.0},{"damage_healed":0.0,"max_hp_gain":0.0,"max_hp_loss":0.0,"gold_gain":0.0,"event_name":"Beggar","player_choice":"Ignored","floor":25.0,"gold_loss":0.0,"damage_taken":0.0},{"damage_healed":0.0,"max_hp_gain":0.0,"max_hp_loss":0.0,"gold_gain":0.0,"event_name":"N\u0027loth","player_choice":"Ignored","floor":30.0,"gold_loss":0.0,"damage_taken":0.0},{"damage_healed":0.0,"max_hp_gain":0.0,"max_hp_loss":0.0,"gold_gain":0.0,"event_name":"MindBloom","player_choice":"Fight","floor":37.0,"gold_loss":0.0,"damage_taken":0.0},{"damage_healed":0.0,"max_hp_gain":0.0,"max_hp_loss":0.0,"gold_gain":0.0,"event_name":"SensoryStone","player_choice":"Memory 3","floor":38.0,"gold_loss":0.0,"damage_taken":10.0},{"damage_healed":0.0,"max_hp_gain":0.0,"max_hp_loss":0.0,"gold_gain":50.0,"event_name":"Golden Shrine","player_choice":"Pray","floor":39.0,"gold_loss":0.0,"damage_taken":0.0}],"is_beta":true,"boss_relics":[{"not_picked":["Coffee Dripper","Runic Dome"],"picked":"Velvet Choker"},{"not_picked":["Lizard Tail","Runic Pyramid"],"picked":"Cursed Key"}],"items_purged_floors":[44,53],"is_endless":false,"potions_floor_spawned":[1,12,14,16,18,27,33,37,41,46,48],"ascension_level":15}