{"path_per_floor":["M","?","M","M","$","E","M","E","T","M","R","M","?","$","R","B",null,"M"],"character_chosen":"DEFECT","items_purchased":["Shuriken","Doom and Gloom","Self Repair"],"gold_per_floor":[111,286,303,315,4,29,45,75,122,132,132,144,144,70,70,168,168,184,184],"floor_reached":19,"campfire_rested":1,"playtime":744,"current_hp_per_floor":[75,75,75,75,75,50,26,5,5,5,42,42,42,42,42,14,89,10,0],"items_purged":[],"gold":184,"score":179,"play_id":"03ab7041-e60a-4611-8dc4-eced10a0fde3","local_time":"20180427124502","is_prod":false,"is_daily":false,"chose_seed":false,"is_ascension_mode":false,"campfire_upgraded":1,"timestamp":1524804302,"path_taken":["M","?","?","M","$","E","M","E","T","?","R","M","?","$","R","BOSS","M","?"],"build_version":"2018-04-26","seed_source_timestamp":173078313546815,"purchased_purges":0,"victory":false,"master_deck":["Strike_B","Strike_B","Strike_B","Strike_B","Defend_B","Defend_B","Defend_B","Defend_B","Zap","Dualcast","Doubt","Rip and Tear","Go for the Eyes","Doom and Gloom","Go for the Eyes","Impulse+1","Blaster","Coolheaded","Conserve Battery","Self Repair","Redo","Normality","Pain","Decay","Tempest"],"max_hp_per_floor":[75,75,75,75,75,75,75,75,75,75,75,75,75,75,75,75,89,89,89],"relics":["Cracked Core","NeowsBlessing","Shuriken","Regal Pillow","Kunai","Bag of Preparation","Calling Bell","Dream Catcher","Blue Candle","Mango"],"card_choices":[{"not_picked":["Axe Kick","Streamline"],"picked":"Rip and Tear","floor":3},{"not_picked":["Capacitor","Stack"],"picked":"Go for the Eyes","floor":4},{"not_picked":["Thunder Strike","Barrage"],"picked":"Go for the Eyes","floor":6},{"not_picked":["Cold Snap","Aggregate"],"picked":"Impulse","floor":7},{"not_picked":["Barrage","Storm"],"picked":"Blaster","floor":8},{"not_picked":["Streamline","Storm"],"picked":"Coolheaded","floor":10},{"not_picked":["Biased Cognition","Static Discharge"],"picked":"Conserve Battery","floor":12},{"not_picked":["Biased Cognition","Reboot"],"picked":"Redo","floor":16},{"not_picked":["Gash","Static Discharge"],"picked":"Tempest","floor":18}],"player_experience":906067,"potions_floor_usage":[10],"damage_taken":[{"damage":0,"enemies":"Jaw Worm","floor":1,"turns":1},{"damage":0,"enemies":"Small Slimes","floor":3,"turns":1},{"damage":0,"enemies":"Cultist","floor":4,"turns":1},{"damage":25,"enemies":"Gremlin Nob","floor":6,"turns":4},{"damage":24,"enemies":"Gremlin Gang","floor":7,"turns":4},{"damage":21,"enemies":"Lagavulin","floor":8,"turns":6},{"damage":0,"enemies":"2 Fungi Beasts","floor":10,"turns":3},{"damage":0,"enemies":"Looter","floor":12,"turns":3},{"damage":35,"enemies":"Hexaghost","floor":16,"turns":13},{"damage":86,"enemies":"3 Byrds","floor":18,"turns":6},{"damage":16,"enemies":"Shell Parasite","floor":19,"turns":2}],"event_choices":[{"event_name":"Liars Game","player_choice":"agreed","floor":2,"damage_taken":0},{"event_name":"Golden Wing","player_choice":"Ignored","floor":13,"damage_taken":0}],"boss_relics":[{"not_picked":["Eternal Feather","Inserter"],"picked":"Calling Bell"}],"potions_floor_spawned":[3,6,7,8,12],"seed_played":"-7554938986042439305","killed_by":"Shell Parasite","ascension_level":0,"is_trial":false}