{"path_per_floor":["M","?","?","$","M","E","R","E","T","R","?","E","M","T","R","B",null,"M","$","M","?","M","R","M","M","T","R","E","R","$","E","R","B",null,"M","?","?","M","?","R","E","R","T","M","M","$","?","E","R"],"character_chosen":"DEFECT","items_purchased":["Doom and Gloom","Auto Shields","Mummified Hand","Chill","Magnetism","Blind"],"gold_per_floor":[117,117,117,4,24,58,58,92,145,145,110,142,152,177,177,248,248,266,16,35,35,49,49,62,77,102,102,135,135,58,85,85,160,160,180,180,180,200,200,200,264,264,264,283,297,1,1,35,35,35],"floor_reached":50,"campfire_rested":5,"playtime":1839,"item_purchase_floors":[4,4,19,30,46,46],"current_hp_per_floor":[64,64,57,57,57,57,57,48,48,48,65,61,68,68,68,61,69,41,41,41,41,29,50,50,42,49,72,65,65,65,63,80,42,71,68,68,68,63,63,63,13,38,38,40,52,52,69,39,64,0],"items_purged":[],"gold":35,"score":1013,"play_id":"f4141bbd-4d02-408c-b8ea-035a3f7e9032","local_time":"20180519223545","is_prod":false,"is_daily":false,"chose_seed":false,"is_ascension_mode":true,"campfire_upgraded":5,"timestamp":1526740545,"campfire_choices":[{"data":"Doom and Gloom","floor":7,"key":"SMITH"},{"data":"Gash","floor":10,"key":"SMITH"},{"data":"Chaos","floor":15,"key":"SMITH"},{"floor":23,"key":"REST"},{"floor":27,"key":"REST"},{"data":"Buffer","floor":29,"key":"SMITH"},{"floor":32,"key":"REST"},{"data":"Nova","floor":40,"key":"SMITH"},{"floor":42,"key":"REST"},{"floor":49,"key":"REST"}],"path_taken":["M","?","?","$","?","E","R","E","T","R","?","E","M","?","R","BOSS","M","$","M","?","M","R","M","M","T","R","E","R","$","E","R","BOSS","M","?","?","M","?","R","E","R","T","M","M","$","?","E","R","BOSS"],"build_version":"2018-05-18","seed_source_timestamp":812973290688676,"purchased_purges":0,"victory":false,"master_deck":["Strike_B","Strike_B+1","Strike_B","Defend_B","Defend_B","Defend_B","Defend_B","Zap","Dualcast","AscendersBane","Darkness","Doom and Gloom+1","Auto Shields","Gash+1","White Noise","Steam","Chaos+1","Seek","Leap","Buffer+1","Creative AI","Chill","Nova+1","Conserve Battery","Force Field","Consume","White Noise+1","Magnetism","Blind","Storm+1"],"max_hp_per_floor":[71,71,71,71,71,71,71,71,71,71,71,71,71,71,71,71,71,71,71,71,71,71,71,71,71,78,78,78,78,78,80,80,80,80,80,80,80,82,82,82,84,84,84,84,84,84,84,84,84,84],"relics":["Cracked Core","NeowsBlessing","DataDisk","Omamori","Thread and Needle","Potion Belt","Lantern","Black Star","Mummified Hand","Nloth\u0027s Gift","Strawberry","Blood Vial","Juzu Bracelet","Singing Bowl","Oddly Smooth Stone","Runic Dome","Tiny Chest","Bronze Scales","Kunai","Bag of Marbles","Art of War"],"card_choices":[{"not_picked":["Stack","Coolheaded"],"picked":"Darkness","floor":1},{"not_picked":["Ball Lightning","Leap"],"picked":"Gash","floor":5},{"not_picked":["Scrape","Axe Kick"],"picked":"White Noise","floor":6},{"not_picked":["Axe Kick","Skim"],"picked":"Steam","floor":8},{"not_picked":["Genetic Algorithm","Static Discharge","Coolheaded"],"picked":"SKIP","floor":12},{"not_picked":["Biased Cognition","Cold Snap"],"picked":"Chaos","floor":13},{"not_picked":["All For One","Hyperbeam"],"picked":"Seek","floor":16},{"not_picked":["Auto Shields","Skim"],"picked":"Leap","floor":18},{"not_picked":["Aggregate","Streamline+1","Axe Kick"],"picked":"SKIP","floor":20},{"not_picked":["Reboot","Beam Cell+1"],"picked":"Buffer","floor":22},{"not_picked":["Stack","Skim","Ball Lightning"],"picked":"SKIP","floor":24},{"not_picked":["Barrage","Fusion","Chaos"],"picked":"SKIP","floor":25},{"not_picked":["Electrodynamics","Genetic Algorithm+1"],"picked":"Creative AI","floor":28},{"not_picked":["Beam Cell","Melter","Barrage"],"picked":"Singing Bowl","floor":31},{"not_picked":["Hyperbeam","Rainbow"],"picked":"Nova","floor":33},{"not_picked":["Recycle+1","Axe Kick"],"picked":"Conserve Battery","floor":35},{"not_picked":["Creative AI","Barrage","Cold Snap"],"picked":"Singing Bowl","floor":38},{"not_picked":["Sweeping Beam","Stack","Steam"],"picked":"Singing Bowl","floor":41},{"not_picked":["Axe Kick","Seek"],"picked":"Consume","floor":44},{"not_picked":["Genetic Algorithm","Beam Cell"],"picked":"White Noise+1","floor":45},{"not_picked":["Hologram","Amplify"],"picked":"Storm+1","floor":48}],"player_experience":1022394,"potions_floor_usage":[12,16,18,24,24,28,28,31,31,31,31,41,44,45],"damage_taken":[{"damage":0,"enemies":"Jaw Worm","floor":1,"turns":1},{"damage":0,"enemies":"Small Slimes","floor":5,"turns":1},{"damage":0,"enemies":"3 Sentries","floor":6,"turns":1},{"damage":9,"enemies":"Lagavulin","floor":8,"turns":5},{"damage":4,"enemies":"3 Sentries","floor":12,"turns":5},{"damage":0,"enemies":"2 Louse","floor":13,"turns":3},{"damage":7,"enemies":"The Guardian","floor":16,"turns":9},{"damage":28,"enemies":"3 Byrds","floor":18,"turns":4},{"damage":0,"enemies":"Shell Parasite","floor":20,"turns":4},{"damage":12,"enemies":"Snake Plant","floor":22,"turns":4},{"damage":0,"enemies":"Cultist and Chosen","floor":24,"turns":5},{"damage":8,"enemies":"Snecko","floor":25,"turns":5},{"damage":7,"enemies":"Book of Stabbing","floor":28,"turns":7},{"damage":6,"enemies":"Slavers","floor":31,"turns":4},{"damage":38,"enemies":"Automaton","floor":33,"turns":12},{"damage":5,"enemies":"3 Shapes","floor":35,"turns":6},{"damage":9,"enemies":"Flame Bruiser 1 Orb","floor":38,"turns":6},{"damage":54,"enemies":"2 Orb Walkers","floor":41,"turns":8},{"damage":7,"enemies":"Spire Growth","floor":44,"turns":7},{"damage":0,"enemies":"Flame Bruiser 2 Orb","floor":45,"turns":6},{"damage":32,"enemies":"Nemesis","floor":48,"turns":7},{"damage":103,"enemies":"Time Eater","floor":50,"turns":9}],"relics_obtained":[{"floor":6,"key":"Omamori"},{"floor":8,"key":"Thread and Needle"},{"floor":9,"key":"Potion Belt"},{"floor":12,"key":"Lantern"},{"floor":14,"key":"Whetstone"},{"floor":26,"key":"Strawberry"},{"floor":28,"key":"Blood Vial"},{"floor":28,"key":"Juzu Bracelet"},{"floor":31,"key":"Singing Bowl"},{"floor":31,"key":"Oddly Smooth Stone"},{"floor":41,"key":"Tiny Chest"},{"floor":41,"key":"Bronze Scales"},{"floor":43,"key":"Kunai"},{"floor":48,"key":"Bag of Marbles"},{"floor":48,"key":"Art of War"}],"event_choices":[{"event_name":"Big Fish","player_choice":"Box","floor":2,"damage_taken":0},{"event_name":"Golden Wing","player_choice":"Card Removal","floor":3,"damage_taken":0},{"event_name":"The Cleric","player_choice":"Healed","floor":11,"damage_taken":0},{"event_name":"N\u0027loth","player_choice":"Traded a Whetstone","floor":21,"damage_taken":0},{"event_name":"Tomb of Lord Red Mask","player_choice":"Ignored","floor":37,"damage_taken":0},{"event_name":"Match and Keep!","player_choice":"1 cards matched","floor":39,"damage_taken":0},{"event_name":"Winding Halls","player_choice":"Writhe","floor":47,"damage_taken":0}],"boss_relics":[{"not_picked":["Eternal Feather","Runic Pyramid"],"picked":"Black Star"},{"not_picked":["Lizard Tail","Orrery"],"picked":"Runic Dome"}],"items_purged_floors":[],"potions_floor_spawned":[1,5,8,16,20,22,25,28,31,41,44,45],"seed_played":"778673468361702446","killed_by":"Time Eater","ascension_level":15,"potions_obtained":[{"floor":1,"key":"FearPotion"},{"floor":5,"key":"Fire Potion"},{"floor":8,"key":"SpeedPotion"},{"floor":16,"key":"Block Potion"},{"floor":20,"key":"Poison Potion"},{"floor":22,"key":"EntropicBrew"},{"floor":25,"key":"Explosive Potion"},{"floor":28,"key":"Poison Potion"},{"floor":31,"key":"AttackPotion"},{"floor":41,"key":"PowerPotion"},{"floor":44,"key":"Regen Potion"},{"floor":45,"key":"SteroidPotion"}],"is_trial":false}