{"path_per_floor":["M","M","?","M","?","R","?","R","T","$","M","E","?","M","R"],"character_chosen":"DEFECT","items_purchased":["Molten Egg 2","Fire Potion"],"gold_per_floor":[10,21,196,210,285,285,285,285,311,13,26,61,61,82,82,82],"floor_reached":16,"campfire_rested":0,"playtime":389,"current_hp_per_floor":[71,70,70,70,59,59,59,59,59,59,53,31,31,38,38,0],"items_purged":[],"gold":82,"score":110,"play_id":"4718224a-44d1-4e75-bd06-935173ccc927","local_time":"20180427222057","is_prod":false,"is_daily":false,"chose_seed":false,"is_ascension_mode":true,"campfire_upgraded":2,"timestamp":1524838857,"path_taken":["M","M","?","M","?","R","?","R","T","$","M","E","?","?","R","BOSS"],"build_version":"2018-04-26v2","seed_source_timestamp":207993013934862,"purchased_purges":0,"victory":false,"master_deck":["Strike_B","Strike_B","Strike_B","Strike_B","Defend_B","Defend_B","Defend_B","Defend_B","Zap","Dualcast","Ball Lightning","Leap","Defragment+1","Self Repair","Hologram","Chaos+1"],"max_hp_per_floor":[75,75,75,75,75,75,69,69,69,69,69,69,69,69,69,69],"relics":["Cracked Core","Peace Pipe","Golden Idol","Regal Pillow","Molten Egg 2","Dodecahedron","Dream Catcher"],"card_choices":[{"not_picked":["Leap","Heatsinks"],"picked":"Ball Lightning","floor":1},{"not_picked":["Doom and Gloom","Undo"],"picked":"Leap","floor":2},{"not_picked":["Go for the Eyes","Axe Kick"],"picked":"Defragment","floor":4},{"not_picked":["Beam Cell","Capacitor"],"picked":"Self Repair","floor":11},{"not_picked":["Gash","Allocate"],"picked":"Hologram","floor":12},{"not_picked":["Defragment","Beam Cell"],"picked":"Chaos","floor":14}],"player_experience":910684,"potions_floor_usage":[14],"damage_taken":[{"damage":4,"enemies":"2 Louse","floor":1,"turns":3},{"damage":1,"enemies":"Cultist","floor":2,"turns":4},{"damage":0,"enemies":"Small Slimes","floor":4,"turns":3},{"damage":6,"enemies":"Looter","floor":11,"turns":4},{"damage":29,"enemies":"Gremlin Nob","floor":12,"turns":5},{"damage":0,"enemies":"3 Louse","floor":14,"turns":1},{"damage":42,"enemies":"Hexaghost","floor":16,"turns":9}],"event_choices":[{"event_name":"Liars Game","player_choice":"agreed","floor":3,"damage_taken":0},{"event_name":"World of Goop","player_choice":"Gather Gold","floor":5,"damage_taken":0},{"event_name":"Golden Idol","player_choice":"Lose Max HP","floor":7,"damage_taken":0},{"event_name":"Dead Adventurer","player_choice":"Searched \u00272\u0027 times","floor":13,"damage_taken":0}],"boss_relics":[],"potions_floor_spawned":[2,12,14],"seed_played":"6152258659670809477","killed_by":"Hexaghost","ascension_level":2,"is_trial":false}