{"gold_per_floor":[365,381,394,188,199,199,229,229,229,264,277,227,244,274,274,376,376,393,224,224,234,234,234,251,286,338,338,263,292,219,238,238,335,335,352,370,470,54,0,0],"floor_reached":40,"playtime":2327,"items_purged":["Strike_R","Strike_R"],"score":499,"play_id":"49fc25fc-7f46-47d5-aeff-ab3737e52041","local_time":"20190317192309","is_ascension_mode":true,"campfire_choices":[{"data":"Hemokinesis","floor":6.0,"key":"SMITH"},{"data":"Bash","floor":8.0,"key":"SMITH"},{"data":"Limit Break","floor":15.0,"key":"SMITH"},{"floor":23,"key":"REST"},{"floor":27,"key":"REST"},{"floor":32,"key":"REST"}],"neow_cost":"CURSE","seed_source_timestamp":264602454549109,"circlet_count":0,"master_deck":["Strike_R","Defend_R","Defend_R","Defend_R","Defend_R","Bash+1","Clumsy","Flame Barrier","Thunderclap","Pummel","Anger","Feel No Pain","Hemokinesis+1","Hemokinesis","Inflame","Warcry","Limit Break+1","Immolate+1","Dual Wield+1","Corruption","Shrug It Off","Shrug It Off","Headbutt+1","Infernal Blade+1","Heavy Blade+1","Havoc","Inflame+1","Impervious","Clothesline+1","Uppercut+1","Flame Barrier+1","Apotheosis+1"],"special_seed":0,"relics":["Burning Blood","Strawberry","Ancient Tea Set","Molten Egg 2","Fusion Hammer","Red Skull","Juzu Bracelet","Boot","Cursed Key","StoneCalendar","Toxic Egg 2","Red Mask"],"potions_floor_usage":[18,25,33,40],"damage_taken":[{"damage":11.0,"enemies":"Cultist","floor":1.0,"turns":4.0},{"damage":0.0,"enemies":"Small Slimes","floor":2.0,"turns":3.0},{"damage":3.0,"enemies":"2 Louse","floor":3.0,"turns":3.0},{"damage":15.0,"enemies":"Lots of Slimes","floor":5.0,"turns":4.0},{"damage":19.0,"enemies":"3 Sentries","floor":7.0,"turns":7.0},{"damage":25.0,"enemies":"Lagavulin","floor":10.0,"turns":5.0},{"damage":9.0,"enemies":"Looter","floor":11.0,"turns":2.0},{"damage":15.0,"enemies":"Exordium Wildlife","floor":13.0,"turns":3.0},{"damage":17.0,"enemies":"The Guardian","floor":16.0,"turns":7.0},{"damage":9,"enemies":"3 Byrds","floor":18,"turns":4},{"damage":7,"enemies":"Chosen","floor":21,"turns":4},{"damage":35,"enemies":"Shelled Parasite and Fungi","floor":24,"turns":3},{"damage":42,"enemies":"Slavers","floor":25,"turns":4},{"damage":9,"enemies":"Gremlin Leader","floor":29,"turns":3},{"damage":7,"enemies":"Snecko","floor":31,"turns":3},{"damage":49,"enemies":"Collector","floor":33,"turns":6},{"damage":15,"enemies":"3 Darklings","floor":35,"turns":2},{"damage":15,"enemies":"3 Shapes","floor":36,"turns":4},{"damage":20,"enemies":"Mind Bloom Boss Battle","floor":37,"turns":5},{"damage":68,"enemies":"Giant Head","floor":40,"turns":6}],"seed_played":"5645391655583279015","potions_obtained":[{"floor":1.0,"key":"Ancient Potion"},{"floor":2.0,"key":"LiquidBronze"},{"floor":5.0,"key":"Strength Potion"},{"floor":11.0,"key":"AttackPotion"},{"floor":21,"key":"GamblersBrew"},{"floor":29,"key":"Ancient Potion"},{"floor":31,"key":"FearPotion"},{"floor":35,"key":"SneckoOil"},{"floor":37,"key":"AttackPotion"}],"is_trial":false,"path_per_floor":["M","M","M","$","M","R","E","R","T","E","M","?","M","?","R","B",null,"M","$","?","M","?","R","M","E","T","R","?","E","$","M","R","B",null,"M","M","?","$","?","E"],"character_chosen":"IRONCLAD","items_purchased":["Anger","Feel No Pain","Corruption","Heavy Blade+1","Havoc","Toxic Egg 2","Apotheosis+1"],"campfire_rested":3,"item_purchase_floors":[4,4,19,30,30,38,38],"current_hp_per_floor":[75,80,80,80,71,71,65,65,65,46,43,43,34,34,34,23,87,84,84,67,66,66,92,63,27,27,54,54,51,51,50,77,34,92,83,74,60,60,60,0],"gold":0,"neow_bonus":"TWO_FIFTY_GOLD","is_prod":false,"is_daily":false,"chose_seed":false,"campfire_upgraded":3,"win_rate":0,"timestamp":1552846989,"path_taken":["M","?","M","$","M","R","E","R","T","E","M","?","M","?","R","BOSS","M","$","?","M","?","R","M","E","T","R","?","E","$","M","R","BOSS","M","M","?","$","?","E"],"build_version":"2019-01-23","purchased_purges":2,"victory":false,"max_hp_per_floor":[80,80,80,80,80,80,87,87,87,87,87,87,87,87,87,87,87,87,87,92,92,92,92,92,92,92,92,92,92,92,92,92,92,92,92,92,92,92,92,92],"card_choices":[{"not_picked":["Warcry","Entrench"],"picked":"Flame Barrier","floor":1.0},{"not_picked":["Dropkick","Iron Wave"],"picked":"Thunderclap","floor":2.0},{"not_picked":["Dual Wield","Cleave"],"picked":"Pummel","floor":3.0},{"not_picked":["Warcry","Clash"],"picked":"Hemokinesis","floor":5.0},{"not_picked":["Cleave","Bloodletting"],"picked":"Hemokinesis","floor":7.0},{"not_picked":["Headbutt","Rage"],"picked":"Inflame","floor":10.0},{"not_picked":["Thunderclap+1","Wild Strike+1"],"picked":"Warcry","floor":11.0},{"not_picked":["Seeing Red","Anger+1"],"picked":"Limit Break","floor":13.0},{"not_picked":["Berserk","Double Tap"],"picked":"Immolate+1","floor":16.0},{"not_picked":["Warcry","Iron Wave+1"],"picked":"Dual Wield+1","floor":18},{"not_picked":["Iron Wave+1","Ghostly Armor+1"],"picked":"Shrug It Off","floor":21},{"not_picked":["Twin Strike+1","Havoc"],"picked":"Headbutt+1","floor":24},{"not_picked":["Bludgeon+1","Power Through","Twin Strike+1"],"picked":"SKIP","floor":25},{"not_picked":["Headbutt+1","Twin Strike+1"],"picked":"Infernal Blade+1","floor":29},{"not_picked":["Infernal Blade+1","Dual Wield"],"picked":"Inflame+1","floor":31},{"not_picked":["Double Tap","Brutality"],"picked":"Impervious","floor":33},{"not_picked":["Shrug It Off","Sentinel"],"picked":"Clothesline+1","floor":35},{"not_picked":["Shrug It Off+1","Whirlwind+1"],"picked":"Uppercut+1","floor":36},{"not_picked":["Anger+1","True Grit+1"],"picked":"Flame Barrier+1","floor":37}],"player_experience":212881,"relics_obtained":[{"floor":7.0,"key":"Strawberry"},{"floor":9.0,"key":"Ancient Tea Set"},{"floor":10.0,"key":"Molten Egg 2"},{"floor":25,"key":"Red Skull"},{"floor":26,"key":"Juzu Bracelet"},{"floor":29,"key":"Boot"},{"floor":37,"key":"StoneCalendar"}],"event_choices":[{"cards_removed":["Strike_R"],"damage_healed":0.0,"max_hp_gain":0.0,"max_hp_loss":0.0,"gold_gain":0.0,"event_name":"The Cleric","player_choice":"Card Removal","floor":12.0,"gold_loss":50.0,"damage_taken":0.0},{"damage_healed":0.0,"max_hp_gain":0.0,"max_hp_loss":0.0,"gold_gain":30.0,"event_name":"Dead Adventurer","player_choice":"Searched \u00271\u0027 times","floor":14.0,"gold_loss":0.0,"damage_taken":0.0},{"damage_healed":0,"gold_gain":0,"player_choice":"Shed Blood","damage_taken":22,"max_hp_gain":5,"max_hp_loss":0,"event_name":"Forgotten Altar","floor":20,"gold_loss":0},{"damage_healed":0,"gold_gain":0,"player_choice":"Copied","damage_taken":0,"max_hp_gain":0,"max_hp_loss":0,"event_name":"Duplicator","floor":22,"gold_loss":0,"cards_obtained":["Shrug It Off"]},{"cards_removed":["Strike_R"],"damage_healed":0,"gold_gain":0,"player_choice":"Gave Gold","damage_taken":0,"max_hp_gain":0,"max_hp_loss":0,"event_name":"Beggar","floor":28,"gold_loss":75},{"damage_healed":0,"gold_gain":0,"player_choice":"Fight","damage_taken":0,"max_hp_gain":0,"max_hp_loss":0,"event_name":"MindBloom","floor":37,"gold_loss":0},{"damage_healed":0,"gold_gain":0,"player_choice":"Paid","damage_taken":0,"relics_obtained":["Red Mask"],"max_hp_gain":0,"max_hp_loss":0,"event_name":"Tomb of Lord Red Mask","floor":39,"gold_loss":54}],"is_beta":false,"boss_relics":[{"not_picked":["Runic Dome","Lizard Tail"],"picked":"Fusion Hammer"},{"not_picked":["Pandora\u0027s Box","Philosopher\u0027s Stone"],"picked":"Cursed Key"}],"items_purged_floors":[4,19],"is_endless":false,"potions_floor_spawned":[1,2,5,7,11,21,29,31,35,37],"killed_by":"Giant Head","ascension_level":3}