{"gold_per_floor":[113,130,60,74,74,74,109,127,127,157,157,176,231,247,247,325,325,342,356,368,60,60,60,76,108,108,0,0,0,0,19,19,19],"floor_reached":33,"playtime":1571,"items_purged":[],"score":467,"play_id":"40292795-e582-43ef-aa98-2574a5af3213","local_time":"20190408201101","is_ascension_mode":true,"campfire_choices":[{"data":"Rainbow","floor":6.0,"key":"SMITH"},{"floor":11.0,"key":"REST"},{"data":"Heatsinks","floor":15.0,"key":"SMITH"},{"data":"Creative AI","floor":23.0,"key":"SMITH"},{"floor":28.0,"key":"REST"},{"floor":30.0,"key":"REST"},{"floor":32,"key":"DIG"}],"neow_cost":"NONE","seed_source_timestamp":61852784508202,"circlet_count":0,"master_deck":["AscendersBane","Zap","Dualcast","Rainbow+1","Genetic Algorithm","Reinforced Body","Melter","Fusion+1","Go for the Eyes","Electrodynamics","Heatsinks+1","Conserve Battery","Force Field","Core Surge","Genetic Algorithm","Multi-Cast","Meteor Strike","Gash","Auto Shields","Aggregate","Static Discharge","Aggregate","Redo","Skim","Dark Shackles","Creative AI+1","BootSequence","Hologram"],"special_seed":0,"relics":["Cracked Core","Girya","FossilizedHelix","Odd Mushroom","Pandora\u0027s Box","Anchor","Shovel","Blood Vial"],"potions_floor_usage":[],"damage_taken":[{"damage":0.0,"enemies":"Cultist","floor":1.0,"turns":4.0},{"damage":0.0,"enemies":"2 Louse","floor":2.0,"turns":1.0},{"damage":0.0,"enemies":"Small Slimes","floor":4.0,"turns":3.0},{"damage":25.0,"enemies":"Lagavulin","floor":7.0,"turns":7.0},{"damage":9.0,"enemies":"2 Fungi Beasts","floor":8.0,"turns":4.0},{"damage":6.0,"enemies":"The Mushroom Lair","floor":10.0,"turns":4.0},{"damage":0.0,"enemies":"3 Louse","floor":12.0,"turns":4.0},{"damage":0.0,"enemies":"3 Sentries","floor":13.0,"turns":6.0},{"damage":2.0,"enemies":"Exordium Wildlife","floor":14.0,"turns":3.0},{"damage":18.0,"enemies":"Hexaghost","floor":16.0,"turns":14.0},{"damage":0.0,"enemies":"Spheric Guardian","floor":18.0,"turns":1.0},{"damage":0.0,"enemies":"3 Byrds","floor":19.0,"turns":6.0},{"damage":25.0,"enemies":"Shelled Parasite and Fungi","floor":20.0,"turns":7.0},{"damage":0.0,"enemies":"Centurion and Healer","floor":24.0,"turns":4.0},{"damage":29.0,"enemies":"Slavers","floor":25.0,"turns":4.0},{"damage":9,"enemies":"Cultist and Chosen","floor":31,"turns":7},{"damage":65,"enemies":"Automaton","floor":33,"turns":6}],"seed_played":"-643677068177972337","potions_obtained":[{"floor":7.0,"key":"Weak Potion"},{"floor":10.0,"key":"FocusPotion"},{"floor":16.0,"key":"SteroidPotion"},{"floor":19.0,"key":"Energy Potion"},{"floor":31,"key":"Ancient Potion"}],"is_trial":false,"path_per_floor":["M","M","$","M","?","R","E","M","T","?","R","M","?","M","R","B",null,"M","M","M","$","?","R","M","E","T","?","R","?","R","M","R","B"],"character_chosen":"DEFECT","items_purchased":["Melter","Anchor","Dark Shackles","Regen Potion"],"campfire_rested":3,"item_purchase_floors":[3,21,21,21],"current_hp_per_floor":[64,64,64,64,64,64,39,30,30,24,45,45,45,43,43,25,60,60,60,35,35,35,35,47,18,18,18,39,39,60,51,51,0],"gold":19,"neow_bonus":"ONE_RANDOM_RARE_CARD","is_prod":false,"is_daily":false,"chose_seed":false,"campfire_upgraded":3,"win_rate":0,"timestamp":1554768661,"path_taken":["M","M","$","M","?","R","E","M","T","?","R","M","?","M","R","BOSS","M","M","M","$","?","R","M","E","T","?","R","?","R","?","R","BOSS"],"build_version":"2019-04-04","purchased_purges":0,"victory":false,"max_hp_per_floor":[71,71,71,71,71,71,71,71,71,71,71,71,71,71,71,71,71,71,71,71,71,71,71,71,71,71,71,71,71,71,71,71,71],"card_choices":[{"not_picked":["Turbo","Steam"],"picked":"Genetic Algorithm","floor":1.0},{"not_picked":["Barrage","Leap"],"picked":"Reinforced Body","floor":2.0},{"not_picked":["Barrage","Rip and Tear"],"picked":"Fusion","floor":4.0},{"not_picked":["Streamline","Gash"],"picked":"Go for the Eyes","floor":7.0},{"not_picked":["Streamline","Stack"],"picked":"Electrodynamics","floor":8.0},{"not_picked":["Leap","Recycle"],"picked":"Heatsinks","floor":10.0},{"not_picked":["Turbo","Gash"],"picked":"Conserve Battery","floor":12.0},{"not_picked":["Darkness","Go for the Eyes"],"picked":"Force Field","floor":14.0},{"not_picked":["Fission","Amplify"],"picked":"Core Surge","floor":16.0},{"not_picked":["Steam+1","Cold Snap"],"picked":"Redo","floor":18.0},{"not_picked":["Barrage","Cold Snap"],"picked":"Skim","floor":19.0},{"not_picked":["Streamline","Gash","Melter"],"picked":"SKIP","floor":20.0},{"not_picked":["Heatsinks+1","Streamline","Steam Power"],"picked":"SKIP","floor":24.0},{"not_picked":["All For One","Scrape"],"picked":"BootSequence","floor":25.0},{"not_picked":["Go for the Eyes","Beam Cell"],"picked":"Hologram","floor":31}],"player_experience":929669,"relics_obtained":[{"floor":7.0,"key":"Girya"},{"floor":9.0,"key":"FossilizedHelix"},{"floor":10.0,"key":"Odd Mushroom"},{"floor":25.0,"key":"Shovel"},{"floor":32,"key":"Blood Vial"}],"event_choices":[{"damage_healed":0.0,"max_hp_gain":0.0,"max_hp_loss":0.0,"gold_gain":0.0,"event_name":"Living Wall","player_choice":"Grow","floor":5.0,"gold_loss":0.0,"damage_taken":0.0,"cards_upgraded":["Fusion"]},{"damage_healed":0.0,"max_hp_gain":0.0,"max_hp_loss":0.0,"gold_gain":0.0,"event_name":"Mushrooms","player_choice":"Fought Mushrooms","floor":10.0,"gold_loss":0.0,"damage_taken":0.0},{"damage_healed":0.0,"max_hp_gain":0.0,"max_hp_loss":0.0,"gold_gain":0.0,"event_name":"Dead Adventurer","player_choice":"Searched \u00271\u0027 times","floor":13.0,"gold_loss":0.0,"damage_taken":0.0},{"damage_healed":0.0,"max_hp_gain":0.0,"max_hp_loss":0.0,"gold_gain":0.0,"event_name":"The Library","player_choice":"Read","floor":22.0,"gold_loss":0.0,"damage_taken":0.0,"cards_obtained":["Creative AI"]},{"damage_healed":0.0,"max_hp_gain":0.0,"max_hp_loss":0.0,"gold_gain":0.0,"event_name":"Masked Bandits","player_choice":"Paid Fearfully","floor":27.0,"gold_loss":108.0,"damage_taken":0.0},{"damage_healed":0.0,"max_hp_gain":0.0,"max_hp_loss":0.0,"gold_gain":0.0,"event_name":"The Mausoleum","player_choice":"Ignored","floor":29.0,"gold_loss":0.0,"damage_taken":0.0}],"is_beta":true,"boss_relics":[{"not_picked":["Lizard Tail","Runic Pyramid"],"picked":"Pandora\u0027s Box"}],"items_purged_floors":[],"is_endless":false,"potions_floor_spawned":[7,10,12,14,16,18,19,31],"killed_by":"Automaton","ascension_level":15}