{"gold_per_floor":[117,50,70,89,39,53,53,85,85,110,110,123,133,150,150,254,254,272,282,298,333,235,235,235],"floor_reached":24,"playtime":1187,"items_purged":[],"score":242,"play_id":"0750d526-c180-4084-ad32-bb298ed2765e","local_time":"20190318184834","is_ascension_mode":true,"campfire_choices":[{"data":"Bash","floor":7,"key":"SMITH"},{"data":"Armaments","floor":11,"key":"SMITH"},{"data":"Inflame","floor":15,"key":"SMITH"},{"data":"Flame Barrier","floor":23,"key":"SMITH"}],"neow_cost":"NONE","seed_source_timestamp":350137139145670,"circlet_count":0,"master_deck":["Strike_R","Strike_R","Strike_R","Strike_R","Defend_R","Defend_R","Defend_R","Defend_R","Bash+1","Immolate","Thunderclap","Flame Barrier+1","Headbutt","Armaments+1","Clothesline","Combust","Reaper","Disarm","Metallicize","Inflame+1","Impervious","Shrug It Off","Pummel","Burning Pact+1"],"relics":["Burning Blood","Question Card","Meat on the Bone","Darkstone Periapt","Philosopher\u0027s Stone","Red Mask","Bird Faced Urn"],"potions_floor_usage":[8,13,16,16,21],"damage_taken":[{"damage":7,"enemies":"Jaw Worm","floor":1,"turns":2},{"damage":6,"enemies":"2 Louse","floor":3,"turns":2},{"damage":0,"enemies":"Small Slimes","floor":4,"turns":2},{"damage":15,"enemies":"Gremlin Gang","floor":6,"turns":3},{"damage":8,"enemies":"3 Sentries","floor":8,"turns":4},{"damage":11,"enemies":"Gremlin Nob","floor":10,"turns":4},{"damage":8,"enemies":"Looter","floor":12,"turns":3},{"damage":21,"enemies":"Blue Slaver","floor":13,"turns":3},{"damage":2,"enemies":"2 Fungi Beasts","floor":14,"turns":2},{"damage":31,"enemies":"Hexaghost","floor":16,"turns":7},{"damage":44,"enemies":"3 Byrds","floor":18,"turns":4},{"damage":19,"enemies":"2 Thieves","floor":19,"turns":3},{"damage":7,"enemies":"Snake Plant","floor":20,"turns":4},{"damage":39,"enemies":"Masked Bandits","floor":21,"turns":5},{"damage":49,"enemies":"Slavers","floor":24,"turns":3}],"seed_played":"-1607480251229603672","potions_obtained":[{"floor":6,"key":"Block Potion"},{"floor":8,"key":"Dexterity Potion"},{"floor":10,"key":"AttackPotion"},{"floor":13,"key":"Fruit Juice"},{"floor":14,"key":"AttackPotion"},{"floor":21,"key":"Strength Potion"}],"is_trial":false,"path_per_floor":["M","$","M","M","?","M","R","E","T","E","R","M","M","M","R","B",null,"M","M","M","?","?","R","E"],"character_chosen":"IRONCLAD","items_purchased":["Flame Barrier"],"campfire_rested":0,"item_purchase_floors":[2],"current_hp_per_floor":[79,79,79,80,80,71,71,69,69,64,64,62,58,62,62,49,85,53,52,51,44,44,44,0],"gold":235,"neow_bonus":"ONE_RANDOM_RARE_CARD","is_prod":false,"is_daily":false,"chose_seed":false,"campfire_upgraded":4,"win_rate":0,"timestamp":1552931314,"path_taken":["M","$","M","M","?","M","R","E","T","E","R","M","M","M","R","BOSS","M","M","M","?","?","R","E"],"build_version":"2019-01-23","purchased_purges":0,"victory":false,"max_hp_per_floor":[80,80,80,80,80,80,80,80,80,80,80,80,85,85,85,85,85,85,85,85,85,85,85,85],"card_choices":[{"not_picked":["True Grit","Anger"],"picked":"Thunderclap","floor":1},{"not_picked":["Havoc","Juggernaut"],"picked":"Headbutt","floor":3},{"not_picked":["Flex","Perfected Strike"],"picked":"Armaments","floor":4},{"not_picked":["Perfected Strike","Iron Wave"],"picked":"Clothesline","floor":6},{"not_picked":["Brutality","Sentinel"],"picked":"Combust","floor":8},{"not_picked":["Pommel Strike","Body Slam","Perfected Strike"],"picked":"Reaper","floor":10},{"not_picked":["Pommel Strike","Wild Strike","Blood for Blood"],"picked":"Disarm","floor":12},{"not_picked":["Flex","Rampage","Thunderclap"],"picked":"Metallicize","floor":13},{"not_picked":["Cleave","Shockwave","Feel No Pain"],"picked":"Inflame","floor":14},{"not_picked":["Berserk","Bludgeon","Barricade"],"picked":"Impervious","floor":16},{"not_picked":["Blood for Blood","Thunderclap+1","Twin Strike"],"picked":"Shrug It Off","floor":18},{"not_picked":["Combust","True Grit","Anger+1"],"picked":"Pummel","floor":19},{"not_picked":["Wild Strike","True Grit","Cleave+1"],"picked":"Burning Pact+1","floor":20}],"player_experience":215208,"relics_obtained":[{"floor":8,"key":"Question Card"},{"floor":9,"key":"Meat on the Bone"},{"floor":10,"key":"Darkstone Periapt"},{"floor":21,"key":"Red Mask"}],"event_choices":[{"cards_removed":["Strike_R"],"damage_healed":0,"gold_gain":0,"player_choice":"Card Removal","damage_taken":0,"max_hp_gain":0,"max_hp_loss":0,"event_name":"The Cleric","floor":5,"gold_loss":50},{"damage_healed":0,"gold_gain":0,"player_choice":"Fought Bandits","damage_taken":0,"max_hp_gain":0,"max_hp_loss":0,"event_name":"Masked Bandits","floor":21,"gold_loss":0},{"damage_healed":0,"gold_gain":0,"player_choice":"Paid Gold","damage_taken":0,"relics_obtained":["Bird Faced Urn"],"max_hp_gain":0,"max_hp_loss":0,"event_name":"WeMeetAgain","floor":22,"gold_loss":98}],"is_beta":false,"boss_relics":[{"not_picked":["White Beast Statue","Sozu"],"picked":"Philosopher\u0027s Stone"}],"items_purged_floors":[],"is_endless":false,"potions_floor_spawned":[6,8,10,13,14,21],"killed_by":"Slavers","ascension_level":3}