{"path_per_floor":["M","?","M","M","M","R","E","M","T","R","M","E","$","?","R","B",null,"M"],"character_chosen":"IRONCLAD","items_purchased":["Frozen Egg 2"],"gold_per_floor":[113,113,133,145,155,155,185,197,247,247,264,296,36,59,59,157,157,176],"floor_reached":19,"campfire_rested":2,"playtime":1102,"current_hp_per_floor":[70,70,60,61,49,49,36,30,30,54,37,35,35,25,49,11,64,11],"items_purged":[],"gold":146,"play_id":"f5a401b4-58b3-4759-9708-b7554a7a2f1a","is_prod":false,"is_daily":false,"is_ascension_mode":true,"campfire_upgraded":1,"path_taken":["M","?","M","M","M","R","E","M","T","R","M","E","$","?","R","BOSS","M","M"],"build_version":"2018-02-01-PROD3","purchased_purges":0,"victory":false,"master_deck":["Strike_R","Strike_R","Strike_R","Strike_R","Strike_R","Defend_R","Defend_R","Defend_R","Defend_R","Bash","Berserk","Flex","Carnage+1","Inflame","Flex","Inflame","Thunderclap","Brutality+1","Cleave"],"max_hp_per_floor":[80,80,80,80,80,80,80,80,80,80,80,80,80,82,82,82,82,82],"relics":["Burning Blood","Ancient Tea Set","Bag of Marbles","Singing Bowl","Frozen Egg 2","Odd Mushroom","Mark of Pain"],"card_choices":[{"not_picked":["Headbutt","Heavy Blade"],"picked":"Flex"},{"not_picked":["Rupture","Infernal Blade"],"picked":"Carnage"},{"not_picked":["Havoc","Dark Embrace"],"picked":"Inflame"},{"not_picked":["Corruption","Wild Strike"],"picked":"Flex"},{"not_picked":["Wild Strike","Perfected Strike"],"picked":"Inflame"},{"not_picked":["Clothesline","Sever Soul"],"picked":"Thunderclap"},{"not_picked":["Berserk","Reaper"],"picked":"Brutality"},{"not_picked":["Twin Strike","Body Slam"],"picked":"Cleave"}],"player_experience":266799,"potions_floor_usage":[18,19,19],"damage_taken":[{"damage":8.0,"enemies":"2 Louse","floor":1.0,"turns":3.0},{"damage":16.0,"enemies":"Blue Slaver","floor":3.0,"turns":3.0},{"damage":5.0,"enemies":"Cultist","floor":4.0,"turns":4.0},{"damage":18.0,"enemies":"Large Slime","floor":5.0,"turns":4.0},{"damage":28.0,"enemies":"Gremlin Nob","floor":7.0,"turns":4.0},{"damage":12.0,"enemies":"Looter","floor":8.0,"turns":3.0},{"damage":23.0,"enemies":"Exordium Thugs","floor":11.0,"turns":3.0},{"damage":8.0,"enemies":"3 Sentries","floor":12.0,"turns":5.0},{"damage":18.0,"enemies":"The Mushroom Lair","floor":14.0,"turns":3.0},{"damage":59.0,"enemies":"The Guardian","floor":16.0,"turns":8.0},{"damage":59,"enemies":"3 Byrds","floor":18,"turns":6},{"damage":22,"enemies":"2 Thieves","floor":19,"turns":2}],"event_choices":[{"event_name":"The Woman in Blue","player_choice":"Bought 0 Potions","floor":2.0,"damage_taken":0.0},{"event_name":"Mushrooms","player_choice":"Fought Mushrooms","floor":14.0,"damage_taken":0.0}],"boss_relics":[],"potions_floor_spawned":[3,7,11,12,16,18],"seed_played":"8497266809822296810","killed_by":"2 Thieves","ascension_level":8,"is_trial":false}