{"gold_per_floor":[114,114,137,6,20,51,51,85,85,85,108,144,144,168,168,294,294,309,329,349,474,487,518,518,557,633,633,633,24,49,15,15,136,136,149,165,180,193,212,212,277,296,296,421,421,39,64,84,84,84],"floor_reached":51,"playtime":7872,"items_purged":[],"score":874,"play_id":"5cd651ea-0d74-416c-a606-f3138652ded8","local_time":"20190130234842","is_ascension_mode":true,"campfire_choices":[{"data":"Fusion","floor":7.0,"key":"SMITH"},{"data":"Turbo","floor":15.0,"key":"SMITH"},{"data":"Panacea","floor":24.0,"key":"SMITH"},{"data":"Fission","floor":28.0,"key":"SMITH"},{"data":"Storm","floor":32,"key":"SMITH"},{"data":"Defend_B","floor":40,"key":"PURGE"},{"floor":49,"key":"REST"}],"neow_cost":"NONE","seed_source_timestamp":0,"circlet_count":0,"master_deck":["Defend_B","Zap","Dualcast","Undo+1","Creative AI+1","Buffer+1","Gash","Streamline","Panacea+1","Force Field","Self Repair","Fusion+1","Redo","Fission+1","Amplify","Turbo+1","Capacitor","FTL","Reboot","Coolheaded","Rebound+1","Ball Lightning","Sweeping Beam+1","FTL","Compile Driver+1","Reboot","Loop","Coolheaded+1","Rebound","Rebound","Storm+1","Buffer","Conserve Battery+1","Self Repair+1","Doom and Gloom+1","Creative AI","Streamline+1","Tempest+1","Force Field+1","Compile Driver","Bandage Up+1","White Noise+1","Hello World","Doom and Gloom","Streamline+1","Loop"],"special_seed":0,"relics":["Astrolabe","Golden Idol","Sundial","Shuriken","Mummified Hand","Bottled Flame","Runic Pyramid","Peace Pipe","Pear","Bottled Lightning","Bag of Marbles","Bottled Tornado","Toxic Egg 2","Lee\u0027s Waffle","Fusion Hammer","Du-Vu Doll","Incense Burner","Happy Flower"],"potions_floor_usage":[30,37,42,47,47,47,47,50,50],"damage_taken":[{"damage":0.0,"enemies":"Jaw Worm","floor":1.0,"turns":8.0},{"damage":0.0,"enemies":"2 Louse","floor":3.0,"turns":6.0},{"damage":2.0,"enemies":"Small Slimes","floor":5.0,"turns":5.0},{"damage":0.0,"enemies":"Lagavulin","floor":6.0,"turns":8.0},{"damage":14.0,"enemies":"Gremlin Nob","floor":8.0,"turns":6.0},{"damage":12.0,"enemies":"Gremlin Gang","floor":11.0,"turns":5.0},{"damage":0.0,"enemies":"Lagavulin","floor":12.0,"turns":9.0},{"damage":2.0,"enemies":"Blue Slaver","floor":14.0,"turns":6.0},{"damage":0.0,"enemies":"Slime Boss","floor":16.0,"turns":9.0},{"damage":5.0,"enemies":"Chosen","floor":18.0,"turns":8.0},{"damage":13.0,"enemies":"3 Byrds","floor":19.0,"turns":6.0},{"damage":0.0,"enemies":"Snake Plant","floor":20.0,"turns":7.0},{"damage":3.0,"enemies":"Colosseum Slavers","floor":21.0,"turns":3.0},{"damage":47.0,"enemies":"Colosseum Nobs","floor":21.0,"turns":7.0},{"damage":13.0,"enemies":"3 Cultists","floor":22.0,"turns":5.0},{"damage":23.0,"enemies":"Book of Stabbing","floor":23.0,"turns":6.0},{"damage":2.0,"enemies":"Gremlin Leader","floor":25.0,"turns":10.0},{"damage":17,"enemies":"Shelled Parasite and Fungi","floor":30,"turns":5},{"damage":7,"enemies":"Champ","floor":33,"turns":6},{"damage":25,"enemies":"3 Shapes","floor":35,"turns":3},{"damage":28,"enemies":"Orb Walker","floor":36,"turns":3},{"damage":0,"enemies":"Spire Growth","floor":37,"turns":4},{"damage":19,"enemies":"3 Darklings","floor":38,"turns":4},{"damage":5,"enemies":"Sphere and 2 Shapes","floor":39,"turns":4},{"damage":26,"enemies":"2 Orb Walkers","floor":41,"turns":4},{"damage":10,"enemies":"4 Shapes","floor":42,"turns":3},{"damage":0,"enemies":"Mind Bloom Boss Battle","floor":44,"turns":4},{"damage":20,"enemies":"Jaw Worm Horde","floor":47,"turns":3},{"damage":16,"enemies":"Spire Growth","floor":48,"turns":3},{"damage":35,"enemies":"Time Eater","floor":50,"turns":6}],"seed_played":"-4103531430391541000","potions_obtained":[{"floor":5.0,"key":"LiquidBronze"},{"floor":6.0,"key":"Weak Potion"},{"floor":8.0,"key":"Strength Potion"},{"floor":12.0,"key":"FearPotion"},{"floor":19.0,"key":"Weak Potion"},{"floor":22.0,"key":"Fire Potion"},{"floor":25.0,"key":"Fire Potion"},{"floor":36,"key":"Weak Potion"},{"floor":37,"key":"SteroidPotion"},{"floor":41,"key":"Fire Potion"},{"floor":42,"key":"EntropicBrew"},{"floor":47,"key":"GamblersBrew"},{"floor":48,"key":"FearPotion"}],"is_trial":false,"path_per_floor":["M","?","M","$","M","E","R","E","T","?","M","E","?","M","R","B",null,"M","M","M","?","M","E","R","E","T","?","R","$","M","$","R","B",null,"M","M","M","M","M","R","?","M","T","?","?","$","M","M","R","B",null],"character_chosen":"DEFECT","items_purchased":["Panacea","Force Field","Toxic Egg 2","Lee\u0027s Waffle","Loop","Coolheaded+1","Rebound","Storm","Happy Flower","White Noise+1","Hello World","Doom and Gloom"],"campfire_rested":1,"item_purchase_floors":[4,4,29,29,29,29,29,31,46,46,46,46],"current_hp_per_floor":[75,57,57,57,55,62,62,55,55,55,50,64,64,69,69,75,75,75,69,75,45,39,23,23,28,28,28,28,92,89,89,89,92,92,67,46,53,51,63,63,57,57,57,57,57,57,52,36,63,45],"gold":84,"neow_bonus":"BOSS_RELIC","is_prod":false,"is_daily":false,"chose_seed":false,"campfire_upgraded":5,"win_rate":0,"timestamp":1548910122,"path_taken":["M","?","M","$","M","E","R","E","T","?","M","E","?","?","R","BOSS","M","M","M","?","M","E","R","E","T","?","R","?","M","$","R","BOSS","M","M","M","M","M","R","?","M","T","?","?","$","M","M","R","BOSS"],"build_version":"2019-01-23","purchased_purges":0,"victory":true,"max_hp_per_floor":[75,75,75,75,75,75,75,75,75,75,75,75,75,75,75,75,75,75,75,75,85,85,85,85,85,85,85,85,92,92,92,92,92,92,92,92,92,92,92,92,92,92,92,92,92,92,92,92,92,92],"card_choices":[{"not_picked":["Stack","Leap"],"picked":"Gash","floor":1.0},{"not_picked":["Reinforced Body","Coolheaded"],"picked":"Streamline","floor":3.0},{"not_picked":["Streamline","Gash"],"picked":"Self Repair","floor":5.0},{"not_picked":["Sweeping Beam","Glacier"],"picked":"Fusion","floor":6.0},{"not_picked":["Skim","Leap"],"picked":"Redo","floor":8.0},{"not_picked":["Streamline","Compile Driver"],"picked":"Amplify","floor":11.0},{"not_picked":["Hologram","Thunder Strike"],"picked":"Turbo","floor":12.0},{"not_picked":["Cold Snap","Lockon"],"picked":"FTL","floor":14.0},{"not_picked":["Core Surge","Amplify"],"picked":"Reboot","floor":16.0},{"not_picked":["Reinforced Body+1","Cold Snap"],"picked":"Coolheaded","floor":18.0},{"not_picked":["Beam Cell","Conserve Battery"],"picked":"Rebound+1","floor":19.0},{"not_picked":["Steam+1","Barrage+1"],"picked":"Ball Lightning","floor":20.0},{"not_picked":["Ball Lightning","Barrage"],"picked":"Sweeping Beam+1","floor":21.0},{"not_picked":["Ball Lightning","Tempest"],"picked":"FTL","floor":22.0},{"not_picked":["Heatsinks","Darkness"],"picked":"Compile Driver+1","floor":23.0},{"not_picked":["Steam","Sweeping Beam"],"picked":"Reboot","floor":25.0},{"not_picked":["Leap+1","Coolheaded+1"],"picked":"Rebound","floor":30},{"not_picked":["Amplify+1","Seek+1"],"picked":"Buffer","floor":33},{"not_picked":["Steam+1","Sweeping Beam+1"],"picked":"Conserve Battery+1","floor":35},{"not_picked":["Steam Power+1","Stack+1"],"picked":"Self Repair+1","floor":36},{"not_picked":["Sweeping Beam","Steam+1"],"picked":"Doom and Gloom+1","floor":37},{"not_picked":["Steam+1","Barrage+1"],"picked":"Creative AI","floor":38},{"not_picked":["Cold Snap+1","Gash+1"],"picked":"Streamline+1","floor":39},{"not_picked":["Turbo+1","Conserve Battery+1"],"picked":"Tempest+1","floor":41},{"not_picked":["Skim+1","Lockon+1"],"picked":"Force Field+1","floor":42},{"not_picked":["Conserve Battery+1","Reprogram+1"],"picked":"Compile Driver","floor":44},{"not_picked":["Flash of Steel","Forethought+1"],"picked":"Bandage Up+1","floor":45},{"not_picked":["Machine Learning","Sweeping Beam+1"],"picked":"Streamline+1","floor":47},{"not_picked":["Gash+1","Darkness+1"],"picked":"Loop","floor":48}],"player_experience":66318,"relics_obtained":[{"floor":6.0,"key":"Sundial"},{"floor":8.0,"key":"Shuriken"},{"floor":9.0,"key":"Mummified Hand"},{"floor":12.0,"key":"Bottled Flame"},{"floor":21.0,"key":"Peace Pipe"},{"floor":21.0,"key":"Pear"},{"floor":23.0,"key":"Bottled Lightning"},{"floor":25.0,"key":"Bag of Marbles"},{"floor":26.0,"key":"Bottled Tornado"},{"floor":41,"key":"Du-Vu Doll"},{"floor":44,"key":"Incense Burner"}],"event_choices":[{"damage_healed":0.0,"max_hp_gain":0.0,"max_hp_loss":0.0,"gold_gain":0.0,"event_name":"Golden Idol","player_choice":"Take Damage","floor":2.0,"gold_loss":0.0,"damage_taken":18.0,"relics_obtained":["Golden Idol"]},{"damage_healed":0.0,"max_hp_gain":0.0,"max_hp_loss":0.0,"gold_gain":0.0,"cards_transformed":["Defend_B"],"event_name":"Living Wall","player_choice":"Change","floor":10.0,"gold_loss":0.0,"damage_taken":0.0,"cards_obtained":["Fission"]},{"damage_healed":0.0,"max_hp_gain":0.0,"max_hp_loss":0.0,"gold_gain":0.0,"cards_transformed":["Strike_B"],"event_name":"Transmorgrifier","player_choice":"Transformed","floor":13.0,"gold_loss":0.0,"damage_taken":0.0,"cards_obtained":["Capacitor"]},{"damage_healed":0.0,"max_hp_gain":0.0,"max_hp_loss":0.0,"gold_gain":0.0,"event_name":"Colosseum","player_choice":"Fight","floor":21.0,"gold_loss":0.0,"damage_taken":0.0},{"damage_healed":0.0,"max_hp_gain":0.0,"max_hp_loss":0.0,"gold_gain":0.0,"event_name":"Colosseum","player_choice":"Fought Nobs","floor":21.0,"gold_loss":0.0,"damage_taken":0.0},{"cards_removed":["Defend_B"],"damage_healed":0.0,"max_hp_gain":0.0,"max_hp_loss":0.0,"gold_gain":0.0,"event_name":"Back to Basics","player_choice":"Elegance","floor":27.0,"gold_loss":0.0,"damage_taken":0.0},{"damage_healed":0,"gold_gain":0,"player_choice":"Fight","damage_taken":0,"max_hp_gain":0,"max_hp_loss":0,"event_name":"Mysterious Sphere","floor":41,"gold_loss":0},{"damage_healed":0,"gold_gain":0,"player_choice":"Fight","damage_taken":0,"max_hp_gain":0,"max_hp_loss":0,"event_name":"MindBloom","floor":44,"gold_loss":0},{"damage_healed":0,"gold_gain":0,"player_choice":"Memory 1","damage_taken":0,"max_hp_gain":0,"max_hp_loss":0,"event_name":"SensoryStone","floor":45,"gold_loss":0}],"is_beta":false,"boss_relics":[{"not_picked":["Runic Dome","Calling Bell"],"picked":"Runic Pyramid"},{"not_picked":["Orrery","White Beast Statue"],"picked":"Fusion Hammer"}],"items_purged_floors":[],"is_endless":false,"potions_floor_spawned":[5,6,8,12,19,21,22,25,36,37,41,42,47,48],"ascension_level":1}