{"path_per_floor":["M","?","M","?","?","E","M","?","T","E","M","M","R","M","R","B",null,"M","$","M","?","M","R","M"],"character_chosen":"DEFECT","items_purchased":["Question Card","Loop"],"gold_per_floor":[118,118,134,134,134,169,182,147,147,176,192,208,208,222,222,293,293,305,36,48,48,59,59,78,78],"floor_reached":25,"campfire_rested":3,"playtime":586,"current_hp_per_floor":[62,41,41,41,41,7,7,24,24,11,7,7,28,28,49,8,55,36,36,32,32,2,23,11,0],"items_purged":[],"gold":78,"score":376,"play_id":"202eeb57-188c-4660-affb-47f123484438","local_time":"20180518132258","is_prod":false,"is_daily":false,"chose_seed":false,"is_ascension_mode":true,"campfire_upgraded":0,"timestamp":1526620978,"campfire_choices":[{"floor":13.0,"key":"REST"},{"floor":15.0,"key":"REST"},{"floor":23,"key":"REST"}],"path_taken":["M","?","M","?","?","E","M","?","T","E","M","M","R","?","R","BOSS","M","?","M","?","M","R","M","M"],"build_version":"2018-05-17","seed_source_timestamp":694559265704977,"purchased_purges":0,"victory":false,"master_deck":["Strike_B","Strike_B+1","Strike_B","Strike_B","Defend_B","Defend_B","Defend_B","Defend_B","Zap","Dualcast","AscendersBane","Sweeping Beam+1","Steam","Storm","Go for the Eyes","Cold Snap","Chaos","Doom and Gloom","Sunder","Capacitor","Axe Kick","Buffer","Beam Cell","Loop","Consume","Streamline+1","Machine Learning","Self Repair"],"max_hp_per_floor":[71,71,71,71,71,71,71,71,71,71,71,71,71,71,71,71,71,71,71,71,71,71,71,71,71],"relics":["Cracked Core","The Courier","Dream Catcher","Mercury Hourglass","Velvet Choker","Question Card"],"card_choices":[{"not_picked":["Capacitor","Skim"],"picked":"Sweeping Beam","floor":1.0},{"not_picked":["Hologram","Force Field"],"picked":"Steam","floor":3.0},{"not_picked":["All For One","Beam Cell"],"picked":"Storm","floor":6.0},{"not_picked":["Lockon","Coolheaded"],"picked":"Go for the Eyes","floor":7.0},{"not_picked":["Turbo","Axe Kick"],"picked":"Cold Snap","floor":10.0},{"not_picked":["Blizzard","Force Field"],"picked":"Chaos","floor":11.0},{"not_picked":["Consume","Seek"],"picked":"Doom and Gloom","floor":12.0},{"not_picked":["Sweeping Beam","Barrage"],"picked":"Sunder","floor":13.0},{"not_picked":["Tempest","Barrage"],"picked":"Capacitor","floor":14.0},{"not_picked":["Doom and Gloom","Sweeping Beam"],"picked":"Axe Kick","floor":15.0},{"not_picked":["Multi-Cast","Hyperbeam"],"picked":"Buffer","floor":16},{"not_picked":["Turbo","Capacitor"],"picked":"Beam Cell","floor":18},{"not_picked":["Sweeping Beam","Axe Kick","Beam Cell+1"],"picked":"Consume","floor":20},{"not_picked":["Redo","Tempest","Coolheaded"],"picked":"Streamline+1","floor":22},{"not_picked":["Sweeping Beam+1","Stack","Ball Lightning"],"picked":"Machine Learning","floor":23},{"not_picked":["Coolheaded+1","Turbo","Fusion"],"picked":"Self Repair","floor":24}],"player_experience":999904,"potions_floor_usage":[16,20],"damage_taken":[{"damage":2.0,"enemies":"Jaw Worm","floor":1.0,"turns":4.0},{"damage":0.0,"enemies":"2 Louse","floor":3.0,"turns":2.0},{"damage":34.0,"enemies":"Gremlin Nob","floor":6.0,"turns":5.0},{"damage":0.0,"enemies":"Small Slimes","floor":7.0,"turns":2.0},{"damage":13.0,"enemies":"Lagavulin","floor":10.0,"turns":6.0},{"damage":4.0,"enemies":"Red Slaver","floor":11.0,"turns":4.0},{"damage":0.0,"enemies":"Large Slime","floor":12.0,"turns":5.0},{"damage":0.0,"enemies":"2 Fungi Beasts","floor":14.0,"turns":1.0},{"damage":41,"enemies":"Hexaghost","floor":16,"turns":8},{"damage":19,"enemies":"Spheric Guardian","floor":18,"turns":5},{"damage":4,"enemies":"3 Byrds","floor":20,"turns":3},{"damage":30,"enemies":"Snake Plant","floor":22,"turns":4},{"damage":12,"enemies":"3 Cultists","floor":24,"turns":3},{"damage":11,"enemies":"Slaver and Parasite","floor":25,"turns":2}],"relics_obtained":[{"floor":6.0,"key":"The Courier"},{"floor":9.0,"key":"Dream Catcher"},{"floor":10.0,"key":"Mercury Hourglass"}],"event_choices":[{"event_name":"Shining Light","player_choice":"Entered Light","floor":2.0,"damage_taken":0.0},{"event_name":"Golden Wing","player_choice":"Ignored","floor":4.0,"damage_taken":0.0},{"event_name":"The Lab","player_choice":"Got Potions","floor":5.0,"damage_taken":0.0},{"event_name":"The Cleric","player_choice":"Healed","floor":8.0,"damage_taken":0.0},{"event_name":"Addict","player_choice":"Ignored","floor":21,"damage_taken":0}],"boss_relics":[{"not_picked":["Black Star","Orrery"],"picked":"Velvet Choker"}],"potions_floor_spawned":[6,7,10,14,16,20],"seed_played":"1373414849523170010","killed_by":"Slaver and Parasite","ascension_level":15,"potions_obtained":[{"floor":5.0,"key":"EntropicBrew"},{"floor":5.0,"key":"Explosive Potion"},{"floor":6.0,"key":"Dexterity Potion"},{"floor":10.0,"key":"FocusPotion"},{"floor":14.0,"key":"GamblersBrew"},{"floor":16,"key":"FocusPotion"},{"floor":20,"key":"Fire Potion"}],"is_trial":false}