{"gold_per_floor":[112,112,126,141,155,155,184,184,184,184,21,21,21,21],"floor_reached":14,"playtime":349,"items_purged":["Strike_B"],"score":136,"play_id":"5ba4e570-14d4-4430-8282-eaf544ff7c03","local_time":"20181208183841","is_ascension_mode":true,"campfire_choices":[{"data":"Streamline","floor":6,"key":"SMITH"},{"data":"Consume","floor":8,"key":"SMITH"},{"data":"Zap","floor":10,"key":"SMITH"},{"data":"Electrodynamics","floor":13,"key":"SMITH"}],"neow_cost":"NONE","seed_source_timestamp":199797880722475,"circlet_count":0,"master_deck":["AscendersBane","Strike_B","Strike_B","Strike_B","Defend_B","Defend_B","Defend_B","Defend_B","Zap+1","Dualcast","Consume+1","Gash","Streamline+1","Electrodynamics+1","Gash","Reinforced Body"],"relics":["Cracked Core","WingedGreaves","Pantograph","Mummified Hand"],"potions_floor_usage":[],"damage_taken":[{"damage":0,"enemies":"2 Louse","floor":1,"turns":1},{"damage":8,"enemies":"Jaw Worm","floor":3,"turns":4},{"damage":0,"enemies":"Cultist","floor":4,"turns":3},{"damage":11,"enemies":"2 Fungi Beasts","floor":5,"turns":4},{"damage":26,"enemies":"Gremlin Nob","floor":7,"turns":4},{"damage":30,"enemies":"Lagavulin","floor":14,"turns":5}],"seed_played":"8516846509611252309","potions_obtained":[{"floor":0,"key":"Strength Potion"},{"floor":0,"key":"Strength Potion"}],"is_trial":false,"path_per_floor":["M","?","M","M","M","R","E","R","T","R","$","?","R","E"],"character_chosen":"DEFECT","items_purchased":["Gash","Reinforced Body"],"campfire_rested":0,"item_purchase_floors":[11,11],"current_hp_per_floor":[68,65,57,57,46,46,20,20,20,20,20,20,20,0],"gold":21,"neow_bonus":"THREE_SMALL_POTIONS","is_prod":false,"is_daily":false,"chose_seed":false,"campfire_upgraded":4,"win_rate":0,"timestamp":1544274521,"path_taken":["M","?","M","M","M","R","E","R","T","R","$","?","R","E"],"build_version":"2018-12-06","purchased_purges":1,"victory":false,"max_hp_per_floor":[75,75,75,75,75,75,75,75,75,75,75,75,75,75],"card_choices":[{"not_picked":["Reprogram","Barrage","Redo"],"picked":"SKIP","floor":1},{"not_picked":["Turbo","Beam Cell"],"picked":"Consume","floor":3},{"not_picked":["Consume","Rebound"],"picked":"Gash","floor":4},{"not_picked":["Ball Lightning","Go for the Eyes"],"picked":"Streamline","floor":5},{"not_picked":["Conserve Battery","Redo"],"picked":"Electrodynamics","floor":7}],"player_experience":863510,"relics_obtained":[{"floor":7,"key":"Pantograph"},{"floor":9,"key":"Mummified Hand"}],"event_choices":[{"damage_healed":0,"gold_gain":0,"player_choice":"Success","damage_taken":3,"relics_obtained":["WingedGreaves"],"max_hp_gain":0,"max_hp_loss":0,"event_name":"Scrap Ooze","floor":2,"gold_loss":0},{"damage_healed":0,"gold_gain":0,"player_choice":"Leave","damage_taken":0,"max_hp_gain":0,"max_hp_loss":0,"event_name":"The Cleric","floor":12,"gold_loss":0}],"is_beta":true,"boss_relics":[],"items_purged_floors":[11],"is_endless":false,"potions_floor_spawned":[5,7],"killed_by":"Lagavulin","ascension_level":11}