{"gold_per_floor":[115,115,14,32,32,32,67,103,155,155],"floor_reached":10,"playtime":637,"items_purged":["Injury"],"score":70,"play_id":"71d54453-c03b-4693-bb9a-4be87a6861f5","local_time":"20190226211337","is_ascension_mode":true,"campfire_choices":[{"data":"Bash","floor":6,"key":"SMITH"}],"neow_cost":"NONE","seed_source_timestamp":4036117924052,"circlet_count":0,"master_deck":["Strike_R","Strike_R","Strike_R","Strike_R","Defend_R","Defend_R","Defend_R","Defend_R","Bash+1","Impatience","Havoc","Sword Boomerang","Anger","Double Tap","Shrug It Off"],"relics":["Burning Blood","Golden Idol","Dodecahedron","Odd Mushroom","Omamori"],"potions_floor_usage":[7],"damage_taken":[{"damage":16,"enemies":"Small Slimes","floor":1,"turns":3},{"damage":7,"enemies":"Jaw Worm","floor":4,"turns":3},{"damage":18,"enemies":"Gremlin Nob","floor":7,"turns":3},{"damage":30,"enemies":"The Mushroom Lair","floor":8,"turns":4},{"damage":37,"enemies":"3 Sentries","floor":10,"turns":8}],"seed_played":"-5105003142569480309","potions_obtained":[{"floor":4,"key":"AttackPotion"}],"is_trial":false,"path_per_floor":["M","?","$","M","?","R","E","?","T","E"],"character_chosen":"IRONCLAD","items_purchased":["Sword Boomerang"],"campfire_rested":0,"item_purchase_floors":[3],"current_hp_per_floor":[70,70,70,69,69,69,57,33,33,0],"gold":155,"neow_bonus":"RANDOM_COLORLESS","is_prod":false,"is_daily":false,"chose_seed":false,"campfire_upgraded":1,"win_rate":0,"timestamp":1551212017,"path_taken":["M","?","$","M","?","R","E","?","T","E"],"build_version":"2019-01-23","purchased_purges":1,"victory":false,"max_hp_per_floor":[80,80,80,80,80,80,80,80,80,80],"card_choices":[{"not_picked":["Flex","Warcry"],"picked":"Havoc","floor":1},{"not_picked":["Flex","Sword Boomerang"],"picked":"Anger","floor":4},{"not_picked":["Anger","Disarm"],"picked":"Double Tap","floor":7},{"not_picked":["Flame Barrier","Burning Pact"],"picked":"Shrug It Off","floor":8}],"player_experience":143072,"relics_obtained":[{"floor":7,"key":"Dodecahedron"},{"floor":8,"key":"Odd Mushroom"},{"floor":9,"key":"Omamori"}],"event_choices":[{"damage_healed":0,"gold_gain":0,"player_choice":"Take Wound","damage_taken":0,"relics_obtained":["Golden Idol"],"max_hp_gain":0,"max_hp_loss":0,"event_name":"Golden Idol","floor":2,"gold_loss":0,"cards_obtained":["Injury"]},{"cards_removed":["Strike_R"],"damage_healed":0,"gold_gain":0,"player_choice":"Forget","damage_taken":0,"max_hp_gain":0,"max_hp_loss":0,"event_name":"Living Wall","floor":5,"gold_loss":0},{"damage_healed":0,"gold_gain":0,"player_choice":"Fought Mushrooms","damage_taken":0,"max_hp_gain":0,"max_hp_loss":0,"event_name":"Mushrooms","floor":8,"gold_loss":0}],"is_beta":false,"boss_relics":[],"items_purged_floors":[3],"is_endless":false,"potions_floor_spawned":[4],"killed_by":"3 Sentries","ascension_level":2}