{"gold_per_floor":[110,13,24,34,51,51,51,51,51,71,105,123,150,7,7,112,112,130,130,145,145],"floor_reached":21,"playtime":1842,"items_purged":[],"score":191,"play_id":"11c543e3-14cb-4602-98a9-441804534814","local_time":"20190121201716","is_ascension_mode":false,"campfire_choices":[{"data":"Bouncing Flask","floor":6,"key":"SMITH"},{"data":"Distraction","floor":8,"key":"SMITH"},{"floor":15,"key":"REST"}],"neow_cost":"NONE","seed_source_timestamp":328771059212442,"circlet_count":0,"master_deck":["Defend_G","Defend_G","Defend_G","Defend_G+1","Defend_G","Strike_G","Strike_G","Strike_G","Strike_G","Survivor","Neutralize","Distraction+1","Infinite Blades","Dagger Spray","Dagger Spray","Bouncing Flask+1","Outmaneuver+1","Iron Wave","Well Laid Plans","Glass Knife","Terror","Doppelganger","Normality","Clumsy","Regret","Flying Knee","PiercingWail+1"],"relics":["Ring of the Snake","NeowsBlessing","Paper Crane","Kunai","PreservedInsect","War Paint","Calling Bell","Bag of Preparation","Toxic Egg 2","Girya","MutagenicStrength"],"potions_floor_usage":[11,13,13,18],"damage_taken":[{"damage":0,"enemies":"Jaw Worm","floor":1,"turns":1},{"damage":0,"enemies":"Cultist","floor":3,"turns":1},{"damage":0,"enemies":"Small Slimes","floor":4,"turns":1},{"damage":0,"enemies":"Blue Slaver","floor":5,"turns":6},{"damage":3,"enemies":"2 Fungi Beasts","floor":10,"turns":3},{"damage":13,"enemies":"3 Sentries","floor":11,"turns":5},{"damage":1,"enemies":"3 Louse","floor":12,"turns":3},{"damage":19,"enemies":"Gremlin Nob","floor":13,"turns":4},{"damage":27,"enemies":"Hexaghost","floor":16,"turns":8},{"damage":19,"enemies":"Spheric Guardian","floor":18,"turns":6},{"damage":25,"enemies":"2 Thieves","floor":20,"turns":5},{"damage":29,"enemies":"Shelled Parasite and Fungi","floor":21,"turns":3}],"seed_played":"-7446253016503249152","potions_obtained":[{"floor":4,"key":"SkillPotion"},{"floor":5,"key":"Energy Potion"},{"floor":10,"key":"SkillPotion"},{"floor":16,"key":"AttackPotion"},{"floor":18,"key":"Swift Potion"}],"is_trial":false,"path_per_floor":["M","$","M","M","M","R","?","R","T","M","E","M","E","$","R","B",null,"M","?","M","M"],"character_chosen":"THE_SILENT","items_purchased":["Infinite Blades","Dagger Spray","War Paint"],"campfire_rested":1,"item_purchase_floors":[2,2,14],"current_hp_per_floor":[70,70,70,70,70,70,70,70,70,67,54,53,34,34,55,28,70,51,51,26,0],"gold":145,"neow_bonus":"THREE_ENEMY_KILL","is_prod":false,"is_daily":false,"chose_seed":false,"campfire_upgraded":2,"win_rate":0.0,"timestamp":1548098236,"path_taken":["M","$","M","M","M","R","?","R","T","M","E","M","E","$","R","BOSS","M","?","M","M"],"build_version":"2019-01-17v2","purchased_purges":0,"victory":false,"max_hp_per_floor":[70,70,70,70,70,70,70,70,70,70,70,70,70,70,70,70,70,70,70,70,70],"card_choices":[{"not_picked":["Quick Slash","Calculated Gamble"],"picked":"Distraction","floor":1},{"not_picked":["Tactician","Dagger Throw"],"picked":"Dagger Spray","floor":3},{"not_picked":["Masterful Stab","Backstab"],"picked":"Bouncing Flask","floor":4},{"not_picked":["Quick Slash","PiercingWail"],"picked":"Outmaneuver","floor":5},{"not_picked":["Backstab","Terror"],"picked":"Well Laid Plans","floor":10},{"not_picked":["Bane","Blade Dance"],"picked":"Glass Knife","floor":11},{"not_picked":["Sucker Punch","Quick Slash","Expertise"],"picked":"SKIP","floor":12},{"not_picked":["Riddle With Holes","Acrobatics"],"picked":"Terror","floor":13},{"not_picked":["Bullet Time","Phantasmal Killer"],"picked":"Doppelganger","floor":16},{"not_picked":["Slice","Riddle With Holes"],"picked":"Flying Knee","floor":18},{"not_picked":["Underhanded Strike","Sucker Punch+1"],"picked":"PiercingWail+1","floor":20}],"player_experience":17605,"relics_obtained":[{"floor":9,"key":"Paper Crane"},{"floor":11,"key":"Kunai"},{"floor":13,"key":"PreservedInsect"},{"floor":17,"key":"Bag of Preparation"},{"floor":17,"key":"Toxic Egg 2"},{"floor":17,"key":"Girya"}],"event_choices":[{"cards_removed":["Strike_G"],"damage_healed":0,"gold_gain":0,"player_choice":"Took Card","damage_taken":0,"max_hp_gain":0,"max_hp_loss":0,"event_name":"NoteForYourself","floor":7,"gold_loss":0,"cards_obtained":["Iron Wave"]},{"damage_healed":0,"gold_gain":0,"player_choice":"Inject Mutagens","damage_taken":0,"relics_obtained":["MutagenicStrength"],"max_hp_gain":0,"max_hp_loss":0,"event_name":"Drug Dealer","floor":19,"gold_loss":0}],"is_beta":false,"boss_relics":[{"not_picked":["Ectoplasm","Cursed Key"],"picked":"Calling Bell"}],"items_purged_floors":[],"is_endless":false,"potions_floor_spawned":[4,5,10,16,18],"killed_by":"Shelled Parasite and Fungi","ascension_level":0}