{"gold_per_floor":[118,128,140,140,155,190,190,205,230,310,6,16,16,48,48,144,144,157,157,157,157,168,168],"floor_reached":23,"playtime":1244,"items_purged":["Strike_B"],"score":301,"play_id":"88dc5043-a38a-4f7e-9871-e394148abd17","local_time":"20190301104202","is_ascension_mode":true,"campfire_choices":[{"data":"Doom and Gloom","floor":7,"key":"SMITH"},{"floor":13,"key":"REST"},{"data":"Coolheaded","floor":15,"key":"SMITH"}],"neow_cost":"NONE","seed_source_timestamp":39576295025930,"circlet_count":0,"master_deck":["Strike_B","Strike_B","Defend_B","Defend_B","Defend_B","Defend_B","Zap+1","Dualcast","Thunder Strike","Doom and Gloom+1","Biased Cognition","Recycle","Leap","Self Repair","Coolheaded+1","Electrodynamics","Writhe"],"relics":["Cracked Core","Question Card","Boot","Matryoshka","DataDisk","Vajra","Busted Crown","Blood Vial"],"potions_floor_usage":[2,18,23],"damage_taken":[{"damage":1,"enemies":"Cultist","floor":1,"turns":3},{"damage":2,"enemies":"Jaw Worm","floor":2,"turns":3},{"damage":5,"enemies":"Small Slimes","floor":3,"turns":2},{"damage":9,"enemies":"2 Fungi Beasts","floor":5,"turns":3},{"damage":18,"enemies":"Gremlin Nob","floor":6,"turns":3},{"damage":0,"enemies":"3 Louse","floor":8,"turns":2},{"damage":24,"enemies":"Exordium Thugs","floor":12,"turns":4},{"damage":17,"enemies":"Lagavulin","floor":14,"turns":5},{"damage":0,"enemies":"Slime Boss","floor":16,"turns":6},{"damage":30,"enemies":"2 Thieves","floor":18,"turns":4},{"damage":7,"enemies":"3 Byrds","floor":22,"turns":3},{"damage":45,"enemies":"Book of Stabbing","floor":23,"turns":4}],"seed_played":"-3992952162079697148","potions_obtained":[{"floor":1,"key":"Explosive Potion"},{"floor":2,"key":"EssenceOfSteel"},{"floor":6,"key":"Block Potion"},{"floor":8,"key":"Weak Potion"},{"floor":18,"key":"Dexterity Potion"}],"is_trial":false,"path_per_floor":["M","M","M","?","M","E","R","M","T","T","$","M","R","E","R","B",null,"M","?","?","?","M","E"],"character_chosen":"DEFECT","items_purchased":["Self Repair","DataDisk"],"campfire_rested":1,"item_purchase_floors":[11,11],"current_hp_per_floor":[74,72,67,67,58,40,40,40,40,40,40,23,45,35,35,42,75,52,38,38,38,40,0],"gold":168,"neow_bonus":"ONE_RANDOM_RARE_CARD","is_prod":false,"is_daily":false,"chose_seed":false,"campfire_upgraded":2,"win_rate":0,"timestamp":1551433322,"path_taken":["M","M","M","?","M","E","R","M","T","?","$","M","R","E","R","BOSS","M","?","?","?","?","E"],"build_version":"2019-01-23","purchased_purges":1,"victory":false,"max_hp_per_floor":[75,75,75,75,75,75,75,75,75,75,75,75,75,75,75,75,75,75,80,80,80,80,80],"card_choices":[{"not_picked":["Reprogram","Compile Driver"],"picked":"Doom and Gloom","floor":1},{"not_picked":["Rebound","Hologram","White Noise"],"picked":"SKIP","floor":2},{"not_picked":["Turbo","Rebound","Auto Shields"],"picked":"SKIP","floor":3},{"not_picked":["Fusion","Stack"],"picked":"Biased Cognition","floor":5},{"not_picked":["Undo","Reprogram"],"picked":"Recycle","floor":6},{"not_picked":["Doom and Gloom","Compile Driver","Turbo"],"picked":"Leap","floor":8},{"not_picked":["Stack","Turbo","Hologram"],"picked":"Coolheaded","floor":12},{"not_picked":["Barrage","Leap","Thunder Strike","Steam Power"],"picked":"SKIP","floor":14},{"not_picked":["Multi-Cast","Creative AI","Amplify"],"picked":"Electrodynamics","floor":16},{"not_picked":["Sweeping Beam","Fusion"],"picked":"SKIP","floor":18},{"not_picked":["Barrage","Streamline"],"picked":"SKIP","floor":22}],"player_experience":162980,"relics_obtained":[{"floor":6,"key":"Question Card"},{"floor":9,"key":"Boot"},{"floor":10,"key":"Matryoshka"},{"floor":14,"key":"Vajra"}],"event_choices":[{"damage_healed":0,"gold_gain":0,"player_choice":"Grow","damage_taken":0,"max_hp_gain":0,"max_hp_loss":0,"event_name":"Living Wall","floor":4,"gold_loss":0,"cards_upgraded":["Zap"]},{"damage_healed":0,"gold_gain":0,"player_choice":"Shed Blood","damage_taken":19,"max_hp_gain":5,"max_hp_loss":0,"event_name":"Forgotten Altar","floor":19,"gold_loss":0},{"damage_healed":0,"gold_gain":0,"player_choice":"Opened","damage_taken":0,"relics_obtained":["Blood Vial"],"max_hp_gain":0,"max_hp_loss":0,"event_name":"The Mausoleum","floor":20,"gold_loss":0,"cards_obtained":["Writhe"]},{"cards_removed":["Strike_B"],"damage_healed":0,"gold_gain":0,"player_choice":"Elegance","damage_taken":0,"max_hp_gain":0,"max_hp_loss":0,"event_name":"Back to Basics","floor":21,"gold_loss":0}],"is_beta":false,"boss_relics":[{"not_picked":["Runic Dome","Empty Cage"],"picked":"Busted Crown"}],"items_purged_floors":[11],"is_endless":false,"potions_floor_spawned":[1,2,6,8,18],"killed_by":"Book of Stabbing","ascension_level":4}