{"gold_per_floor":[116,116,126,140,151,184,184,214,214,214,243,270,289,289,289,386,436,452,367,367,382,382,382,417,417,472,497,510,269,269,289,289,387,387,402,413,313,313,313,313,333,348,348,360,392,392,392,28,28,28],"floor_reached":51,"playtime":1717,"items_purged":["Strike_B","Strike_B"],"score":758,"play_id":"9b4015d7-e573-4212-a96f-2e898a8ceb42","local_time":"20190127024602","is_ascension_mode":false,"campfire_choices":[{"floor":7,"key":"REST"},{"floor":10,"key":"REST"},{"floor":15,"key":"REST"},{"floor":23,"key":"REST"},{"floor":25,"key":"REST"},{"floor":30,"key":"REST"},{"data":"White Noise","floor":32,"key":"SMITH"},{"data":"Loop","floor":40,"key":"SMITH"},{"floor":49,"key":"REST"}],"neow_cost":"NONE","seed_source_timestamp":292568665111164,"circlet_count":0,"master_deck":["Strike_B","Defend_B+1","Defend_B","Defend_B","Defend_B","Zap","Dualcast","Self Repair","White Noise+1","Lockon","Storm","White Noise+1","Electrodynamics","Self Repair","White Noise+1","Loop+1","Chrysalis","Static Discharge","Storm+1","Storm+1","Static Discharge+1","White Noise","Defragment"],"relics":["Cracked Core","Bag of Preparation","Strawberry","Calipers","Prayer Wheel","WingedGreaves","Gambling Chip","Odd Mushroom","Tiny House","Lantern","Pocketwatch","Centennial Puzzle","Incense Burner","Lizard Tail","Question Card","Omamori","StoneCalendar"],"potions_floor_usage":[8,11,11,13,45,50,50,50],"damage_taken":[{"damage":0,"enemies":"Small Slimes","floor":1,"turns":2},{"damage":1,"enemies":"Cultist","floor":3,"turns":3},{"damage":1,"enemies":"Jaw Worm","floor":4,"turns":3},{"damage":19,"enemies":"Large Slime","floor":5,"turns":7},{"damage":40,"enemies":"Gremlin Nob","floor":6,"turns":5},{"damage":24,"enemies":"Lagavulin","floor":8,"turns":5},{"damage":30,"enemies":"Gremlin Nob","floor":11,"turns":4},{"damage":7,"enemies":"The Mushroom Lair","floor":12,"turns":2},{"damage":13,"enemies":"Lots of Slimes","floor":13,"turns":2},{"damage":27,"enemies":"Slime Boss","floor":16,"turns":9},{"damage":42,"enemies":"Shell Parasite","floor":18,"turns":6},{"damage":10,"enemies":"Spheric Guardian","floor":21,"turns":4},{"damage":24,"enemies":"Slavers","floor":24,"turns":2},{"damage":54,"enemies":"Book of Stabbing","floor":27,"turns":5},{"damage":0,"enemies":"3 Cultists","floor":28,"turns":2},{"damage":21,"enemies":"Cultist and Chosen","floor":31,"turns":4},{"damage":29,"enemies":"Automaton","floor":33,"turns":8},{"damage":3,"enemies":"3 Shapes","floor":35,"turns":3},{"damage":1,"enemies":"Orb Walker","floor":36,"turns":2},{"damage":5,"enemies":"Maw","floor":41,"turns":3},{"damage":29,"enemies":"4 Shapes","floor":42,"turns":2},{"damage":0,"enemies":"Spire Growth","floor":44,"turns":2},{"damage":18,"enemies":"Giant Head","floor":45,"turns":6},{"damage":40,"enemies":"Donu and Deca","floor":50,"turns":3}],"seed_played":"533636151730358135","potions_obtained":[{"floor":1,"key":"SpeedPotion"},{"floor":3,"key":"PowerPotion"},{"floor":6,"key":"EssenceOfSteel"},{"floor":8,"key":"PowerPotion"},{"floor":11,"key":"Regen Potion"},{"floor":17,"key":"EssenceOfSteel"},{"floor":21,"key":"FocusPotion"},{"floor":24,"key":"Regen Potion"},{"floor":45,"key":"PowerPotion"}],"is_trial":false,"path_per_floor":["M","?","M","M","M","E","R","E","T","R","E","?","M","?","R","B",null,"M","?","?","M","?","R","E","R","T","E","M","$","R","M","R","B",null,"M","M","$","?","?","R","M","M","T","M","E","?","?","$","R","B",null],"character_chosen":"DEFECT","items_purchased":["Chrysalis","Defragment","StoneCalendar"],"campfire_rested":7,"item_purchase_floors":[29,48,48],"current_hp_per_floor":[75,82,81,82,70,37,61,44,44,68,45,45,32,32,56,36,87,59,59,59,63,63,87,63,87,87,47,47,47,73,66,66,51,87,87,86,86,86,86,86,87,58,58,65,75,75,75,75,87,54],"gold":28,"neow_bonus":"RANDOM_COMMON_RELIC","is_prod":false,"is_daily":false,"chose_seed":false,"campfire_upgraded":2,"win_rate":0.0,"timestamp":1548575162,"path_taken":["M","?","?","M","M","E","R","E","T","R","E","?","M","?","R","BOSS","M","?","?","?","?","R","E","R","T","E","M","$","R","?","R","BOSS","M","M","$","?","?","R","M","M","T","?","E","?","?","$","R","BOSS"],"build_version":"2019-01-23","purchased_purges":2,"victory":true,"max_hp_per_floor":[75,82,82,82,82,82,82,82,82,82,82,82,82,82,82,82,87,87,87,87,87,87,87,87,87,87,87,87,87,87,87,87,87,87,87,87,87,87,87,87,87,87,87,87,87,87,87,87,87,87],"card_choices":[{"not_picked":["Recycle","Hologram","Double Energy"],"picked":"SKIP","floor":1},{"not_picked":["Leap","Streamline"],"picked":"Self Repair","floor":3},{"not_picked":["Ball Lightning","Auto Shields"],"picked":"White Noise","floor":4},{"not_picked":["Turbo","Sweeping Beam"],"picked":"Lockon","floor":5},{"not_picked":["Glacier","Echo Form","Gash"],"picked":"SKIP","floor":6},{"not_picked":["BootSequence","Rip and Tear"],"picked":"Storm","floor":8},{"not_picked":["Rip and Tear","Sweeping Beam"],"picked":"White Noise","floor":11},{"not_picked":["Rip and Tear","Turbo","Barrage"],"picked":"SKIP","floor":13},{"not_picked":["Hyperbeam","Coolheaded","Self Repair"],"picked":"SKIP","floor":13},{"not_picked":["Fission","Core Surge"],"picked":"Electrodynamics","floor":16},{"not_picked":["Barrage","Ball Lightning"],"picked":"Self Repair","floor":17},{"not_picked":["Cold Snap","Conserve Battery"],"picked":"Streamline","floor":18},{"not_picked":["Sweeping Beam+1","Hologram+1","Force Field"],"picked":"SKIP","floor":18},{"not_picked":["Stack","Redo"],"picked":"White Noise+1","floor":21},{"not_picked":["Streamline+1","Redo","Cold Snap"],"picked":"SKIP","floor":21},{"not_picked":["Steam","Coolheaded","Consume"],"picked":"SKIP","floor":24},{"not_picked":["Rebound","Chaos","Compile Driver+1"],"picked":"SKIP","floor":27},{"not_picked":["Lockon","Streamline"],"picked":"Loop","floor":28},{"not_picked":["Chaos+1","Go for the Eyes+1","Rainbow"],"picked":"SKIP","floor":28},{"not_picked":["Hello World+1","Tempest"],"picked":"Static Discharge","floor":31},{"not_picked":["Heatsinks+1","Chaos"],"picked":"Storm+1","floor":31},{"not_picked":["Rebound","Reinforced Body"],"picked":"Storm+1","floor":35},{"not_picked":["Gash","Hologram+1","Coolheaded"],"picked":"SKIP","floor":35},{"not_picked":["Stack+1","Auto Shields+1","Gash"],"picked":"SKIP","floor":36},{"not_picked":["Stack+1","Tempest+1","Rainbow"],"picked":"SKIP","floor":36},{"not_picked":["Turbo","Leap","Undo"],"picked":"SKIP","floor":41},{"not_picked":["Barrage+1","Compile Driver+1","Skim+1"],"picked":"SKIP","floor":41},{"not_picked":["Conserve Battery+1","White Noise"],"picked":"Static Discharge+1","floor":42},{"not_picked":["Chaos","Rip and Tear","Cold Snap"],"picked":"SKIP","floor":42},{"not_picked":["Cold Snap+1","Melter+1","Conserve Battery+1"],"picked":"White Noise","floor":44},{"not_picked":["Steam Power+1","Consume","Genetic Algorithm+1","Hyperbeam"],"picked":"SKIP","floor":44},{"not_picked":["Steam","Go for the Eyes+1","Ball Lightning","Biased Cognition"],"picked":"SKIP","floor":45}],"player_experience":155773,"relics_obtained":[{"floor":6,"key":"Calipers"},{"floor":8,"key":"Prayer Wheel"},{"floor":9,"key":"WingedGreaves"},{"floor":11,"key":"Gambling Chip"},{"floor":12,"key":"Odd Mushroom"},{"floor":24,"key":"Pocketwatch"},{"floor":26,"key":"Centennial Puzzle"},{"floor":27,"key":"Incense Burner"},{"floor":43,"key":"Question Card"},{"floor":45,"key":"Omamori"}],"event_choices":[{"damage_healed":0,"gold_gain":0,"player_choice":"Gave Potion","damage_taken":0,"relics_obtained":["Strawberry"],"max_hp_gain":0,"max_hp_loss":0,"event_name":"WeMeetAgain","floor":2,"gold_loss":0},{"damage_healed":0,"gold_gain":0,"player_choice":"Fought Mushrooms","damage_taken":0,"max_hp_gain":0,"max_hp_loss":0,"event_name":"Mushrooms","floor":12,"gold_loss":0},{"damage_healed":0,"gold_gain":0,"player_choice":"Ignored","damage_taken":0,"max_hp_gain":0,"max_hp_loss":0,"event_name":"Golden Wing","floor":14,"gold_loss":0},{"damage_healed":0,"gold_gain":0,"player_choice":"Obtained Relic","damage_taken":0,"relics_obtained":["Lantern"],"max_hp_gain":0,"max_hp_loss":0,"event_name":"Addict","floor":19,"gold_loss":85},{"damage_healed":0,"gold_gain":0,"player_choice":"Bought 0 Potions","damage_taken":0,"max_hp_gain":0,"max_hp_loss":0,"event_name":"The Woman in Blue","floor":20,"gold_loss":0},{"cards_removed":["Streamline"],"damage_healed":0,"gold_gain":0,"player_choice":"Card Removal","damage_taken":0,"max_hp_gain":0,"max_hp_loss":0,"event_name":"Wheel of Change","floor":22,"gold_loss":0},{"damage_healed":0,"gold_gain":0,"player_choice":"Memory 1","damage_taken":0,"max_hp_gain":0,"max_hp_loss":0,"event_name":"SensoryStone","floor":38,"gold_loss":0},{"damage_healed":0,"gold_gain":0,"player_choice":"Upgraded","damage_taken":0,"max_hp_gain":0,"max_hp_loss":0,"event_name":"Upgrade Shrine","floor":39,"gold_loss":0,"cards_upgraded":["White Noise"]},{"cards_removed":["Strike_B"],"damage_healed":0,"gold_gain":0,"player_choice":"Removed Attack","damage_taken":0,"max_hp_gain":0,"max_hp_loss":0,"event_name":"Falling","floor":46,"gold_loss":0},{"damage_healed":0,"gold_gain":0,"player_choice":"Ignored","damage_taken":0,"max_hp_gain":0,"max_hp_loss":0,"event_name":"NoteForYourself","floor":47,"gold_loss":0}],"is_beta":false,"boss_relics":[{"not_picked":["Orrery","Empty Cage"],"picked":"Tiny House"},{"not_picked":["Coffee Dripper","Eternal Feather"],"picked":"Lizard Tail"}],"items_purged_floors":[29,37],"is_endless":false,"potions_floor_spawned":[1,3,6,8,11,21,24,33,35,45],"ascension_level":0}