{"gold_per_floor":[117,117,117,134,147,182,199,211,234,294,294,321,331,357,357,461,461,479,104,121,132,152,177,177,177,177,201,201,227,246,271,271,367,367,387,387,402,416,516,516,516,526,526,544,544,590,2,2,2,2],"floor_reached":50,"playtime":7117,"items_purged":["Zap"],"score":715,"play_id":"2111b96b-ddd0-4e94-a71a-f47a073e72ee","local_time":"20190119172625","is_ascension_mode":true,"campfire_choices":[{"floor":11.0,"key":"RECALL"},{"data":"Buffer","floor":15.0,"key":"SMITH"},{"data":"Turbo","floor":24,"key":"SMITH"},{"data":"Heatsinks","floor":32,"key":"SMITH"},{"floor":40,"key":"REST"},{"floor":45,"key":"REST"},{"floor":49,"key":"REST"}],"neow_cost":"NONE","seed_source_timestamp":0,"circlet_count":0,"master_deck":["Chill","Echo Form","Buffer+1","Electrodynamics","Echo Form","Amplify","Reboot","Machine Learning","BootSequence","Streamline","Ball Lightning","Cold Snap","Doom and Gloom","Fusion","Reboot","Thunder Strike","Capacitor","Buffer+1","Electrodynamics","Turbo+1","Heatsinks+1","Force Field","Turbo+1","Skim+1","Rebound+1","Reprogram+1","Turbo+1","Redo+1","Reboot+1","Compile Driver+1","Self Repair+1","White Noise+1","Consume+1","Echo Form","Redo+1","The Bomb+1"],"special_seed":0,"relics":["Pandora\u0027s Box","Pen Nib","Tiny Chest","Regal Pillow","Ornamental Fan","Inserter","Pear","Meat on the Bone","Toxic Egg 2","Bag of Marbles","Centennial Puzzle","Mercury Hourglass","Sundial","Fusion Hammer","Ice Cream","Happy Flower","Bottled Flame","Pocketwatch","Strange Spoon","Bag of Preparation","Vajra"],"potions_floor_usage":[21,21,22,30,39,42,46,50,50],"damage_taken":[{"damage":8.0,"enemies":"Small Slimes","floor":1.0,"turns":3.0},{"damage":0.0,"enemies":"Cultist","floor":4.0,"turns":4.0},{"damage":0.0,"enemies":"2 Louse","floor":5.0,"turns":4.0},{"damage":6.0,"enemies":"Gremlin Nob","floor":6.0,"turns":5.0},{"damage":10.0,"enemies":"Blue Slaver","floor":7.0,"turns":3.0},{"damage":0.0,"enemies":"Looter","floor":8.0,"turns":2.0},{"damage":0.0,"enemies":"3 Sentries","floor":10.0,"turns":5.0},{"damage":6.0,"enemies":"Gremlin Nob","floor":12.0,"turns":6.0},{"damage":0.0,"enemies":"Gremlin Gang","floor":13.0,"turns":3.0},{"damage":0.0,"enemies":"Lagavulin","floor":14.0,"turns":6.0},{"damage":16.0,"enemies":"Hexaghost","floor":16.0,"turns":8.0},{"damage":8.0,"enemies":"Spheric Guardian","floor":18.0,"turns":5.0},{"damage":2,"enemies":"Shell Parasite","floor":20,"turns":5},{"damage":7,"enemies":"Snake Plant","floor":21,"turns":3},{"damage":6,"enemies":"Centurion and Healer","floor":22,"turns":7},{"damage":36,"enemies":"Book of Stabbing","floor":23,"turns":7},{"damage":3,"enemies":"Gremlin Leader","floor":29,"turns":5},{"damage":0,"enemies":"Chosen and Byrds","floor":30,"turns":5},{"damage":18,"enemies":"Book of Stabbing","floor":31,"turns":4},{"damage":0,"enemies":"Automaton","floor":33,"turns":6},{"damage":8,"enemies":"3 Shapes","floor":35,"turns":2},{"damage":0,"enemies":"3 Darklings","floor":37,"turns":3},{"damage":12,"enemies":"Jaw Worm Horde","floor":38,"turns":2},{"damage":0,"enemies":"Mind Bloom Boss Battle","floor":39,"turns":3},{"damage":6,"enemies":"4 Shapes","floor":42,"turns":4},{"damage":0,"enemies":"Maw","floor":44,"turns":5},{"damage":11,"enemies":"2 Orb Walkers","floor":46,"turns":3},{"damage":92,"enemies":"Time Eater","floor":50,"turns":6}],"seed_played":"3304178883024840015","potions_obtained":[{"floor":5.0,"key":"Swift Potion"},{"floor":6.0,"key":"Poison Potion"},{"floor":10.0,"key":"GamblersBrew"},{"floor":12.0,"key":"Block Potion"},{"floor":14.0,"key":"Energy Potion"},{"floor":16.0,"key":"SkillPotion"},{"floor":22,"key":"Ancient Potion"},{"floor":33,"key":"SkillPotion"},{"floor":37,"key":"Regen Potion"},{"floor":39,"key":"Fire Potion"},{"floor":42,"key":"Poison Potion"},{"floor":46,"key":"PowerPotion"}],"is_trial":false,"path_per_floor":["M","?","?","M","M","E","M","M","T","E","R","E","M","E","R","B",null,"M","$","M","M","M","E","R","$","T","T","?","E","M","E","R","B",null,"M","?","M","M","?","R","?","M","T","M","R","?","$","?","R","B"],"character_chosen":"DEFECT","items_purchased":["Pear","Heatsinks","Strange Spoon","Bag of Preparation","Vajra","Redo+1","Block Potion"],"campfire_rested":3,"item_purchase_floors":[19,19,47,47,47,47,47],"current_hp_per_floor":[67,67,67,67,67,61,51,51,51,51,51,45,45,45,45,29,75,67,77,75,68,62,26,26,26,26,26,26,35,47,41,41,53,85,77,77,77,65,65,85,85,85,85,85,85,84,84,84,85,0],"gold":2,"neow_bonus":"BOSS_RELIC","is_prod":false,"is_daily":false,"chose_seed":false,"campfire_upgraded":3,"win_rate":0,"timestamp":1547936785,"path_taken":["M","?","?","M","?","E","M","M","T","E","R","E","M","E","R","BOSS","M","$","M","M","M","E","R","$","T","?","?","E","M","E","R","BOSS","M","?","M","M","?","R","?","M","T","?","R","?","$","?","R","BOSS"],"build_version":"2019-01-17v2","purchased_purges":1,"victory":false,"max_hp_per_floor":[75,75,75,75,75,75,75,75,75,75,75,75,75,75,75,75,75,75,85,85,85,85,85,85,85,85,85,85,85,85,85,85,85,85,85,85,85,85,85,85,85,85,85,85,85,85,85,85,85,85],"card_choices":[{"not_picked":["Compile Driver","Chill"],"picked":"BootSequence","floor":1.0},{"not_picked":["Gash","Steam Power"],"picked":"Ball Lightning","floor":4.0},{"not_picked":["Hologram","Reinforced Body"],"picked":"Cold Snap","floor":5.0},{"not_picked":["Turbo","Steam","Stack"],"picked":"SKIP","floor":6.0},{"not_picked":["Go for the Eyes","Barrage"],"picked":"Doom and Gloom","floor":7.0},{"not_picked":["Gash","Stack"],"picked":"Fusion","floor":8.0},{"not_picked":["Coolheaded","Skim"],"picked":"Reboot","floor":10.0},{"not_picked":["Go for the Eyes","Steam"],"picked":"Thunder Strike","floor":12.0},{"not_picked":["Redo","Consume"],"picked":"Capacitor","floor":13.0},{"not_picked":["Seek","Chaos"],"picked":"Buffer","floor":14.0},{"not_picked":["Rainbow","Biased Cognition"],"picked":"Electrodynamics","floor":16.0},{"not_picked":["Sweeping Beam","Leap"],"picked":"Turbo+1","floor":18.0},{"not_picked":["Loop","Consume"],"picked":"Force Field","floor":20},{"not_picked":["Hologram+1","Static Discharge"],"picked":"Turbo","floor":21},{"not_picked":["Stack","Steam+1"],"picked":"Skim+1","floor":22},{"not_picked":["Reboot","Melter"],"picked":"Rebound+1","floor":23},{"not_picked":["Rip and Tear","Aggregate+1"],"picked":"Reprogram+1","floor":29},{"not_picked":["Undo+1","Aggregate+1"],"picked":"Turbo+1","floor":30},{"not_picked":["Conserve Battery+1","Stack+1"],"picked":"Redo+1","floor":31},{"not_picked":["Rainbow+1","Electrodynamics"],"picked":"Reboot+1","floor":33},{"not_picked":["Cold Snap+1","Capacitor","Leap+1"],"picked":"SKIP","floor":35},{"not_picked":["Coolheaded+1","Rebound"],"picked":"Compile Driver+1","floor":37},{"not_picked":["Cold Snap","Conserve Battery+1"],"picked":"Self Repair+1","floor":38},{"not_picked":["Gash","Storm"],"picked":"White Noise+1","floor":39},{"not_picked":["Heatsinks","Ball Lightning+1"],"picked":"Consume+1","floor":42},{"not_picked":["Static Discharge","Blizzard","Compile Driver"],"picked":"SKIP","floor":44},{"not_picked":["Steam+1","Conserve Battery+1"],"picked":"Echo Form","floor":46},{"not_picked":["Sadistic Nature","Good Instincts+1"],"picked":"The Bomb+1","floor":48}],"player_experience":44770,"relics_obtained":[{"floor":6.0,"key":"Pen Nib"},{"floor":10.0,"key":"Tiny Chest"},{"floor":12.0,"key":"Regal Pillow"},{"floor":14.0,"key":"Ornamental Fan"},{"floor":23,"key":"Meat on the Bone"},{"floor":26,"key":"Toxic Egg 2"},{"floor":27,"key":"Bag of Marbles"},{"floor":29,"key":"Mercury Hourglass"},{"floor":31,"key":"Sundial"},{"floor":39,"key":"Ice Cream"},{"floor":43,"key":"Bottled Flame"},{"floor":46,"key":"Pocketwatch"}],"event_choices":[{"damage_healed":0.0,"max_hp_gain":0.0,"max_hp_loss":0.0,"gold_gain":0.0,"event_name":"Living Wall","player_choice":"Grow","floor":2.0,"gold_loss":0.0,"damage_taken":0.0,"cards_upgraded":["Buffer"]},{"damage_healed":0.0,"max_hp_gain":0.0,"max_hp_loss":0.0,"gold_gain":0.0,"cards_transformed":["Dualcast"],"event_name":"Transmorgrifier","player_choice":"Transformed","floor":3.0,"gold_loss":0.0,"damage_taken":0.0,"cards_obtained":["Streamline"]},{"damage_healed":0,"gold_gain":0,"player_choice":"Opened","damage_taken":0,"relics_obtained":["Centennial Puzzle"],"max_hp_gain":0,"max_hp_loss":0,"event_name":"The Mausoleum","floor":28,"gold_loss":0},{"damage_healed":0,"gold_gain":0,"player_choice":"Ignored","damage_taken":0,"max_hp_gain":0,"max_hp_loss":0,"event_name":"Tomb of Lord Red Mask","floor":36,"gold_loss":0},{"damage_healed":0,"gold_gain":0,"player_choice":"Fight","damage_taken":0,"max_hp_gain":0,"max_hp_loss":0,"event_name":"MindBloom","floor":39,"gold_loss":0},{"damage_healed":0,"gold_gain":0,"player_choice":"Gave Potion","damage_taken":0,"relics_obtained":["Happy Flower"],"max_hp_gain":0,"max_hp_loss":0,"event_name":"WeMeetAgain","floor":41,"gold_loss":0},{"damage_healed":0,"gold_gain":0,"player_choice":"Fight","damage_taken":0,"max_hp_gain":0,"max_hp_loss":0,"event_name":"Mysterious Sphere","floor":46,"gold_loss":0},{"damage_healed":0,"gold_gain":0,"player_choice":"Memory 1","damage_taken":0,"max_hp_gain":0,"max_hp_loss":0,"event_name":"SensoryStone","floor":48,"gold_loss":0}],"is_beta":false,"boss_relics":[{"not_picked":["Sozu","Eternal Feather"],"picked":"Inserter"},{"not_picked":["White Beast Statue","Lizard Tail"],"picked":"Fusion Hammer"}],"items_purged_floors":[19],"is_endless":false,"potions_floor_spawned":[5,6,10,12,14,16,18,20,22,33,37,39,42,46],"killed_by":"Time Eater","ascension_level":1}