{"gold_per_floor":[219,169,185,197,212,212,238,238,262,276,304,304,320,320],"floor_reached":14,"playtime":786,"items_purged":[],"score":117,"play_id":"f573b9ad-e36c-49f4-ba6d-30208f9a5d5e","local_time":"20190322115059","is_ascension_mode":true,"campfire_choices":[{"data":"Bash","floor":6.0,"key":"SMITH"},{"floor":8.0,"key":"REST"},{"data":"Hemokinesis","floor":12.0,"key":"SMITH"}],"neow_cost":"NONE","seed_source_timestamp":671064540509795,"circlet_count":0,"master_deck":["Strike_R+1","Strike_R","Strike_R","Strike_R+1","Defend_R","Defend_R","Defend_R","Defend_R","Bash+1","Disarm","Feel No Pain","Thunderclap","Headbutt","Feed","Hemokinesis+1","Armaments","Pommel Strike"],"special_seed":0,"relics":["Burning Blood","Juzu Bracelet","Whetstone","Happy Flower"],"potions_floor_usage":[14],"damage_taken":[{"damage":0.0,"enemies":"Small Slimes","floor":1.0,"turns":3.0},{"damage":9.0,"enemies":"Jaw Worm","floor":3.0,"turns":4.0},{"damage":10.0,"enemies":"2 Louse","floor":4.0,"turns":3.0},{"damage":30.0,"enemies":"Gremlin Gang","floor":5.0,"turns":4.0},{"damage":33.0,"enemies":"Lagavulin","floor":7.0,"turns":5.0},{"damage":16.0,"enemies":"Large Slime","floor":10.0,"turns":4.0},{"damage":22.0,"enemies":"3 Sentries","floor":11.0,"turns":5.0},{"damage":15.0,"enemies":"Exordium Thugs","floor":13.0,"turns":5.0},{"damage":4,"enemies":"Gremlin Nob","floor":14,"turns":3}],"seed_played":"-5602111700234410750","potions_obtained":[{"floor":3.0,"key":"EntropicBrew"},{"floor":7.0,"key":"PowerPotion"},{"floor":10.0,"key":"Explosive Potion"},{"floor":11.0,"key":"SkillPotion"},{"floor":13.0,"key":"GamblersBrew"}],"is_trial":false,"path_per_floor":["M","?","M","M","M","R","E","R","T","M","E","R","M","E"],"character_chosen":"IRONCLAD","items_purchased":[],"campfire_rested":1,"item_purchase_floors":[],"current_hp_per_floor":[80,80,77,73,49,49,22,46,46,39,26,26,17,13],"gold":320,"neow_bonus":"HUNDRED_GOLD","is_prod":false,"is_daily":false,"chose_seed":false,"campfire_upgraded":2,"win_rate":0,"timestamp":1553251859,"path_taken":["M","?","M","M","M","R","E","R","T","M","E","R","M","E"],"build_version":"2019-01-23","purchased_purges":0,"victory":false,"max_hp_per_floor":[80,80,80,80,80,80,80,80,80,83,86,86,86,86],"card_choices":[{"not_picked":["Iron Wave","Clash"],"picked":"Disarm","floor":1.0},{"not_picked":["Second Wind","Sentinel"],"picked":"Feel No Pain","floor":3.0},{"not_picked":["Entrench","Perfected Strike"],"picked":"Thunderclap","floor":4.0},{"not_picked":["Intimidate","Searing Blow"],"picked":"Headbutt","floor":5.0},{"not_picked":["Clothesline","Warcry"],"picked":"Feed","floor":7.0},{"not_picked":["Thunderclap","Heavy Blade"],"picked":"Hemokinesis","floor":10.0},{"not_picked":["Cleave","Pommel Strike"],"picked":"Armaments","floor":11.0},{"not_picked":["Pummel","Body Slam"],"picked":"Pommel Strike","floor":13.0}],"player_experience":217209,"relics_obtained":[{"floor":7.0,"key":"Juzu Bracelet"},{"floor":9.0,"key":"Whetstone"},{"floor":11.0,"key":"Happy Flower"}],"event_choices":[{"cards_removed":["Strike_R"],"damage_healed":0.0,"max_hp_gain":0.0,"max_hp_loss":0.0,"gold_gain":0.0,"event_name":"The Cleric","player_choice":"Card Removal","floor":2.0,"gold_loss":50.0,"damage_taken":0.0}],"is_beta":false,"boss_relics":[],"items_purged_floors":[],"is_endless":false,"potions_floor_spawned":[3,7,10,11,13],"killed_by":"Gremlin Nob","ascension_level":3}