{"gold_per_floor":[10,30,42,58,74,107,126,126,126,187,187,187,222,235,235,332,332,352,352,58,74,74,74,106,26,50,83,83,96,107,107,107,209,209,226,226,244,264,2,35,35,52,52,62,96,23,23,54,54,54],"floor_reached":51,"playtime":1838,"items_purged":["Bash","Strike_R"],"score":937,"play_id":"b6c0bcb8-df17-4cb7-b20c-514562e41623","local_time":"20190421173510","is_ascension_mode":false,"campfire_choices":[{"data":"1","floor":8,"key":"LIFT"},{"data":"2","floor":12,"key":"LIFT"},{"data":"Clothesline","floor":15,"key":"SMITH"},{"data":"3","floor":23,"key":"LIFT"},{"data":"Corruption","floor":28,"key":"SMITH"},{"data":"Demon Form","floor":32,"key":"SMITH"},{"data":"Shockwave","floor":41,"key":"SMITH"},{"data":"Offering","floor":49,"key":"SMITH"}],"neow_cost":"NO_GOLD","seed_source_timestamp":801022619963400,"circlet_count":0,"master_deck":["Strike_R","Strike_R","Strike_R","Strike_R","Defend_R","Defend_R","Defend_R","Defend_R","Bash","Intimidate+1","Spot Weakness","Hemokinesis","Inflame","Feel No Pain","Clothesline+1","Immolate","Feel No Pain","Parasite","Offering+1","Power Through","Immolate","Headbutt","True Grit","J.A.X.+1","Shockwave+1","Corruption+1","Twin Strike+1","Metallicize+1","Feel No Pain+1","Demon Form+1","Feed","Havoc+1","Rage+1","Pummel","Pommel Strike+1","Iron Wave+1","Clumsy","True Grit+1","Burning Pact+1","Shrug It Off","Writhe","Clothesline+1"],"relics":["Burning Blood","Girya","Red Skull","Mercury Hourglass","Letter Opener","Matryoshka","Philosopher\u0027s Stone","Lantern","Pen Nib","Bag of Marbles","War Paint","Dream Catcher","Bag of Preparation","Cursed Key","Membership Card","Art of War","Paper Frog","Ornamental Fan","Happy Flower","Omamori"],"potions_floor_usage":[5,16,16,24,42,45,50],"damage_taken":[{"damage":0,"enemies":"Small Slimes","floor":1,"turns":4},{"damage":1,"enemies":"2 Louse","floor":2,"turns":3},{"damage":8,"enemies":"Jaw Worm","floor":3,"turns":3},{"damage":21,"enemies":"Exordium Wildlife","floor":4,"turns":7},{"damage":10,"enemies":"Exordium Thugs","floor":5,"turns":4},{"damage":37,"enemies":"Lagavulin","floor":6,"turns":7},{"damage":9,"enemies":"Red Slaver","floor":7,"turns":3},{"damage":7,"enemies":"3 Sentries","floor":10,"turns":3},{"damage":13,"enemies":"3 Sentries","floor":13,"turns":4},{"damage":14,"enemies":"Large Slime","floor":14,"turns":4},{"damage":28,"enemies":"Hexaghost","floor":16,"turns":9},{"damage":6,"enemies":"3 Byrds","floor":18,"turns":3},{"damage":5,"enemies":"2 Thieves","floor":21,"turns":2},{"damage":9,"enemies":"Slavers","floor":24,"turns":1},{"damage":6,"enemies":"Gremlin Leader","floor":27,"turns":5},{"damage":3,"enemies":"Chosen and Byrds","floor":29,"turns":2},{"damage":19,"enemies":"Shelled Parasite and Fungi","floor":30,"turns":3},{"damage":39,"enemies":"Automaton","floor":33,"turns":8},{"damage":3,"enemies":"3 Shapes","floor":35,"turns":4},{"damage":6,"enemies":"3 Darklings","floor":37,"turns":2},{"damage":23,"enemies":"Transient","floor":38,"turns":5},{"damage":6,"enemies":"Reptomancer","floor":40,"turns":3},{"damage":9,"enemies":"Maw","floor":42,"turns":4},{"damage":0,"enemies":"4 Shapes","floor":44,"turns":2},{"damage":9,"enemies":"Nemesis","floor":45,"turns":4},{"damage":9,"enemies":"Reptomancer","floor":48,"turns":2},{"damage":20,"enemies":"Awakened One","floor":50,"turns":8}],"seed_played":"-6142073199365452013","potions_obtained":[{"floor":2,"key":"Swift Potion"},{"floor":6,"key":"Swift Potion"},{"floor":7,"key":"SteroidPotion"},{"floor":10,"key":"Poison Potion"},{"floor":13,"key":"PowerPotion"},{"floor":16,"key":"Weak Potion"},{"floor":18,"key":"GamblersBrew"},{"floor":33,"key":"Energy Potion"},{"floor":38,"key":"Swift Potion"},{"floor":42,"key":"FearPotion"},{"floor":45,"key":"Weak Potion"}],"is_trial":false,"path_per_floor":["M","M","M","M","M","E","M","R","T","?","?","R","E","M","R","B",null,"M","?","$","M","?","R","E","$","T","E","R","M","M","?","R","B",null,"M","?","M","M","$","E","R","M","T","M","E","$","?","E","R","B",null],"character_chosen":"IRONCLAD","items_purchased":["Lantern","Pen Nib","Corruption","Membership Card","Pummel","Shrug It Off"],"campfire_rested":0,"item_purchase_floors":[20,20,25,39,39,46],"current_hp_per_floor":[80,80,78,63,59,28,25,25,25,24,44,44,37,29,29,7,80,80,80,80,80,80,80,77,77,77,77,77,80,67,67,67,34,80,83,83,83,66,66,66,66,63,63,69,66,66,83,80,80,66],"gold":54,"neow_bonus":"ONE_RARE_RELIC","is_prod":false,"is_daily":false,"chose_seed":false,"campfire_upgraded":5,"win_rate":1,"timestamp":1555893310,"path_taken":["M","M","M","M","M","E","M","R","T","?","?","R","E","M","R","BOSS","M","?","$","M","?","R","E","?","T","E","R","?","M","?","R","BOSS","M","?","?","M","$","E","R","M","T","M","E","$","?","E","R","BOSS"],"build_version":"2019-01-23","purchased_purges":2,"victory":true,"max_hp_per_floor":[80,80,80,80,80,80,80,80,80,80,80,80,80,80,80,80,80,80,80,80,80,80,80,80,80,80,80,80,80,80,80,80,80,80,83,83,83,83,83,83,83,83,83,83,83,83,83,83,83,83],"card_choices":[{"not_picked":["Body Slam","Thunderclap"],"picked":"Intimidate","floor":1},{"not_picked":["Burning Pact","Hemokinesis"],"picked":"Spot Weakness","floor":2},{"not_picked":["Evolve","Rupture"],"picked":"Hemokinesis","floor":3},{"not_picked":["Headbutt","Havoc"],"picked":"Inflame","floor":4},{"not_picked":["Clash","Havoc"],"picked":"Feel No Pain","floor":5},{"not_picked":["Twin Strike","Headbutt"],"picked":"Clothesline","floor":6},{"not_picked":["Twin Strike","Havoc"],"picked":"Immolate","floor":7},{"not_picked":["Thunderclap","Infernal Blade"],"picked":"Feel No Pain","floor":10},{"not_picked":["Berserk","Pommel Strike"],"picked":"Offering","floor":13},{"not_picked":["Body Slam","Rupture"],"picked":"Power Through","floor":14},{"not_picked":["Impervious","Barricade"],"picked":"Immolate","floor":16},{"not_picked":["Flex+1","Whirlwind"],"picked":"Headbutt","floor":18},{"not_picked":["Iron Wave","Fire Breathing"],"picked":"True Grit","floor":21},{"not_picked":["Dual Wield","Dropkick"],"picked":"Shockwave","floor":24},{"not_picked":["Bludgeon","Clothesline"],"picked":"Twin Strike+1","floor":27},{"not_picked":["Body Slam","Sword Boomerang"],"picked":"Metallicize+1","floor":29},{"not_picked":["Dual Wield","Havoc"],"picked":"Feel No Pain+1","floor":30},{"not_picked":["Barricade","Bludgeon"],"picked":"Feed","floor":33},{"not_picked":["Searing Blow","Reckless Charge","Body Slam+1"],"picked":"SKIP","floor":35},{"not_picked":["Clothesline","Wild Strike"],"picked":"Havoc+1","floor":37},{"not_picked":["Searing Blow","Armaments"],"picked":"Rage+1","floor":38},{"not_picked":["Heavy Blade","Blood for Blood+1"],"picked":"Pommel Strike+1","floor":40},{"not_picked":["Immolate","Heavy Blade+1"],"picked":"Iron Wave+1","floor":42},{"not_picked":["Infernal Blade+1","Rage+1"],"picked":"True Grit+1","floor":44},{"not_picked":["Intimidate","Power Through"],"picked":"Burning Pact+1","floor":45},{"not_picked":["Clash+1","Reckless Charge+1"],"picked":"Clothesline+1","floor":48}],"player_experience":484821,"relics_obtained":[{"floor":6,"key":"Red Skull"},{"floor":9,"key":"Mercury Hourglass"},{"floor":10,"key":"Letter Opener"},{"floor":13,"key":"Matryoshka"},{"floor":24,"key":"Bag of Marbles"},{"floor":26,"key":"War Paint"},{"floor":26,"key":"Dream Catcher"},{"floor":27,"key":"Bag of Preparation"},{"floor":40,"key":"Art of War"},{"floor":43,"key":"Paper Frog"},{"floor":43,"key":"Ornamental Fan"},{"floor":45,"key":"Happy Flower"},{"floor":48,"key":"Omamori"}],"event_choices":[{"damage_healed":0,"gold_gain":0,"player_choice":"Searched \u00272\u0027 times","damage_taken":0,"max_hp_gain":0,"max_hp_loss":0,"event_name":"Dead Adventurer","floor":10,"gold_loss":0},{"damage_healed":20,"gold_gain":0,"player_choice":"Healed and dodged fight","damage_taken":0,"max_hp_gain":0,"max_hp_loss":0,"event_name":"Mushrooms","floor":11,"gold_loss":0,"cards_obtained":["Parasite"]},{"damage_healed":0,"gold_gain":0,"player_choice":"Ignored","damage_taken":0,"max_hp_gain":0,"max_hp_loss":0,"event_name":"Ghosts","floor":19,"gold_loss":0},{"damage_healed":0,"gold_gain":0,"player_choice":"Obtain J.A.X.","damage_taken":0,"max_hp_gain":0,"max_hp_loss":0,"event_name":"Drug Dealer","floor":22,"gold_loss":0,"cards_obtained":["J.A.X."]},{"damage_healed":0,"gold_gain":0,"player_choice":"2 cards matched","damage_taken":0,"max_hp_gain":0,"max_hp_loss":0,"event_name":"Match and Keep!","floor":31,"gold_loss":0,"cards_obtained":["Bash","Demon Form"]},{"damage_healed":0,"gold_gain":0,"player_choice":"0 cards matched","damage_taken":0,"max_hp_gain":0,"max_hp_loss":0,"event_name":"Match and Keep!","floor":36,"gold_loss":0,"cards_obtained":[]},{"damage_healed":21,"gold_gain":0,"player_choice":"Writhe","damage_taken":0,"max_hp_gain":0,"max_hp_loss":0,"event_name":"Winding Halls","floor":47,"gold_loss":0,"cards_obtained":["Writhe"]}],"is_beta":false,"boss_relics":[{"not_picked":["Tiny House","Runic Cube"],"picked":"Philosopher\u0027s Stone"},{"not_picked":["White Beast Statue","Astrolabe"],"picked":"Cursed Key"}],"items_purged_floors":[39,46],"is_endless":false,"potions_floor_spawned":[2,6,7,10,13,16,18,33,37,38,42,44,45],"ascension_level":0}