{"gold_per_floor":[117,42,52,52,52,52,23,52,75,107,121,121,131,131,131,205,205,217,229,209,227,240,240,256,256,256,267,267],"floor_reached":28,"playtime":1412,"items_purged":[],"score":510,"play_id":"77a6c71b-f833-4e6d-a8e5-f28b8ea78b14","local_time":"20190410034210","is_ascension_mode":true,"campfire_choices":[{"data":"Zap","floor":6.0,"key":"SMITH"},{"data":"Capacitor","floor":12.0,"key":"SMITH"},{"floor":15.0,"key":"REST"},{"data":"Self Repair","floor":23,"key":"SMITH"},{"floor":25,"key":"REST"}],"neow_cost":"NONE","seed_source_timestamp":380693646869419,"circlet_count":0,"master_deck":["AscendersBane","Strike_B","Strike_B","Defend_B","Defend_B","Defend_B","Defend_B","Zap+1","Dualcast","Capacitor+1","Ball Lightning","Leap","Conserve Battery","Ball Lightning","Cold Snap","Core Surge","Chill","Self Repair+1","Conserve Battery","Hologram+1","Go for the Eyes"],"special_seed":0,"relics":["Cracked Core","NeowsBlessing","Shuriken","Boot","Centennial Puzzle","Inserter","Omamori"],"potions_floor_usage":[21,21,22],"damage_taken":[{"damage":0.0,"enemies":"2 Louse","floor":1.0,"turns":1.0},{"damage":0.0,"enemies":"Jaw Worm","floor":3.0,"turns":1.0},{"damage":0.0,"enemies":"3 Sentries","floor":8.0,"turns":1.0},{"damage":38.0,"enemies":"Gremlin Nob","floor":10.0,"turns":4.0},{"damage":0.0,"enemies":"Small Slimes","floor":11.0,"turns":2.0},{"damage":2.0,"enemies":"Exordium Thugs","floor":13.0,"turns":3.0},{"damage":5.0,"enemies":"The Guardian","floor":16.0,"turns":11.0},{"damage":7.0,"enemies":"Spheric Guardian","floor":18.0,"turns":4.0},{"damage":2.0,"enemies":"3 Byrds","floor":19.0,"turns":5.0},{"damage":22,"enemies":"Cultist and Chosen","floor":21,"turns":6},{"damage":13,"enemies":"Snake Plant","floor":22,"turns":5},{"damage":17,"enemies":"Snecko","floor":24,"turns":7},{"damage":22,"enemies":"Centurion and Healer","floor":27,"turns":13},{"damage":13,"enemies":"Snake Plant","floor":28,"turns":2}],"seed_played":"-4864950315884301212","potions_obtained":[{"floor":3.0,"key":"Dexterity Potion"},{"floor":8.0,"key":"SkillPotion"},{"floor":14.0,"key":"LiquidBronze"},{"floor":14.0,"key":"Ancient Potion"},{"floor":16.0,"key":"GamblersBrew"},{"floor":18.0,"key":"FairyPotion"},{"floor":19.0,"key":"SkillPotion"},{"floor":20,"key":"SpeedPotion"},{"floor":21,"key":"SpeedPotion"}],"is_trial":false,"path_per_floor":["?","?","$","?","?"],"character_chosen":"DEFECT","items_purchased":["Leap"],"campfire_rested":2,"item_purchase_floors":[7],"current_hp_per_floor":[64,64,64,57,57,57,57,57,57,19,19,19,17,17,38,33,62,55,53,53,31,25,25,8,29,29,17,4],"gold":267,"neow_bonus":"THREE_ENEMY_KILL","is_prod":false,"is_daily":false,"chose_seed":false,"campfire_upgraded":3,"win_rate":0,"timestamp":1554885730,"path_taken":["M","?","M","?","?","R","$","E","T","E","M","R","M","?","R","BOSS","M","M","?","M","M","R","M","R","T","M","M"],"build_version":"2019-01-23","purchased_purges":0,"victory":false,"max_hp_per_floor":[71,71,71,71,71,71,71,71,71,71,71,71,71,71,71,71,71,71,71,71,71,71,71,71,71,71,71,71],"card_choices":[{"not_picked":["Leap","Stack"],"picked":"Capacitor","floor":1.0},{"not_picked":["Stack","Streamline"],"picked":"Ball Lightning","floor":3.0},{"not_picked":["Melter","Hyperbeam"],"picked":"Conserve Battery","floor":8.0},{"not_picked":["Beam Cell","Redo"],"picked":"Ball Lightning","floor":10.0},{"not_picked":["Redo","Streamline"],"picked":"Cold Snap","floor":11.0},{"not_picked":["Turbo","Leap","Sunder"],"picked":"SKIP","floor":13.0},{"not_picked":["Multi-Cast","Biased Cognition"],"picked":"Core Surge","floor":16.0},{"not_picked":["Force Field","BootSequence"],"picked":"Chill","floor":18.0},{"not_picked":["Ball Lightning","Force Field","Rip and Tear"],"picked":"SKIP","floor":19.0},{"not_picked":["Go for the Eyes","Ball Lightning"],"picked":"Self Repair","floor":21},{"not_picked":["Streamline","Genetic Algorithm"],"picked":"Conserve Battery","floor":22},{"not_picked":["Double Energy","Beam Cell"],"picked":"Hologram+1","floor":24},{"not_picked":["Leap","Conserve Battery"],"picked":"Go for the Eyes","floor":27}],"player_experience":375530,"relics_obtained":[{"floor":8.0,"key":"Shuriken"},{"floor":9.0,"key":"Boot"},{"floor":10.0,"key":"Centennial Puzzle"},{"floor":26,"key":"Omamori"}],"event_choices":[{"cards_removed":["Strike_B"],"damage_healed":0.0,"max_hp_gain":0.0,"max_hp_loss":0.0,"gold_gain":0.0,"event_name":"The Cleric","player_choice":"Card Removal","floor":2.0,"gold_loss":75.0,"damage_taken":0.0},{"cards_removed":["Strike_B"],"damage_healed":0.0,"max_hp_gain":0.0,"max_hp_loss":0.0,"gold_gain":0.0,"event_name":"Golden Wing","player_choice":"Card Removal","floor":4.0,"gold_loss":0.0,"damage_taken":7.0},{"damage_healed":0.0,"max_hp_gain":0.0,"max_hp_loss":0.0,"gold_gain":0.0,"event_name":"Lab","player_choice":"Got Potions","floor":14.0,"gold_loss":0.0,"damage_taken":0.0},{"damage_healed":0,"gold_gain":0,"player_choice":"Bought 1 Potion","damage_taken":0,"max_hp_gain":0,"max_hp_loss":0,"event_name":"The Woman in Blue","floor":20,"gold_loss":0}],"is_beta":false,"boss_relics":[{"not_picked":["Snecko Eye","Lizard Tail"],"picked":"Inserter"}],"items_purged_floors":[],"is_endless":false,"potions_floor_spawned":[3,8,16,18,19,21],"killed_by":"Snake Plant","ascension_level":20}