{"gold_per_floor":[116,131,149,161,161,193,193,213,213,213,244,274,274,292,292,391,391,409,420,438,363,363,393,393,23,50,50,0,0,15,27,27,125,125,140,140,159,159,171,171,171,171,171,191,246,262,281,298,298,298],"floor_reached":50,"playtime":6607,"items_purged":["Defend_B"],"score":595,"play_id":"211c1277-c0a8-49d1-a6cd-1bb3f657efad","local_time":"20180717134341","is_ascension_mode":true,"campfire_choices":[{"data":"Ball Lightning","floor":7,"key":"SMITH"},{"data":"Beam Cell","floor":10,"key":"SMITH"},{"data":"Loop","floor":15,"key":"SMITH"},{"data":"Defragment","floor":24,"key":"SMITH"},{"data":"Conserve Battery","floor":27,"key":"SMITH"},{"data":"Conserve Battery","floor":29,"key":"SMITH"},{"floor":32,"key":"REST"},{"data":"Dualcast","floor":40,"key":"SMITH"},{"data":"RitualDagger","floor":42,"key":"SMITH"},{"data":"Echo Form","floor":49,"key":"SMITH"}],"neow_cost":"NONE","seed_source_timestamp":3465598292096,"circlet_count":0,"master_deck":["Defend_B","Defend_B","Defend_B","Zap+1","Dualcast+1","Beam Cell+1","Conserve Battery+1","Ball Lightning+1","Loop+1","Gash","Defragment+1","Core Surge","BootSequence+1","Buffer+1","Rainbow+1","White Noise+1","Stack+1","Skim","RitualDagger+1","Gash","Conserve Battery+1","All For One","Steam","Hologram+1","White Noise+1","Hologram+1","Echo Form+1"],"relics":["Cracked Core","Question Card","Blue Candle","Bottled Tornado","Bronze Scales","Bottled Flame","Astrolabe","Bottled Lightning","Shuriken","Pen Nib","Coffee Dripper","Letter Opener","Darkstone Periapt","Tiny Chest"],"potions_floor_usage":[6,16,20,23,33,37,46,50],"damage_taken":[{"damage":2,"enemies":"Jaw Worm","floor":1,"turns":3},{"damage":8,"enemies":"2 Louse","floor":2,"turns":3},{"damage":0,"enemies":"Cultist","floor":3,"turns":3},{"damage":0,"enemies":"2 Fungi Beasts","floor":4,"turns":3},{"damage":6,"enemies":"3 Sentries","floor":6,"turns":7},{"damage":1,"enemies":"Blue Slaver","floor":8,"turns":4},{"damage":14,"enemies":"Lagavulin","floor":11,"turns":5},{"damage":6,"enemies":"Looter","floor":14,"turns":2},{"damage":10,"enemies":"Hexaghost","floor":16,"turns":7},{"damage":0,"enemies":"Chosen","floor":18,"turns":4},{"damage":0,"enemies":"Spheric Guardian","floor":19,"turns":3},{"damage":21,"enemies":"Cultist and Chosen","floor":20,"turns":5},{"damage":12,"enemies":"Gremlin Leader","floor":23,"turns":8},{"damage":0,"enemies":"Centurion and Healer","floor":30,"turns":5},{"damage":0,"enemies":"Slaver and Parasite","floor":31,"turns":5},{"damage":19,"enemies":"Automaton","floor":33,"turns":9},{"damage":5,"enemies":"3 Shapes","floor":35,"turns":5},{"damage":40,"enemies":"3 Darklings","floor":37,"turns":4},{"damage":14,"enemies":"Flame Bruiser 2 Orb","floor":39,"turns":7},{"damage":0,"enemies":"4 Shapes","floor":44,"turns":4},{"damage":0,"enemies":"Spire Growth","floor":46,"turns":4},{"damage":0,"enemies":"Sphere and 2 Shapes","floor":47,"turns":3},{"damage":0,"enemies":"Maw","floor":48,"turns":6},{"damage":53,"enemies":"Time Eater","floor":50,"turns":4}],"seed_played":"612380809708610065","potions_obtained":[{"floor":3,"key":"Block Potion"},{"floor":8,"key":"Dexterity Potion"},{"floor":16,"key":"GamblersBrew"},{"floor":19,"key":"SpeedPotion"},{"floor":30,"key":"Regen Potion"},{"floor":35,"key":"Weak Potion"},{"floor":39,"key":"Regen Potion"},{"floor":48,"key":"LiquidBronze"}],"is_trial":false,"path_per_floor":["M","M","M","M","?","E","R","M","T","R","E","?","T","M","R","B",null,"M","M","M","?","?","E","R","$","T","R","?","R","M","M","R","B",null,"M","?","M","T","M","R","?","R","T","M","T","M","M","M","R"],"character_chosen":"DEFECT","items_purchased":["Shuriken","Conserve Battery"],"campfire_rested":1,"item_purchase_floors":[25,25],"current_hp_per_floor":[73,65,65,65,65,59,59,58,58,58,44,44,44,38,38,28,63,63,63,42,42,36,31,31,31,31,31,31,31,31,31,53,49,69,64,64,24,24,10,10,10,10,10,10,10,29,29,29,29,0],"gold":298,"neow_bonus":"UPGRADE_CARD","is_prod":false,"is_daily":false,"chose_seed":false,"campfire_upgraded":9,"win_rate":0,"timestamp":1531815221,"path_taken":["M","M","M","M","?","E","R","?","T","R","E","?","?","M","R","BOSS","M","?","M","?","?","E","R","$","T","R","?","R","M","M","R","BOSS","M","?","M","?","M","R","?","R","T","M","?","M","?","M","R","BOSS"],"build_version":"2018-07-13","purchased_purges":1,"victory":false,"max_hp_per_floor":[75,75,75,75,75,75,75,75,75,75,75,75,75,75,75,75,75,75,75,75,75,75,75,75,75,75,75,75,75,75,75,75,75,75,75,75,75,75,75,75,75,75,75,75,75,75,75,75,75,75],"card_choices":[{"not_picked":["Double Energy","Rebound"],"picked":"Coolheaded","floor":1},{"not_picked":["Leap","Rebound"],"picked":"Beam Cell","floor":2},{"not_picked":["Redo","Lockon"],"picked":"Conserve Battery","floor":3},{"not_picked":["Double Energy","Hologram"],"picked":"Ball Lightning","floor":4},{"not_picked":["Fusion","Coolheaded","Darkness"],"picked":"SKIP","floor":6},{"not_picked":["Steam Power","Steam","Melter"],"picked":"Loop","floor":8},{"not_picked":["Go for the Eyes","Ball Lightning","Redo"],"picked":"Gash","floor":11},{"not_picked":["Compile Driver","Hello World","Redo"],"picked":"Defragment","floor":14},{"not_picked":["Fission","Rainbow","Seek"],"picked":"Core Surge","floor":16},{"not_picked":["Conserve Battery","Reprogram","Steam Power"],"picked":"White Noise+1","floor":18},{"not_picked":["Steam","Compile Driver","Turbo"],"picked":"Stack+1","floor":19},{"not_picked":["Stack+1","Rebound","Rip and Tear+1"],"picked":"Skim","floor":20},{"not_picked":["Heatsinks+1","Consume","Stack"],"picked":"Gash","floor":23},{"not_picked":["Heatsinks","Tempest","Turbo","Fusion+1"],"picked":"SKIP","floor":30},{"not_picked":["Chaos","Aggregate","Redo+1","Chill"],"picked":"SKIP","floor":31},{"not_picked":["Fission","Seek","Machine Learning"],"picked":"All For One","floor":33},{"not_picked":["Heatsinks","Ball Lightning","Redo","Cold Snap+1"],"picked":"SKIP","floor":35},{"not_picked":["Go for the Eyes","Barrage+1","Self Repair+1","Blizzard+1"],"picked":"SKIP","floor":37},{"not_picked":["Hello World+1","Lockon+1","Gash+1"],"picked":"Hologram+1","floor":39},{"not_picked":["Tempest","BootSequence+1","Barrage+1","Doom and Gloom+1"],"picked":"SKIP","floor":44},{"not_picked":["Coolheaded","Loop+1","Streamline+1"],"picked":"Hologram+1","floor":46},{"not_picked":["Barrage","Ball Lightning","BootSequence","Cold Snap"],"picked":"SKIP","floor":47},{"not_picked":["Conserve Battery+1","Turbo","Go for the Eyes+1"],"picked":"Echo Form","floor":48}],"player_experience":235192,"relics_obtained":[{"floor":6,"key":"Question Card"},{"floor":9,"key":"Blue Candle"},{"floor":11,"key":"Bottled Tornado"},{"floor":13,"key":"Bottled Flame"},{"floor":23,"key":"Bottled Lightning"},{"floor":26,"key":"Pen Nib"},{"floor":38,"key":"Letter Opener"},{"floor":43,"key":"Darkstone Periapt"},{"floor":45,"key":"Tiny Chest"}],"event_choices":[{"event_name":"Liars Game","player_choice":"disagreed","floor":5,"damage_taken":0},{"event_name":"Dead Adventurer","player_choice":"Searched \u00273\u0027 times","floor":12,"damage_taken":0},{"event_name":"Beggar","player_choice":"Gave Gold","floor":21,"damage_taken":0},{"event_name":"Nest","player_choice":"Joined the Cult","floor":22,"damage_taken":0},{"event_name":"Masked Bandits","player_choice":"Paid Bandits 50 gold","floor":28,"damage_taken":0},{"event_name":"Transmorgrifier","player_choice":"Transform","floor":36,"damage_taken":0},{"event_name":"Duplicator","player_choice":"One dupe","floor":41,"damage_taken":0}],"boss_relics":[{"not_picked":["Philosopher\u0027s Stone","Fusion Hammer"],"picked":"Astrolabe"},{"not_picked":["Calling Bell","White Beast Statue"],"picked":"Coffee Dripper"}],"items_purged_floors":[25],"is_endless":false,"potions_floor_spawned":[3,8,16,19,30,35,39,48],"killed_by":"Time Eater","ascension_level":5}