{"gold_per_floor":[368,443,64,29,43,43,43,76,76,76,96,96,151,171,171,171],"floor_reached":16,"playtime":604,"items_purged":["Shame"],"score":103,"play_id":"bc600513-6172-44ed-a161-99d5ca14033c","local_time":"20190421161427","is_ascension_mode":true,"campfire_choices":[{"data":"Zap","floor":6,"key":"SMITH"},{"floor":10,"key":"REST"},{"floor":12,"key":"RECALL"},{"data":"Capacitor","floor":15,"key":"SMITH"}],"neow_cost":"CURSE","seed_source_timestamp":169106464544857,"circlet_count":0,"master_deck":["Strike_B","Strike_B","Strike_B","Strike_B","Defend_B","Defend_B","Defend_B","Defend_B","Zap+1","Dualcast","Capacitor+1","Coolheaded","FTL"],"relics":["Cracked Core","Mercury Hourglass","Darkstone Periapt","Bottled Tornado","Regal Pillow"],"potions_floor_usage":[],"damage_taken":[{"damage":0,"enemies":"2 Louse","floor":1,"turns":2},{"damage":1,"enemies":"Jaw Worm","floor":5,"turns":3},{"damage":24,"enemies":"Gremlin Nob","floor":8,"turns":4},{"damage":4,"enemies":"Small Slimes","floor":11,"turns":3},{"damage":11,"enemies":"Exordium Thugs","floor":14,"turns":4},{"damage":63,"enemies":"Hexaghost","floor":16,"turns":9}],"seed_played":"7787598217673479002","potions_obtained":[{"floor":5,"key":"Regen Potion"}],"is_trial":false,"path_per_floor":["M","?","$","?","M","R","?","E","T","R","M","R","T","M","R","B"],"character_chosen":"DEFECT","items_purchased":["Coolheaded","Mercury Hourglass"],"campfire_rested":1,"item_purchase_floors":[3,3],"current_hp_per_floor":[75,64,64,75,74,74,74,50,50,75,71,71,71,60,60,0],"gold":171,"neow_bonus":"TWO_FIFTY_GOLD","is_prod":false,"is_daily":false,"chose_seed":false,"campfire_upgraded":2,"win_rate":0,"timestamp":1555877667,"path_taken":["M","?","$","?","M","R","?","E","T","R","?","R","?","M","R","BOSS"],"build_version":"2019-01-23","purchased_purges":1,"victory":false,"max_hp_per_floor":[75,75,75,75,75,75,75,75,75,75,75,75,75,75,75,75],"card_choices":[{"not_picked":["Compile Driver","Go for the Eyes"],"picked":"Capacitor","floor":1},{"not_picked":["Turbo","Beam Cell","Leap"],"picked":"SKIP","floor":5},{"not_picked":["Beam Cell","Stack","All For One"],"picked":"SKIP","floor":8},{"not_picked":["Rebound","Turbo","Sweeping Beam"],"picked":"SKIP","floor":11},{"not_picked":["Consume","Gash"],"picked":"FTL","floor":14}],"player_experience":196035,"relics_obtained":[{"floor":8,"key":"Bottled Tornado"},{"floor":9,"key":"Regal Pillow"}],"event_choices":[{"damage_healed":0,"gold_gain":75,"player_choice":"Gather Gold","damage_taken":11,"max_hp_gain":0,"max_hp_loss":0,"event_name":"World of Goop","floor":2,"gold_loss":0},{"damage_healed":18,"gold_gain":0,"player_choice":"Healed","damage_taken":0,"max_hp_gain":0,"max_hp_loss":0,"event_name":"The Cleric","floor":4,"gold_loss":35},{"damage_healed":0,"gold_gain":0,"player_choice":"Gave Potion","damage_taken":0,"relics_obtained":["Darkstone Periapt"],"max_hp_gain":0,"max_hp_loss":0,"event_name":"WeMeetAgain","floor":7,"gold_loss":0}],"is_beta":false,"boss_relics":[],"items_purged_floors":[3],"is_endless":false,"potions_floor_spawned":[5],"killed_by":"Hexaghost","ascension_level":1}