{"path_per_floor":["M","?","$","M","?","E","R","$","T","E","M","$","M","M","R","B",null,"M","M","?","M","M","R"],"character_chosen":"DEFECT","items_purchased":["Singing Bowl","Consume","Capacitor","Defragment","Gash","Chaos"],"gold_per_floor":[366,432,276,296,296,328,328,210,290,316,330,72,91,102,102,177,177,195,207,132,143,143,143,143],"floor_reached":24,"campfire_rested":3,"playtime":851,"current_hp_per_floor":[62,62,62,57,57,27,46,46,46,35,35,35,18,13,38,14,67,49,33,33,16,16,43,0],"items_purged":["Strike_B"],"gold":143,"score":389,"play_id":"9cb23a89-4ec6-4483-9f6e-b05ef0b07744","local_time":"20180519154046","is_prod":false,"is_daily":false,"chose_seed":false,"is_ascension_mode":true,"campfire_upgraded":0,"timestamp":1526715646,"campfire_choices":[{"floor":7.0,"key":"REST"},{"floor":15.0,"key":"REST"},{"floor":23,"key":"REST"}],"path_taken":["M","?","$","M","?","E","R","$","T","E","M","$","M","?","R","BOSS","M","?","?","M","M","R","E"],"build_version":"2018-05-17","seed_source_timestamp":788983647018366,"purchased_purges":1,"victory":false,"master_deck":["Strike_B","Strike_B","Defend_B","Defend_B","Defend_B","Defend_B","Zap","Dualcast","AscendersBane","Streamline+1","White Noise","Consume","Capacitor","Cold Snap","Doom and Gloom","Defragment+1","Gash","Chaos","Fission"],"max_hp_per_floor":[64,64,64,66,66,66,66,66,66,80,80,80,82,84,84,84,84,86,88,88,90,90,90,90],"relics":["Cracked Core","Singing Bowl","Gremlin Horn","Frozen Egg 2","Mango","Snecko Eye"],"card_choices":[{"not_picked":["Hello World","Steam"],"picked":"Streamline","floor":1.0},{"not_picked":["Stack","Redo","Capacitor"],"picked":"Singing Bowl","floor":4.0},{"not_picked":["Coolheaded","Double Energy"],"picked":"White Noise","floor":6.0},{"not_picked":["Stack","Biased Cognition+1"],"picked":"Cold Snap","floor":10.0},{"not_picked":["Axe Kick","Static Discharge+1"],"picked":"Doom and Gloom","floor":11.0},{"not_picked":["Ball Lightning","Recycle","Scrape"],"picked":"Singing Bowl","floor":13.0},{"not_picked":["Sweeping Beam","Beam Cell","Rebound"],"picked":"Singing Bowl","floor":14.0},{"not_picked":["Buffer+1","Multi-Cast"],"picked":"Fission","floor":16.0},{"not_picked":["Turbo","Sweeping Beam","Go for the Eyes"],"picked":"Singing Bowl","floor":18.0},{"not_picked":["Stack","Rebound+1","Sweeping Beam"],"picked":"Singing Bowl","floor":19.0},{"not_picked":["Go for the Eyes","Beam Cell","Gash"],"picked":"Singing Bowl","floor":21.0}],"player_experience":1017862,"potions_floor_usage":[22],"damage_taken":[{"damage":2.0,"enemies":"Jaw Worm","floor":1.0,"turns":3.0},{"damage":7.0,"enemies":"2 Louse","floor":4.0,"turns":3.0},{"damage":30.0,"enemies":"Lagavulin","floor":6.0,"turns":5.0},{"damage":25.0,"enemies":"Gremlin Nob","floor":10.0,"turns":4.0},{"damage":0.0,"enemies":"Small Slimes","floor":11.0,"turns":2.0},{"damage":19.0,"enemies":"Gremlin Gang","floor":13.0,"turns":4.0},{"damage":7.0,"enemies":"3 Louse","floor":14.0,"turns":4.0},{"damage":24.0,"enemies":"Hexaghost","floor":16.0,"turns":9.0},{"damage":20.0,"enemies":"Spheric Guardian","floor":18.0,"turns":4.0},{"damage":18.0,"enemies":"3 Byrds","floor":19.0,"turns":4.0},{"damage":19.0,"enemies":"Centurion and Healer","floor":21.0,"turns":10.0},{"damage":0,"enemies":"Snecko","floor":22,"turns":1},{"damage":49,"enemies":"Book of Stabbing","floor":24,"turns":3}],"relics_obtained":[{"floor":6.0,"key":"Gremlin Horn"},{"floor":9.0,"key":"Frozen Egg 2"},{"floor":10.0,"key":"Mango"}],"event_choices":[{"event_name":"Golden Wing","player_choice":"Gained Gold","floor":2.0,"damage_taken":0.0},{"event_name":"Living Wall","player_choice":"Grow","floor":5.0,"damage_taken":0.0},{"event_name":"Beggar","player_choice":"Gave Gold","floor":20.0,"damage_taken":0.0}],"boss_relics":[],"potions_floor_spawned":[6,11,13,19],"seed_played":"-7855163897691570090","killed_by":"Book of Stabbing","ascension_level":15,"potions_obtained":[{"floor":6.0,"key":"SpeedPotion"},{"floor":11.0,"key":"SpeedPotion"},{"floor":13.0,"key":"EntropicBrew"}],"is_trial":false}