{"gold_per_floor":[110,110,123,140,14,14,42,58,58,93,105,136,136,136,136,239,239,259,270,77,92,272,336,336,362,362,379,390,420,495,530,542,657,669,694,271,298,369,369,398,398,432,432,445,472,488,121,140,140,140,140,140,46,77,77],"floor_reached":55,"playtime":10018,"items_purged":["Strike_R","Defend_R","Pain"],"score":1046,"play_id":"1b0685b9-6f7f-4744-9031-0ce6b35b73d9","local_time":"20190406013724","is_ascension_mode":true,"campfire_choices":[{"data":"Armaments","floor":6.0,"key":"SMITH"},{"floor":15.0,"key":"REST"},{"floor":24.0,"key":"REST"},{"floor":32.0,"key":"REST"},{"floor":41.0,"key":"RECALL"},{"floor":49,"key":"REST"},{"floor":52,"key":"REST"}],"neow_cost":"TEN_PERCENT_HP_LOSS","seed_source_timestamp":0,"circlet_count":0,"master_deck":["Strike_R","Strike_R","Defend_R","Defend_R","Defend_R","Bash","Carnage","Spot Weakness","Disarm","Armaments+1","Offering","Shrug It Off","Pummel","Sword Boomerang","Feed","Battle Trance","Warcry+1","Sword Boomerang","Pummel","Barricade","Shrug It Off","Shrug It Off","Sword Boomerang","Regret","Parasite","Shame","True Grit","Impervious","Whirlwind","Inflame+1","Thunderclap+1","Trip"],"special_seed":0,"relics":["Burning Blood","Strawberry","Self Forming Clay","Dream Catcher","Fusion Hammer","TheAbacus","Tiny Chest","Bottled Lightning","FossilizedHelix","Dodecahedron","MawBank","Cursed Key","Paper Frog","Vajra","Gremlin Horn","Bottled Tornado","Pear","PreservedInsect","Omamori","Bag of Marbles","Ornamental Fan","Ice Cream"],"potions_floor_usage":[50,50,55],"damage_taken":[{"damage":1.0,"enemies":"2 Louse","floor":1.0,"turns":4.0},{"damage":1.0,"enemies":"Cultist","floor":3.0,"turns":3.0},{"damage":3.0,"enemies":"Small Slimes","floor":4.0,"turns":4.0},{"damage":26.0,"enemies":"Gremlin Nob","floor":7.0,"turns":5.0},{"damage":6.0,"enemies":"Blue Slaver","floor":8.0,"turns":6.0},{"damage":14.0,"enemies":"Lagavulin","floor":10.0,"turns":8.0},{"damage":6.0,"enemies":"Lots of Slimes","floor":11.0,"turns":6.0},{"damage":11.0,"enemies":"Gremlin Nob","floor":12.0,"turns":4.0},{"damage":13.0,"enemies":"The Guardian","floor":16.0,"turns":7.0},{"damage":13.0,"enemies":"3 Byrds","floor":18.0,"turns":5.0},{"damage":0.0,"enemies":"Chosen","floor":19.0,"turns":4.0},{"damage":6.0,"enemies":"Snecko","floor":21.0,"turns":3.0},{"damage":23.0,"enemies":"Slavers","floor":23.0,"turns":6.0},{"damage":16.0,"enemies":"Gremlin Leader","floor":25.0,"turns":7.0},{"damage":16.0,"enemies":"Sentry and Sphere","floor":27.0,"turns":6.0},{"damage":2.0,"enemies":"Centurion and Healer","floor":28.0,"turns":7.0},{"damage":1.0,"enemies":"Book of Stabbing","floor":29.0,"turns":5.0},{"damage":0.0,"enemies":"Gremlin Leader","floor":31.0,"turns":7.0},{"damage":50.0,"enemies":"Automaton","floor":33.0,"turns":11.0},{"damage":9.0,"enemies":"Orb Walker","floor":35.0,"turns":3.0},{"damage":30.0,"enemies":"Nemesis","floor":40.0,"turns":9.0},{"damage":16.0,"enemies":"Reptomancer","floor":42.0,"turns":5.0},{"damage":33.0,"enemies":"3 Shapes","floor":44.0,"turns":3.0},{"damage":14.0,"enemies":"Giant Head","floor":45.0,"turns":9.0},{"damage":24.0,"enemies":"Jaw Worm Horde","floor":46.0,"turns":5.0},{"damage":4,"enemies":"Transient","floor":48,"turns":5},{"damage":27,"enemies":"Time Eater","floor":50,"turns":9},{"damage":30,"enemies":"Shield and Spear","floor":54,"turns":4},{"damage":96,"enemies":"The Heart","floor":55,"turns":9}],"seed_played":"-6373036661054387401","potions_obtained":[{"floor":1.0,"key":"BloodPotion"},{"floor":4.0,"key":"GamblersBrew"},{"floor":7.0,"key":"Block Potion"},{"floor":16.0,"key":"Dexterity Potion"},{"floor":21.0,"key":"Dexterity Potion"},{"floor":27.0,"key":"Ancient Potion"},{"floor":28.0,"key":"Fire Potion"},{"floor":33.0,"key":"GamblersBrew"},{"floor":44.0,"key":"Swift Potion"},{"floor":46.0,"key":"Fire Potion"}],"is_trial":false,"path_per_floor":["M","?","M","M","$","R","E","M","T","E","M","E","?","?","R","B",null,"M","M","$","M","?","E","R","E","T","M","M","E","?","E","R","B",null,"M","$","T","T","T","E","R","E","T","M","E","M","$","M","R","B",null,"R","$","E","B"],"character_chosen":"IRONCLAD","items_purchased":["Armaments","TheAbacus","Paper Frog","Shrug It Off","Sword Boomerang","Ornamental Fan","Trip"],"campfire_rested":5,"item_purchase_floors":[5,20,36,36,36,47,53],"current_hp_per_floor":[72,72,72,72,72,72,59,59,59,51,51,46,46,46,69,62,79,72,81,81,84,60,46,72,65,65,58,65,73,63,69,99,62,104,101,101,101,101,101,87,87,77,77,53,45,30,30,32,68,47,120,120,120,96,0],"gold":77,"neow_bonus":"REMOVE_TWO","is_prod":false,"is_daily":false,"chose_seed":false,"campfire_upgraded":1,"win_rate":0,"timestamp":1554529044,"path_taken":["M","?","M","M","$","R","E","?","T","E","M","E","?","?","R","BOSS","M","M","$","M","?","E","R","E","T","M","?","E","?","E","R","BOSS","M","$","?","?","?","E","R","E","T","M","E","M","$","M","R","BOSS","R","$","E","BOSS"],"build_version":"2018-11-15","purchased_purges":3,"victory":false,"max_hp_per_floor":[72,72,72,72,72,72,79,79,79,79,79,79,79,79,79,79,79,79,82,82,85,85,88,88,91,91,94,97,100,100,100,100,104,104,104,104,104,104,104,114,114,114,114,117,117,120,120,120,120,120,120,120,120,120,120],"card_choices":[{"not_picked":["Clash","Perfected Strike"],"picked":"Carnage","floor":1.0},{"not_picked":["Clothesline","Twin Strike","Clash"],"picked":"SKIP","floor":3.0},{"not_picked":["Sever Soul","Perfected Strike"],"picked":"Disarm","floor":4.0},{"not_picked":["Shrug It Off","Headbutt"],"picked":"Offering","floor":7.0},{"not_picked":["Anger","Shockwave"],"picked":"Shrug It Off","floor":8.0},{"not_picked":["Twin Strike","Flex"],"picked":"Pummel","floor":10.0},{"not_picked":["Clothesline","Flex"],"picked":"Sword Boomerang","floor":11.0},{"not_picked":["Cleave","Pommel Strike","Body Slam"],"picked":"SKIP","floor":12.0},{"not_picked":["Juggernaut","Impervious"],"picked":"Feed","floor":16.0},{"not_picked":["Iron Wave","Shrug It Off"],"picked":"Battle Trance","floor":18.0},{"not_picked":["Clash","Warcry","Headbutt"],"picked":"SKIP","floor":19.0},{"not_picked":["Power Through","Iron Wave"],"picked":"Warcry+1","floor":21.0},{"not_picked":["Rupture+1","True Grit+1"],"picked":"Sword Boomerang","floor":23.0},{"not_picked":["Perfected Strike+1","Burning Pact"],"picked":"Pummel","floor":24.0},{"not_picked":["Clothesline+1","Evolve","Iron Wave"],"picked":"SKIP","floor":25.0},{"not_picked":["Cleave+1","Clothesline","Pummel"],"picked":"SKIP","floor":27.0},{"not_picked":["Power Through","Bloodletting+1","Cleave"],"picked":"SKIP","floor":28.0},{"not_picked":["Body Slam+1","Searing Blow","Dark Embrace"],"picked":"SKIP","floor":29.0},{"not_picked":["Rupture+1","True Grit","Entrench"],"picked":"SKIP","floor":31.0},{"not_picked":["Juggernaut","Berserk"],"picked":"Barricade","floor":33.0},{"not_picked":["Flex","Clash"],"picked":"Shrug It Off","floor":35.0},{"not_picked":["Intimidate","Iron Wave"],"picked":"True Grit","floor":40.0},{"not_picked":["Sword Boomerang","True Grit+1"],"picked":"Impervious","floor":42.0},{"not_picked":["Power Through+1","Headbutt","Carnage"],"picked":"SKIP","floor":44.0},{"not_picked":["Sword Boomerang+1","Warcry","Pummel"],"picked":"SKIP","floor":45.0},{"not_picked":["Warcry+1","Pommel Strike+1","Headbutt"],"picked":"SKIP","floor":46.0},{"not_picked":["Intimidate","Feel No Pain+1"],"picked":"Whirlwind","floor":48},{"not_picked":["Clothesline","Iron Wave"],"picked":"Inflame+1","floor":49},{"not_picked":["Power Through+1","Body Slam"],"picked":"Thunderclap+1","floor":52},{"not_picked":["Intimidate","Dual Wield+1","Rampage+1"],"picked":"SKIP","floor":54}],"player_experience":251907,"relics_obtained":[{"floor":7.0,"key":"Strawberry"},{"floor":10.0,"key":"Self Forming Clay"},{"floor":12.0,"key":"Dream Catcher"},{"floor":23.0,"key":"Tiny Chest"},{"floor":25.0,"key":"Bottled Lightning"},{"floor":26.0,"key":"FossilizedHelix"},{"floor":29.0,"key":"Dodecahedron"},{"floor":31.0,"key":"MawBank"},{"floor":37.0,"key":"Vajra"},{"floor":38.0,"key":"Gremlin Horn"},{"floor":39.0,"key":"Bottled Tornado"},{"floor":40.0,"key":"Pear"},{"floor":42.0,"key":"PreservedInsect"},{"floor":43.0,"key":"Omamori"},{"floor":45.0,"key":"Bag of Marbles"},{"floor":54,"key":"Ice Cream"}],"event_choices":[{"damage_healed":0.0,"max_hp_gain":0.0,"max_hp_loss":0.0,"gold_gain":0.0,"event_name":"Match and Keep!","player_choice":"1 cards matched","floor":2.0,"gold_loss":0.0,"damage_taken":0.0,"cards_obtained":["Spot Weakness"]},{"damage_healed":0.0,"max_hp_gain":0.0,"max_hp_loss":0.0,"gold_gain":0.0,"event_name":"Liars Game","player_choice":"Ignored","floor":13.0,"gold_loss":0.0,"damage_taken":0.0},{"damage_healed":0.0,"max_hp_gain":0.0,"max_hp_loss":0.0,"gold_gain":0.0,"event_name":"Shining Light","player_choice":"Ignored","floor":14.0,"gold_loss":0.0,"damage_taken":0.0},{"damage_healed":0.0,"max_hp_gain":0.0,"max_hp_loss":0.0,"gold_gain":180.0,"event_name":"Knowing Skull","player_choice":"GOLD GOLD ","floor":22.0,"potions_obtained":[],"gold_loss":0.0,"damage_taken":24.0,"cards_obtained":[]},{"damage_healed":0.0,"max_hp_gain":0.0,"max_hp_loss":0.0,"gold_gain":75.0,"event_name":"FaceTrader","player_choice":"Touch","floor":30.0,"gold_loss":0.0,"damage_taken":10.0}],"is_beta":false,"boss_relics":[{"not_picked":["Busted Crown","Orrery"],"picked":"Fusion Hammer"},{"not_picked":["Eternal Feather","Sozu"],"picked":"Cursed Key"}],"items_purged_floors":[5,36,47],"is_endless":false,"potions_floor_spawned":[1,4,7,16,18,21,27,28,33,40,44,46],"killed_by":"The Heart","ascension_level":2}