{"gold_per_floor":[112,187,201,201,201,201,234,244,269,194,194,83,101,112,112,112],"floor_reached":16,"playtime":596,"items_purged":["Strike_B"],"score":175,"play_id":"58e14aec-55b6-4702-a4b2-985875e0d986","local_time":"20190413071714","is_ascension_mode":true,"campfire_choices":[{"data":"Zap","floor":6.0,"key":"SMITH"},{"floor":11.0,"key":"REST"},{"data":"Dualcast","floor":15,"key":"SMITH"}],"neow_cost":"TEN_PERCENT_HP_LOSS","seed_source_timestamp":166982806069117,"circlet_count":0,"master_deck":["AscendersBane","Strike_B","Strike_B","Strike_B","Defend_B","Defend_B","Defend_B","Defend_B","Zap+1","Dualcast+1","Core Surge","Scrape","Gash","Conserve Battery","Gash","Scrape","Reinforced Body","All For One","Go for the Eyes"],"special_seed":0,"relics":["Cracked Core","Lantern","Centennial Puzzle","Pen Nib"],"potions_floor_usage":[16,16],"damage_taken":[{"damage":4.0,"enemies":"Small Slimes","floor":1.0,"turns":3.0},{"damage":9.0,"enemies":"2 Louse","floor":3.0,"turns":3.0},{"damage":23.0,"enemies":"Gremlin Nob","floor":7.0,"turns":4.0},{"damage":5.0,"enemies":"Jaw Worm","floor":8.0,"turns":2.0},{"damage":1.0,"enemies":"2 Fungi Beasts","floor":13.0,"turns":2.0},{"damage":1,"enemies":"Gremlin Gang","floor":14,"turns":2},{"damage":33,"enemies":"The Guardian","floor":16,"turns":8}],"seed_played":"1594210620757455287","potions_obtained":[{"floor":3.0,"key":"AttackPotion"},{"floor":7.0,"key":"Poison Potion"},{"floor":13.0,"key":"GamblersBrew"}],"is_trial":false,"path_per_floor":["?","?","?","$"],"character_chosen":"DEFECT","items_purchased":["Scrape","Reinforced Body"],"campfire_rested":1,"item_purchase_floors":[12,12],"current_hp_per_floor":[60,49,40,61,43,43,20,15,15,15,34,34,33,32,32,0],"gold":112,"neow_bonus":"THREE_RARE_CARDS","is_prod":false,"is_daily":false,"chose_seed":false,"campfire_upgraded":2,"win_rate":0,"timestamp":1555157834,"path_taken":["M","?","M","?","?","R","E","M","T","?","R","$","M","M","R","BOSS"],"build_version":"2019-01-23","purchased_purges":1,"victory":false,"max_hp_per_floor":[64,64,64,64,64,64,64,64,64,64,64,64,64,64,64,64],"card_choices":[{"not_picked":["Amplify","Buffer"],"picked":"Core Surge","floor":0.0},{"not_picked":["Cold Snap","Gash"],"picked":"Scrape","floor":1.0},{"not_picked":["Defragment","Cold Snap"],"picked":"Gash","floor":3.0},{"not_picked":["Cold Snap","Ball Lightning"],"picked":"Conserve Battery","floor":7.0},{"not_picked":["Hello World","FTL"],"picked":"Gash","floor":8.0},{"not_picked":["Turbo","Reinforced Body"],"picked":"All For One","floor":13.0},{"not_picked":["Rip and Tear","Reinforced Body"],"picked":"Go for the Eyes","floor":14}],"player_experience":397688,"relics_obtained":[{"floor":7.0,"key":"Centennial Puzzle"},{"floor":9.0,"key":"Pen Nib"}],"event_choices":[{"damage_healed":0.0,"max_hp_gain":0.0,"max_hp_loss":0.0,"gold_gain":75.0,"event_name":"World of Goop","player_choice":"Gather Gold","floor":2.0,"gold_loss":0.0,"damage_taken":11.0},{"damage_healed":21.0,"max_hp_gain":0.0,"max_hp_loss":0.0,"gold_gain":0.0,"event_name":"Big Fish","player_choice":"Banana","floor":4.0,"gold_loss":0.0,"damage_taken":0.0},{"damage_healed":0.0,"max_hp_gain":0.0,"max_hp_loss":0.0,"gold_gain":0.0,"event_name":"Scrap Ooze","player_choice":"Success","floor":5.0,"gold_loss":0.0,"damage_taken":18.0,"relics_obtained":["Lantern"]}],"is_beta":false,"boss_relics":[],"items_purged_floors":[10],"is_endless":false,"potions_floor_spawned":[3,7,13],"killed_by":"The Guardian","ascension_level":15}