{"gold_per_floor":[117,65,76,86,86,118,83,83,83,83,99,99,111,36,36,131,131,143,162,162],"floor_reached":20,"playtime":487,"items_purged":["Strike_B"],"score":174,"play_id":"081911aa-bb51-4b06-8b41-fe72c8f56352","local_time":"20190127211815","is_ascension_mode":false,"campfire_choices":[{"data":"Zap","floor":8,"key":"SMITH"},{"data":"Dualcast","floor":12,"key":"SMITH"},{"floor":15,"key":"REST"}],"neow_cost":"NONE","seed_source_timestamp":360542138890229,"circlet_count":0,"master_deck":["Strike_B","Strike_B","Defend_B","Defend_B","Defend_B","Defend_B","Zap+1","Dualcast+1","Gash","Go for the Eyes","Sweeping Beam","Gash","Beam Cell","Echo Form","Go for the Eyes"],"relics":["Cracked Core","Blood Vial","Blue Candle","Pear","Dream Catcher","Inserter"],"potions_floor_usage":[6,16],"damage_taken":[{"damage":0,"enemies":"Small Slimes","floor":1,"turns":3},{"damage":0,"enemies":"2 Louse","floor":3,"turns":2},{"damage":0,"enemies":"Cultist","floor":4,"turns":3},{"damage":30,"enemies":"Lagavulin","floor":6,"turns":6},{"damage":8,"enemies":"Lots of Slimes","floor":11,"turns":3},{"damage":2,"enemies":"Looter","floor":13,"turns":2},{"damage":65,"enemies":"Hexaghost","floor":16,"turns":10},{"damage":21,"enemies":"Chosen","floor":18,"turns":5},{"damage":14,"enemies":"Spheric Guardian","floor":19,"turns":4},{"damage":0,"enemies":"Spheric Guardian","floor":20,"turns":1}],"seed_played":"6375567135714697623","potions_obtained":[{"floor":4,"key":"Weak Potion"},{"floor":6,"key":"Dexterity Potion"},{"floor":18,"key":"Weak Potion"}],"is_trial":false,"path_per_floor":["M","$","M","M","?","E","?","R","T","?","M","R","M","$","R","B",null,"M","M","?"],"character_chosen":"DEFECT","items_purchased":["Go for the Eyes"],"campfire_rested":1,"item_purchase_floors":[2],"current_hp_per_floor":[75,75,75,75,68,40,58,58,68,65,59,59,59,59,84,20,85,64,52,52],"gold":162,"neow_bonus":"RANDOM_COMMON_RELIC","is_prod":false,"is_daily":false,"chose_seed":false,"campfire_upgraded":2,"win_rate":0,"timestamp":1548641895,"path_taken":["M","$","M","M","?","E","?","R","T","?","M","R","M","$","R","BOSS","M","M","?"],"build_version":"2019-01-23","purchased_purges":1,"victory":false,"max_hp_per_floor":[75,75,75,75,75,75,75,75,85,85,85,85,85,85,85,85,85,85,85,85],"card_choices":[{"not_picked":["Steam","Rebound"],"picked":"Gash","floor":1},{"not_picked":["Cold Snap","Streamline"],"picked":"Sweeping Beam","floor":3},{"not_picked":["Force Field","Beam Cell"],"picked":"Gash","floor":4},{"not_picked":["Doom and Gloom","Hologram","Blizzard"],"picked":"SKIP","floor":6},{"not_picked":["Conserve Battery","Steam"],"picked":"Beam Cell","floor":11},{"not_picked":["All For One","Lockon","Sweeping Beam"],"picked":"SKIP","floor":13},{"not_picked":["Hyperbeam","Fission"],"picked":"Echo Form","floor":16},{"not_picked":["Doom and Gloom+1","Steam+1","Undo"],"picked":"SKIP","floor":18},{"not_picked":["Coolheaded+1","Tempest+1"],"picked":"Go for the Eyes","floor":19}],"player_experience":174014,"relics_obtained":[{"floor":6,"key":"Blue Candle"},{"floor":9,"key":"Pear"}],"event_choices":[{"cards_removed":["Strike_B"],"damage_healed":0,"gold_gain":0,"player_choice":"Card Removal","damage_taken":7,"max_hp_gain":0,"max_hp_loss":0,"event_name":"Golden Wing","floor":5,"gold_loss":0},{"damage_healed":18,"gold_gain":0,"player_choice":"Healed","damage_taken":0,"max_hp_gain":0,"max_hp_loss":0,"event_name":"The Cleric","floor":7,"gold_loss":35},{"damage_healed":0,"gold_gain":0,"player_choice":"Success","damage_taken":3,"relics_obtained":["Dream Catcher"],"max_hp_gain":0,"max_hp_loss":0,"event_name":"Scrap Ooze","floor":10,"gold_loss":0}],"is_beta":false,"boss_relics":[{"not_picked":["Cursed Key","Tiny House"],"picked":"Inserter"}],"items_purged_floors":[14],"is_endless":false,"potions_floor_spawned":[4,6,18],"killed_by":"Spheric Guardian","ascension_level":0}