{"path_per_floor":["M","?","?","$","M","E","?","M","T","E","M","M","E","?","R","B",null,"M","?","$","M","M","R","?","$","T","E","M","M","M","M","R","B",null,"M","$","M","?","M","M","R","$","T","?","R"],"character_chosen":"IRONCLAD","items_purchased":["Flex","Champion Belt","Whetstone","Strawberry"],"gold_per_floor":[118,118,118,72,90,122,122,143,143,179,202,218,253,327,327,458,458,479,479,144,169,183,183,108,58,82,120,143,164,188,202,202,328,328,341,148,163,163,178,197,197,0,23,23,23],"floor_reached":46,"campfire_rested":2,"playtime":2645,"current_hp_per_floor":[74,74,56,56,54,46,46,56,56,34,39,50,49,59,59,41,74,63,63,63,53,53,53,53,53,53,50,35,41,41,39,61,52,74,47,47,42,42,34,36,36,43,43,43,66],"items_purged":["Defend_R","Defend_R","Regret","Strike_R"],"gold":23,"play_id":"b03ef9d6-ce8a-49c9-930d-4577055a09cd","is_prod":false,"is_daily":false,"is_ascension_mode":false,"campfire_upgraded":3,"path_taken":["M","?","?","?","M","E","?","M","T","E","M","M","E","?","R","BOSS","M","?","$","M","M","R","?","?","T","E","M","?","M","M","R","BOSS","M","$","M","?","M","M","R","?","T","?","R","E"],"build_version":"2018-01-25-PROD3","purchased_purges":4,"victory":false,"master_deck":["Strike_R","Strike_R","Strike_R","Strike_R+1","Defend_R+1","Bash","Reaper","Thunderclap+1","Flex","Flex","Heavy Blade+1","Seeing Red+1","Dropkick+1","Limit Break","Clash","Bludgeon","Seeing Red+1","Pommel Strike+1","Sword Boomerang","Whirlwind+1","Inflame+1","Double Tap+1","Heavy Blade+1","Pommel Strike+1","Cleave+1"],"max_hp_per_floor":[80,80,80,80,80,80,74,74,74,74,74,74,74,74,74,74,74,74,74,74,74,74,74,74,74,74,74,74,74,74,74,74,74,74,74,74,74,71,71,71,71,78,78,78,78],"relics":["Burning Blood","War Paint","Vajra","Golden Idol","Red Skull","Anchor","Art of War","Smiling Mask","White Beast Statue","Champion Belt","Ancient Tea Set","Prayer Wheel","Calling Bell","Juzu Bracelet","Mummified Hand","Dodecahedron","Whetstone","Strawberry","Bronze Scales"],"card_choices":[{"not_picked":["Power Through","Shockwave"],"picked":"Thunderclap"},{"not_picked":["Power Through","Sword Boomerang"],"picked":"Flex"},{"not_picked":["Headbutt","Spot Weakness"],"picked":"Heavy Blade"},{"not_picked":["Power Through","Pommel Strike"],"picked":"Seeing Red"},{"not_picked":["Shrug It Off","Headbutt"],"picked":"Dropkick"},{"not_picked":["Shrug It Off","Whirlwind"],"picked":"Limit Break"},{"not_picked":["Warcry","Corruption"],"picked":"Clash"},{"not_picked":["Feed","Demon Form"],"picked":"Bludgeon"},{"not_picked":["Sentinel","Twin Strike"],"picked":"Seeing Red"},{"not_picked":["Havoc","Thunderclap"],"picked":"Pommel Strike"},{"not_picked":["Armaments","Iron Wave"],"picked":"Sword Boomerang"},{"not_picked":["Rupture","Perfected Strike"],"picked":"Whirlwind"},{"not_picked":["Blood for Blood","Cleave"],"picked":"Inflame"},{"not_picked":["Reaper","Limit Break"],"picked":"Double Tap"},{"not_picked":["Havoc","Sword Boomerang"],"picked":"Heavy Blade"},{"not_picked":["Immolate","Thunderclap"],"picked":"Pommel Strike"},{"not_picked":["Inflame","Headbutt"],"picked":"Cleave"}],"player_experience":198812,"potions_floor_usage":[46,46],"damage_taken":[{"damage":18.0,"enemies":"Jaw Worm","floor":1.0,"turns":3.0},{"damage":14.0,"enemies":"Blue Slaver","floor":5.0,"turns":4.0},{"damage":20.0,"enemies":"Gremlin Nob","floor":6.0,"turns":4.0},{"damage":6.0,"enemies":"Cultist","floor":8.0,"turns":3.0},{"damage":28.0,"enemies":"Lagavulin","floor":10.0,"turns":5.0},{"damage":1.0,"enemies":"3 Louse","floor":11.0,"turns":2.0},{"damage":0.0,"enemies":"Red Slaver","floor":12.0,"turns":2.0},{"damage":14.0,"enemies":"Gremlin Nob","floor":13.0,"turns":3.0},{"damage":6.0,"enemies":"Gremlin Nob","floor":14.0,"turns":3.0},{"damage":29.0,"enemies":"Hexaghost","floor":16.0,"turns":5.0},{"damage":17.0,"enemies":"Spheric Guardian","floor":18.0,"turns":4.0},{"damage":16.0,"enemies":"Shell Parasite","floor":21.0,"turns":4.0},{"damage":6.0,"enemies":"3 Cultists","floor":22.0,"turns":3.0},{"damage":9.0,"enemies":"Gremlin Leader","floor":27.0,"turns":4.0},{"damage":21.0,"enemies":"Snake Plant","floor":28.0,"turns":3.0},{"damage":0.0,"enemies":"Sentry and Sphere","floor":29.0,"turns":1.0},{"damage":6.0,"enemies":"Centurion and Healer","floor":30.0,"turns":4.0},{"damage":8.0,"enemies":"Snecko","floor":31.0,"turns":4.0},{"damage":34.0,"enemies":"Automaton","floor":33.0,"turns":6.0},{"damage":33.0,"enemies":"Orb Walker","floor":35.0,"turns":4.0},{"damage":31.0,"enemies":"3 Darklings","floor":37.0,"turns":4.0},{"damage":14.0,"enemies":"Sphere and 2 Shapes","floor":39.0,"turns":3.0},{"damage":35.0,"enemies":"4 Shapes","floor":40.0,"turns":3.0},{"damage":84,"enemies":"Nemesis","floor":46,"turns":6}],"event_choices":[{"event_name":"Living Wall","player_choice":"Grow","floor":2.0,"damage_taken":0.0},{"event_name":"Scrap Ooze","player_choice":"success","floor":3.0,"damage_taken":18.0},{"event_name":"Golden Idol","player_choice":"Lose Max HP","floor":7.0,"damage_taken":0.0},{"event_name":"Dead Adventurer","player_choice":"Searched \u00272\u0027 times","floor":14.0,"damage_taken":0.0},{"event_name":"N\u0027loth","player_choice":"Ignored","floor":19.0,"damage_taken":0.0},{"event_name":"Beggar","player_choice":"Gave Gold","floor":24.0,"damage_taken":0.0},{"event_name":"Fountain of Cleansing","player_choice":"Removed Curse","floor":38.0,"damage_taken":0.0},{"event_name":"Upgrade Shrine","player_choice":"Upgraded","floor":44.0,"damage_taken":0.0}],"boss_relics":[],"potions_floor_spawned":[5,6,11,14,14,18,21,22,27,28,29,30,31,33,35,37,39,40],"seed_played":"4556742223267110294","killed_by":"Nemesis","ascension_level":0,"is_trial":false}