{"gold_per_floor":[212,224,224,234,250,250,283,243,543,134,147,147,157,191,191,191],"floor_reached":16,"playtime":1029,"items_purged":["Strike_B"],"score":146,"play_id":"9d1334d5-72b8-4204-91bb-d1487405b2e5","local_time":"20190308112559","is_ascension_mode":true,"campfire_choices":[{"floor":6.0,"key":"REST"},{"floor":12.0,"key":"REST"},{"floor":15.0,"key":"REST"}],"neow_cost":"NONE","seed_source_timestamp":0,"circlet_count":0,"master_deck":["Strike_B","Strike_B","Strike_B","Defend_B+1","Defend_B","Defend_B","Defend_B+1","Zap","Dualcast","Sweeping Beam","Defragment","Beam Cell","Ball Lightning","Auto Shields","Biased Cognition","Sunder","Capacitor","White Noise","Reinforced Body","Buffer"],"special_seed":0,"relics":["Cracked Core","Peace Pipe","The Courier","Old Coin","War Paint","Sundial"],"potions_floor_usage":[16],"damage_taken":[{"damage":9.0,"enemies":"Jaw Worm","floor":1.0,"turns":3.0},{"damage":0.0,"enemies":"Small Slimes","floor":2.0,"turns":3.0},{"damage":1.0,"enemies":"Cultist","floor":4.0,"turns":3.0},{"damage":6.0,"enemies":"Looter","floor":5.0,"turns":2.0},{"damage":30.0,"enemies":"3 Sentries","floor":7.0,"turns":6.0},{"damage":2.0,"enemies":"Gremlin Gang","floor":11.0,"turns":4.0},{"damage":10.0,"enemies":"Lots of Slimes","floor":13.0,"turns":3.0},{"damage":26.0,"enemies":"Gremlin Nob","floor":14.0,"turns":5.0},{"damage":15,"enemies":"Hexaghost","floor":16,"turns":9}],"seed_played":"1189034474969714755","potions_obtained":[{"floor":5.0,"key":"Ancient Potion"},{"floor":7.0,"key":"Regen Potion"},{"floor":8.0,"key":"Fruit Juice"},{"floor":8.0,"key":"PowerPotion"}],"is_trial":false,"path_per_floor":["M","M","?","M","M","R","E","?","T","$","M","R","M","E","R","B"],"character_chosen":"DEFECT","items_purchased":["Biased Cognition","War Paint","Sunder","Capacitor"],"campfire_rested":3,"item_purchase_floors":[10,10,10,10],"current_hp_per_floor":[59,59,26,25,19,41,11,16,16,16,14,38,28,2,26,11],"gold":191,"neow_bonus":"HUNDRED_GOLD","is_prod":false,"is_daily":false,"chose_seed":false,"campfire_upgraded":0,"win_rate":0,"timestamp":1552040759,"path_taken":["M","M","?","M","M","R","E","?","T","$","?","R","M","E","R","BOSS"],"build_version":"2019-01-23","purchased_purges":1,"victory":false,"max_hp_per_floor":[75,75,75,75,75,75,75,80,80,80,80,80,80,80,80,80],"card_choices":[{"not_picked":["Turbo","Rebound"],"picked":"Sweeping Beam","floor":1.0},{"not_picked":["BootSequence","Beam Cell"],"picked":"Defragment","floor":2.0},{"not_picked":["Double Energy","Streamline"],"picked":"Beam Cell","floor":4.0},{"not_picked":["Barrage","Rip and Tear"],"picked":"Ball Lightning","floor":5.0},{"not_picked":["Defragment","Cold Snap"],"picked":"Auto Shields","floor":7.0},{"not_picked":["Glacier","Reboot"],"picked":"White Noise","floor":11.0},{"not_picked":["Storm","Cold Snap"],"picked":"Reinforced Body","floor":13.0},{"not_picked":["Defragment","Gash"],"picked":"Buffer","floor":14.0}],"player_experience":193725,"relics_obtained":[{"floor":7.0,"key":"The Courier"},{"floor":9.0,"key":"Old Coin"},{"floor":14.0,"key":"Sundial"}],"event_choices":[{"damage_healed":0.0,"max_hp_gain":0.0,"max_hp_loss":0.0,"gold_gain":0.0,"event_name":"Scrap Ooze","player_choice":"Success","floor":3.0,"gold_loss":0.0,"damage_taken":33.0,"relics_obtained":["Peace Pipe"]},{"damage_healed":0.0,"max_hp_gain":0.0,"max_hp_loss":0.0,"gold_gain":0.0,"event_name":"The Woman in Blue","player_choice":"Bought 3 Potions","floor":8.0,"gold_loss":0.0,"damage_taken":0.0}],"is_beta":false,"boss_relics":[],"items_purged_floors":[10],"is_endless":false,"potions_floor_spawned":[5,7,14],"killed_by":"Hexaghost","ascension_level":6}