{"path_per_floor":["M","M","M","?","M","E","M","E","T","R","E","M","?","M","R","B",null,"M","?","?","M","M","R","$","R","T","?","$","R","M","M","R"],"character_chosen":"IRONCLAD","items_purchased":["Regal Pillow"],"gold_per_floor":[111,125,141,141,153,179,196,224,250,250,285,300,300,320,320,418,418,433,433,348,358,369,369,144,144,170,70,70,70,88,99,99],"floor_reached":33,"campfire_rested":3,"playtime":1972,"current_hp_per_floor":[77,79,80,73,64,34,33,18,18,42,32,35,2,8,32,14,64,41,41,41,49,28,28,28,28,28,28,28,28,34,19,59],"items_purged":["Defend_R"],"gold":99,"play_id":"a0f5f07b-40e4-4d06-9641-dd9025ea4ce0","is_prod":false,"is_daily":false,"is_ascension_mode":true,"campfire_upgraded":3,"path_taken":["M","M","M","?","M","E","M","E","T","R","E","M","?","M","R","BOSS","M","?","?","?","M","R","?","R","T","?","$","R","?","M","R","BOSS"],"build_version":"2018-01-25-PROD3","purchased_purges":2,"victory":false,"master_deck":["Strike_R+1","Strike_R+1","Strike_R","Strike_R","Strike_R","Defend_R","Bash","Fiend Fire+1","Wild Strike","Twin Strike","Twin Strike","Disarm","Wild Strike+1","Thunderclap","Feed","Dark Embrace+1","Perfected Strike+1","Bloodletting+1","Feel No Pain+1","Havoc+1","J.A.X.","Battle Trance","True Grit"],"max_hp_per_floor":[80,80,80,80,80,80,80,80,80,80,80,80,80,80,80,80,80,80,80,80,83,86,86,86,86,86,86,86,86,86,86,86],"relics":["Burning Blood","Anchor","Bag of Preparation","Oddly Smooth Stone","Whetstone","Omamori","Astrolabe","Lantern","Regal Pillow","Dream Catcher"],"card_choices":[{"not_picked":["Flex","Twin Strike"],"picked":"Wild Strike"},{"not_picked":["Dual Wield","Iron Wave"],"picked":"Twin Strike"},{"not_picked":["Anger","Headbutt"],"picked":"Twin Strike"},{"not_picked":["Shockwave","Reckless Charge"],"picked":"Disarm"},{"not_picked":["Cleave","Corruption"],"picked":"Wild Strike"},{"not_picked":["Disarm","Blood for Blood"],"picked":"Clash"},{"not_picked":["Havoc","Twin Strike"],"picked":"Thunderclap"},{"not_picked":["Heavy Blade","Headbutt"],"picked":"Clash"},{"not_picked":["Juggernaut","Barricade"],"picked":"Feed"},{"not_picked":["Cleave","Spot Weakness"],"picked":"Feel No Pain"},{"not_picked":["Iron Wave","Twin Strike"],"picked":"Havoc"},{"not_picked":["Whirlwind","Warcry"],"picked":"Battle Trance"},{"not_picked":["Demon Form","Armaments"],"picked":"True Grit"}],"player_experience":207827,"potions_floor_usage":[7,8,16,16,22,33,33],"damage_taken":[{"damage":9,"enemies":"2 Louse","floor":1,"turns":3},{"damage":4,"enemies":"Small Slimes","floor":2,"turns":3},{"damage":0,"enemies":"Cultist","floor":3,"turns":2},{"damage":15,"enemies":"3 Louse","floor":5,"turns":3},{"damage":36,"enemies":"Lagavulin","floor":6,"turns":5},{"damage":7,"enemies":"Exordium Wildlife","floor":7,"turns":3},{"damage":21,"enemies":"3 Sentries","floor":8,"turns":4},{"damage":16,"enemies":"Gremlin Nob","floor":11,"turns":3},{"damage":3,"enemies":"2 Fungi Beasts","floor":12,"turns":3},{"damage":0,"enemies":"Gremlin Gang","floor":14,"turns":3},{"damage":24,"enemies":"Slime Boss","floor":16,"turns":11},{"damage":29,"enemies":"Spheric Guardian","floor":18,"turns":4},{"damage":1,"enemies":"2 Thieves","floor":21,"turns":2},{"damage":30,"enemies":"Slaver and Parasite","floor":22,"turns":3},{"damage":0,"enemies":"Snake Plant","floor":30,"turns":2},{"damage":21,"enemies":"Centurion and Healer","floor":31,"turns":3},{"damage":67,"enemies":"Collector","floor":33,"turns":6}],"event_choices":[{"event_name":"Golden Wing","player_choice":"Card Removal","floor":4,"damage_taken":0},{"event_name":"Scrap Ooze","player_choice":"success","floor":13,"damage_taken":33},{"event_name":"Forgotten Altar","player_choice":"Smashed Altar","floor":19,"damage_taken":0},{"event_name":"Addict","player_choice":"Obtained Relic","floor":20,"damage_taken":0},{"event_name":"Drug Dealer","player_choice":"Got JAXXED","floor":27,"damage_taken":0}],"boss_relics":[{"not_picked":["Runic Pyramid","Sozu"],"picked":"Astrolabe"}],"potions_floor_spawned":[1,3,6,8,16,22,31],"seed_played":"6299214675455904508","killed_by":"Collector","ascension_level":5,"is_trial":false}