{"gold_per_floor":[119,129,141,141,91,91,125,125,125,225,241,241,253,84,84,179,229,243,243,259,84,103,103,132,148,171,171,134,134,168,180,180,276,276,290,390,408,508,523,523,553,553],"floor_reached":42,"playtime":3402,"items_purged":["Strike_B","Strike_B"],"score":466,"play_id":"a809ea64-dd91-4ad7-aa21-3fbfd930e3f6","local_time":"20190128161506","is_ascension_mode":false,"campfire_choices":[{"data":"Dualcast","floor":6,"key":"SMITH"},{"data":"Conserve Battery","floor":8,"key":"SMITH"},{"floor":12,"key":"REST"},{"data":"Cold Snap","floor":15,"key":"SMITH"},{"floor":23,"key":"REST"},{"floor":27,"key":"REST"},{"floor":32,"key":"REST"},{"floor":40,"key":"REST"}],"neow_cost":"NONE","seed_source_timestamp":354559405832063,"circlet_count":0,"master_deck":["Zap+1","Dualcast+1","Conserve Battery+1","Ball Lightning","Cold Snap","Coolheaded","White Noise+1","Cold Snap+1","Conserve Battery+1","Darkness+1","Echo Form","Conserve Battery+1","Barrage","Static Discharge","Darkness+1","Hologram+1","Streamline+1","Aggregate+1","Electrodynamics","Steam Power+1","Recycle+1","Compile Driver","Genetic Algorithm+1","Skim+1"],"relics":["Cracked Core","Darkstone Periapt","Toxic Egg 2","Tiny House","Calipers","Boot","Pantograph","Pandora\u0027s Box","Pocketwatch","Peace Pipe"],"potions_floor_usage":[7,11,22,24,25,30,38],"damage_taken":[{"damage":0,"enemies":"Cultist","floor":1,"turns":4},{"damage":0,"enemies":"2 Louse","floor":2,"turns":3},{"damage":0,"enemies":"Jaw Worm","floor":3,"turns":3},{"damage":12,"enemies":"Gremlin Nob","floor":7,"turns":3},{"damage":4,"enemies":"Gremlin Gang","floor":11,"turns":3},{"damage":0,"enemies":"Exordium Wildlife","floor":13,"turns":4},{"damage":8,"enemies":"The Guardian","floor":16,"turns":8},{"damage":25,"enemies":"3 Byrds","floor":18,"turns":5},{"damage":10,"enemies":"Shell Parasite","floor":20,"turns":4},{"damage":2,"enemies":"Centurion and Healer","floor":22,"turns":5},{"damage":22,"enemies":"Gremlin Leader","floor":24,"turns":5},{"damage":11,"enemies":"3 Cultists","floor":25,"turns":6},{"damage":37,"enemies":"Slavers","floor":30,"turns":5},{"damage":16,"enemies":"Shelled Parasite and Fungi","floor":31,"turns":4},{"damage":53,"enemies":"Champ","floor":33,"turns":10},{"damage":18,"enemies":"3 Shapes","floor":35,"turns":4},{"damage":19,"enemies":"3 Darklings","floor":37,"turns":3},{"damage":8,"enemies":"Mind Bloom Boss Battle","floor":38,"turns":7},{"damage":8,"enemies":"Sphere and 2 Shapes","floor":39,"turns":4},{"damage":83,"enemies":"Reptomancer","floor":41,"turns":7},{"damage":13,"enemies":"Jaw Worm Horde","floor":42,"turns":2}],"seed_played":"-7659104495945202717","potions_obtained":[{"floor":1,"key":"Fire Potion"},{"floor":2,"key":"SteroidPotion"},{"floor":16,"key":"Explosive Potion"},{"floor":17,"key":"FairyPotion"},{"floor":20,"key":"Explosive Potion"},{"floor":22,"key":"Explosive Potion"},{"floor":25,"key":"Block Potion"},{"floor":33,"key":"FearPotion"},{"floor":37,"key":"Weak Potion"},{"floor":41,"key":"Dexterity Potion"}],"is_trial":false,"path_per_floor":["M","M","M","?","?","R","E","R","T","?","M","R","M","$","R","B",null,"M","?","M","$","M","R","E","M","T","R","$","?","E","M","R","B",null,"M","?","M","?","M","R","E","M"],"character_chosen":"DEFECT","items_purchased":["Conserve Battery+1","Darkness+1","Static Discharge","Aggregate+1"],"campfire_rested":5,"item_purchase_floors":[14,14,21,28],"current_hp_per_floor":[75,75,75,60,60,60,48,48,48,48,44,66,66,66,66,58,80,55,55,45,45,43,67,45,34,34,58,58,58,21,5,29,1,80,62,62,43,60,52,76,4,0],"gold":553,"neow_bonus":"UPGRADE_CARD","is_prod":false,"is_daily":false,"chose_seed":false,"campfire_upgraded":3,"win_rate":0.0,"timestamp":1548688506,"path_taken":["M","M","M","?","?","R","E","R","T","?","M","R","?","$","R","BOSS","M","?","?","$","M","R","E","M","T","R","$","?","E","M","R","BOSS","M","?","?","?","M","R","E","M"],"build_version":"2019-01-23","purchased_purges":2,"victory":false,"max_hp_per_floor":[75,75,75,75,75,75,75,75,75,75,75,75,75,75,75,75,80,80,80,80,80,80,80,80,80,80,80,80,80,80,80,80,80,80,80,80,80,80,80,80,80,80],"card_choices":[{"not_picked":["BootSequence","Scrape"],"picked":"Conserve Battery","floor":1},{"not_picked":["Sweeping Beam","BootSequence"],"picked":"Ball Lightning","floor":2},{"not_picked":["Go for the Eyes","Redo"],"picked":"Cold Snap","floor":3},{"not_picked":["Self Repair","Fusion"],"picked":"Coolheaded","floor":7},{"not_picked":["Double Energy+1","Beam Cell"],"picked":"White Noise+1","floor":11},{"not_picked":["Rebound","Steam+1"],"picked":"Cold Snap","floor":13},{"not_picked":["Meteor Strike","Core Surge"],"picked":"Echo Form","floor":16},{"not_picked":["Gash","Force Field+1"],"picked":"Conserve Battery+1","floor":17},{"not_picked":["Steam Power+1","Scrape"],"picked":"Barrage","floor":18},{"not_picked":["Recycle+1","Beam Cell","Reprogram+1"],"picked":"SKIP","floor":20},{"not_picked":["FTL+1","Cold Snap+1"],"picked":"Darkness+1","floor":22},{"not_picked":["Fusion+1","Creative AI"],"picked":"Hologram+1","floor":24},{"not_picked":["Conserve Battery+1","Undo+1"],"picked":"Streamline+1","floor":25},{"not_picked":["Barrage","Melter","Cold Snap"],"picked":"SKIP","floor":30},{"not_picked":["Skim+1","Reboot+1","Streamline"],"picked":"SKIP","floor":31},{"not_picked":["Hyperbeam","Amplify+1"],"picked":"Electrodynamics","floor":33},{"not_picked":["Skim+1","Go for the Eyes","Stack+1"],"picked":"SKIP","floor":35},{"not_picked":["Steam+1","Barrage+1","Coolheaded+1"],"picked":"SKIP","floor":37},{"not_picked":["Scrape","Meteor Strike","Darkness+1"],"picked":"SKIP","floor":39},{"not_picked":["Buffer","Ball Lightning+1","Rainbow+1"],"picked":"SKIP","floor":41}],"player_experience":71537,"relics_obtained":[{"floor":7,"key":"Darkstone Periapt"},{"floor":9,"key":"Toxic Egg 2"},{"floor":24,"key":"Calipers"},{"floor":26,"key":"Boot"},{"floor":30,"key":"Pantograph"},{"floor":38,"key":"Pocketwatch"},{"floor":41,"key":"Peace Pipe"}],"event_choices":[{"damage_healed":0,"gold_gain":0,"player_choice":"Entered Light","damage_taken":15,"max_hp_gain":0,"max_hp_loss":0,"event_name":"Shining Light","floor":4,"gold_loss":0,"cards_upgraded":["Defend_B","Defend_B"]},{"cards_removed":["Strike_B"],"damage_healed":0,"gold_gain":0,"player_choice":"Card Removal","damage_taken":0,"max_hp_gain":0,"max_hp_loss":0,"event_name":"The Cleric","floor":5,"gold_loss":50},{"damage_healed":0,"gold_gain":100,"player_choice":"Gold","damage_taken":0,"max_hp_gain":0,"max_hp_loss":0,"event_name":"Wheel of Change","floor":10,"gold_loss":0},{"damage_healed":0,"gold_gain":0,"player_choice":"Ignored","damage_taken":0,"max_hp_gain":0,"max_hp_loss":0,"event_name":"NoteForYourself","floor":19,"gold_loss":0},{"damage_healed":0,"gold_gain":0,"player_choice":"Ignored","damage_taken":0,"max_hp_gain":0,"max_hp_loss":0,"event_name":"Beggar","floor":29,"gold_loss":0},{"damage_healed":0,"gold_gain":100,"player_choice":"Pray","damage_taken":0,"max_hp_gain":0,"max_hp_loss":0,"event_name":"Golden Shrine","floor":36,"gold_loss":0},{"damage_healed":0,"gold_gain":0,"player_choice":"Fight","damage_taken":0,"max_hp_gain":0,"max_hp_loss":0,"event_name":"MindBloom","floor":38,"gold_loss":0}],"is_beta":false,"boss_relics":[{"not_picked":["Philosopher\u0027s Stone","Empty Cage"],"picked":"Tiny House"},{"not_picked":["FrozenCore","Velvet Choker"],"picked":"Pandora\u0027s Box"}],"items_purged_floors":[14,21],"is_endless":false,"potions_floor_spawned":[1,2,16,20,22,25,33,37,41],"killed_by":"Jaw Worm Horde","ascension_level":0}