{"gold_per_floor":[214,228,228,228,243,243,15,48,75,75,101,121,21,31,31,131,131,146,113,127,127,2,2,2,37,37,57,69,100,112,154,166,279,291,320,342,369,381,403,415,23,40,40,75,89,89,89,89],"floor_reached":48,"playtime":2013,"items_purged":["Strike_B","Strike_B","Strike_B"],"score":860,"play_id":"d1551603-9201-44cd-b8ae-262b309af1d8","local_time":"20181208202007","is_ascension_mode":true,"campfire_choices":[{"data":"Sunder","floor":6,"key":"SMITH"},{"data":"Zap","floor":10,"key":"SMITH"},{"data":"Go for the Eyes","floor":15,"key":"SMITH"},{"data":"Loop","floor":24,"key":"SMITH"},{"data":"Biased Cognition","floor":30,"key":"SMITH"},{"data":"Hologram","floor":32,"key":"SMITH"},{"data":"Panacea","floor":40,"key":"SMITH"},{"floor":47,"key":"REST"}],"neow_cost":"NONE","seed_source_timestamp":204204409544073,"circlet_count":0,"master_deck":["AscendersBane","Strike_B+1","Defend_B","Defend_B+1","Defend_B+1","Defend_B","Zap+1","Dualcast","Sunder+1","Cold Snap+1","Sweeping Beam","Electrodynamics","Leap","Go for the Eyes+1","Conserve Battery","Biased Cognition+1","Hologram+1","Loop+1","Turbo","Loop+1","Capacitor+1","Fusion","Reboot","Compile Driver+1","Panacea+1","Dark Shackles","Loop+1","Glacier+1","Leap+1","Coolheaded+1","Decay"],"relics":["Cracked Core","Orichalcum","Art of War","Omamori","Snecko Eye","Lantern","War Paint","Mummified Hand","MawBank","Strawberry","Philosopher\u0027s Stone","DataDisk","Bottled Tornado","Kunai","PreservedInsect"],"potions_floor_usage":[4,16,28,31,31,44,44,48],"damage_taken":[{"damage":3,"enemies":"Jaw Worm","floor":1,"turns":5},{"damage":3,"enemies":"Small Slimes","floor":2,"turns":2},{"damage":1,"enemies":"Cultist","floor":5,"turns":3},{"damage":4,"enemies":"3 Sentries","floor":8,"turns":6},{"damage":19,"enemies":"Lagavulin","floor":11,"turns":5},{"damage":0,"enemies":"Looter","floor":12,"turns":3},{"damage":10,"enemies":"Exordium Wildlife","floor":14,"turns":3},{"damage":12,"enemies":"The Guardian","floor":16,"turns":12},{"damage":0,"enemies":"3 Byrds","floor":18,"turns":4},{"damage":0,"enemies":"Chosen","floor":20,"turns":5},{"damage":11,"enemies":"Slavers","floor":25,"turns":3},{"damage":8,"enemies":"Shelled Parasite and Fungi","floor":27,"turns":4},{"damage":9,"enemies":"Snake Plant","floor":28,"turns":4},{"damage":0,"enemies":"Book of Stabbing","floor":29,"turns":3},{"damage":9,"enemies":"Gremlin Leader","floor":31,"turns":5},{"damage":18,"enemies":"Champ","floor":33,"turns":10},{"damage":0,"enemies":"3 Shapes","floor":35,"turns":2},{"damage":19,"enemies":"3 Darklings","floor":36,"turns":3},{"damage":0,"enemies":"Sphere and 2 Shapes","floor":37,"turns":3},{"damage":0,"enemies":"Transient","floor":39,"turns":5},{"damage":21,"enemies":"Maw","floor":42,"turns":6},{"damage":12,"enemies":"Nemesis","floor":44,"turns":5},{"damage":2,"enemies":"Sphere and 2 Shapes","floor":45,"turns":3},{"damage":41,"enemies":"Jaw Worm Horde","floor":48,"turns":2}],"seed_played":"8351770232263494122","potions_obtained":[{"floor":4,"key":"Poison Potion"},{"floor":4,"key":"Fruit Juice"},{"floor":4,"key":"PowerPotion"},{"floor":18,"key":"Weak Potion"},{"floor":29,"key":"Weak Potion"},{"floor":33,"key":"Block Potion"},{"floor":39,"key":"Swift Potion"},{"floor":45,"key":"PowerPotion"}],"is_trial":false,"path_per_floor":["M","M","?","?","M","R","$","E","T","R","E","M","$","M","R","B",null,"M","$","M","?","$","?","R","E","T","M","M","E","R","E","R","B",null,"M","M","M","?","M","R","$","M","T","E","M","?","R","M"],"character_chosen":"DEFECT","items_purchased":["Orichalcum","Loop","DataDisk","Bottled Tornado"],"campfire_rested":1,"item_purchase_floors":[7,19,41,41],"current_hp_per_floor":[65,62,47,52,51,51,51,47,47,47,28,28,28,18,18,6,62,62,62,62,62,62,62,62,51,51,43,34,34,34,32,32,14,69,69,50,50,45,45,45,45,24,24,12,10,10,36,0],"gold":89,"neow_bonus":"HUNDRED_GOLD","is_prod":false,"is_daily":false,"chose_seed":false,"campfire_upgraded":7,"win_rate":0,"timestamp":1544280607,"path_taken":["M","M","?","?","M","R","$","E","T","R","E","M","$","M","R","BOSS","M","$","?","?","$","?","R","E","T","M","M","E","R","E","R","BOSS","M","M","M","?","M","R","$","M","T","E","M","?","R","M"],"build_version":"2018-12-06","purchased_purges":3,"victory":false,"max_hp_per_floor":[75,75,75,80,80,80,80,80,80,80,80,80,80,80,80,80,80,80,80,80,80,80,80,80,80,80,80,80,80,80,87,87,87,87,87,87,87,87,87,87,87,87,87,87,87,87,87,87],"card_choices":[{"not_picked":["Barrage","Leap"],"picked":"Sunder","floor":1},{"not_picked":["Steam Power","BootSequence"],"picked":"Cold Snap","floor":2},{"not_picked":["Redo","White Noise"],"picked":"Sweeping Beam","floor":5},{"not_picked":["Undo","Meteor Strike"],"picked":"Electrodynamics","floor":8},{"not_picked":["Force Field","Stack"],"picked":"Leap","floor":11},{"not_picked":["Hologram","Stack"],"picked":"Go for the Eyes","floor":12},{"not_picked":["Leap","Redo"],"picked":"Conserve Battery","floor":14},{"not_picked":["Multi-Cast","Electrodynamics"],"picked":"Biased Cognition","floor":16},{"not_picked":["Leap","FTL"],"picked":"Hologram","floor":18},{"not_picked":["Leap","Coolheaded","Tempest"],"picked":"SKIP","floor":20},{"not_picked":["Steam","Reprogram"],"picked":"Turbo","floor":25},{"not_picked":["Beam Cell","Redo"],"picked":"Loop+1","floor":27},{"not_picked":["Conserve Battery","Streamline"],"picked":"Capacitor+1","floor":28},{"not_picked":["Tempest+1","Sunder"],"picked":"Fusion","floor":29},{"not_picked":["Rebound+1","Hello World+1"],"picked":"Reboot","floor":31},{"not_picked":["Heatsinks+1","Gash","Cold Snap+1"],"picked":"SKIP","floor":35},{"not_picked":["Sunder","Cold Snap","BootSequence"],"picked":"SKIP","floor":36},{"not_picked":["Double Energy+1","Redo"],"picked":"Compile Driver+1","floor":37},{"not_picked":["Good Instincts","Sadistic Nature"],"picked":"Panacea","floor":38},{"not_picked":["Panacea","PanicButton"],"picked":"Dark Shackles","floor":38},{"not_picked":["Chaos+1","Cold Snap+1"],"picked":"Loop+1","floor":39},{"not_picked":["Sunder","Go for the Eyes"],"picked":"Glacier+1","floor":42},{"not_picked":["Barrage","Steam+1"],"picked":"Leap+1","floor":44},{"not_picked":["Loop","Aggregate+1"],"picked":"Coolheaded+1","floor":45}],"player_experience":867488,"relics_obtained":[{"floor":8,"key":"Art of War"},{"floor":11,"key":"Omamori"},{"floor":25,"key":"War Paint"},{"floor":26,"key":"Mummified Hand"},{"floor":29,"key":"MawBank"},{"floor":31,"key":"Strawberry"},{"floor":43,"key":"Kunai"},{"floor":44,"key":"PreservedInsect"}],"event_choices":[{"damage_healed":0,"gold_gain":0,"player_choice":"Entered Light","damage_taken":15,"max_hp_gain":0,"max_hp_loss":0,"event_name":"Shining Light","floor":3,"gold_loss":0,"cards_upgraded":["Strike_B","Cold Snap"]},{"damage_healed":0,"gold_gain":0,"player_choice":"Got Potions","damage_taken":0,"max_hp_gain":0,"max_hp_loss":0,"event_name":"Lab","floor":4,"gold_loss":0},{"damage_healed":0,"gold_gain":0,"player_choice":"Smashed Altar","damage_taken":0,"max_hp_gain":0,"max_hp_loss":0,"event_name":"Forgotten Altar","floor":21,"gold_loss":0,"cards_obtained":["Decay"]},{"damage_healed":0,"gold_gain":0,"player_choice":"Opened","damage_taken":0,"relics_obtained":["Lantern"],"max_hp_gain":0,"max_hp_loss":0,"event_name":"The Mausoleum","floor":23,"gold_loss":0,"cards_obtained":["Writhe"]},{"damage_healed":0,"gold_gain":0,"player_choice":"Memory 2","damage_taken":5,"max_hp_gain":0,"max_hp_loss":0,"event_name":"SensoryStone","floor":38,"gold_loss":0},{"damage_healed":0,"gold_gain":0,"player_choice":"Cursed","damage_taken":0,"max_hp_gain":0,"max_hp_loss":0,"event_name":"Wheel of Change","floor":46,"gold_loss":0,"cards_obtained":["Decay"]}],"is_beta":true,"boss_relics":[{"not_picked":["Inserter","Empty Cage"],"picked":"Snecko Eye"},{"not_picked":["Sozu","White Beast Statue"],"picked":"Philosopher\u0027s Stone"}],"items_purged_floors":[7,13,22],"is_endless":false,"potions_floor_spawned":[5,12,14,18,27,29,33,39,42,45],"killed_by":"Jaw Worm Horde","ascension_level":11}