{"gold_per_floor":[112,112,124,144,46,77,77,88,135,146,165,178,205,205,205,307,307,325,335,385,402,418,418,418,378,402,421,438,97,130,149,149,149],"floor_reached":33,"playtime":1040,"items_purged":["Strike_G","Strike_G"],"score":300,"play_id":"49fcceb7-1abb-47bb-b910-c186cd91fc7d","local_time":"20190128184418","is_ascension_mode":false,"campfire_choices":[{"floor":7,"key":"REST"},{"floor":15,"key":"REST"},{"floor":23,"key":"REST"},{"floor":32,"key":"REST"}],"neow_cost":"NONE","seed_source_timestamp":437154883728913,"circlet_count":0,"master_deck":["Defend_G","Defend_G+1","Defend_G","Defend_G+1","Defend_G","Strike_G","Strike_G","Strike_G+1","Survivor","Neutralize+1","Bouncing Flask","Bouncing Flask","Deadly Poison","Footwork","Bane","Dodge and Roll","Deadly Poison","Sucker Punch","Bullet Time"],"relics":["Ring of the Snake","Pear","Omamori","Velvet Choker","Bronze Scales","Anchor","Bottled Tornado","Centennial Puzzle"],"potions_floor_usage":[14,16,30],"damage_taken":[{"damage":0,"enemies":"Small Slimes","floor":1,"turns":3},{"damage":3,"enemies":"Jaw Worm","floor":3,"turns":3},{"damage":0,"enemies":"Cultist","floor":4,"turns":3},{"damage":16,"enemies":"Lagavulin","floor":6,"turns":5},{"damage":11,"enemies":"2 Fungi Beasts","floor":8,"turns":4},{"damage":1,"enemies":"Red Slaver","floor":10,"turns":4},{"damage":2,"enemies":"Looter","floor":11,"turns":4},{"damage":4,"enemies":"Blue Slaver","floor":12,"turns":4},{"damage":11,"enemies":"Lots of Slimes","floor":14,"turns":2},{"damage":61,"enemies":"Slime Boss","floor":16,"turns":11},{"damage":0,"enemies":"Spheric Guardian","floor":18,"turns":3},{"damage":11,"enemies":"3 Byrds","floor":19,"turns":6},{"damage":8,"enemies":"Snake Plant","floor":21,"turns":5},{"damage":21,"enemies":"Cultist and Chosen","floor":22,"turns":6},{"damage":21,"enemies":"3 Cultists","floor":27,"turns":5},{"damage":10,"enemies":"Snecko","floor":28,"turns":5},{"damage":9,"enemies":"Book of Stabbing","floor":30,"turns":5},{"damage":15,"enemies":"Sentry and Sphere","floor":31,"turns":5},{"damage":0,"enemies":"Champ","floor":33,"turns":1}],"seed_played":"-8249508176223159527","potions_obtained":[{"floor":1,"key":"SmokeBomb"},{"floor":6,"key":"Ancient Potion"},{"floor":8,"key":"SkillPotion"},{"floor":16,"key":"SteroidPotion"},{"floor":18,"key":"SpeedPotion"}],"is_trial":false,"path_per_floor":["M","?","M","M","$","E","R","M","T","M","M","M","T","M","R","B",null,"M","M","?","M","M","R","?","?","T","M","M","$","E","M","R","B"],"character_chosen":"THE_SILENT","items_purchased":["Deadly Poison","Bottled Tornado"],"campfire_rested":4,"item_purchase_floors":[5,29],"current_hp_per_floor":[77,62,59,59,59,53,79,68,68,67,65,61,61,50,76,15,87,87,76,76,68,47,73,73,73,73,52,42,42,33,18,44,44],"gold":149,"neow_bonus":"TEN_PERCENT_HP_BONUS","is_prod":false,"is_daily":false,"chose_seed":false,"campfire_upgraded":0,"win_rate":0,"timestamp":1548719058,"path_taken":["M","?","M","M","$","E","R","M","T","M","M","M","?","?","R","BOSS","M","M","?","M","?","R","?","?","T","M","M","$","E","M","R","BOSS"],"build_version":"2019-01-23","purchased_purges":2,"victory":false,"max_hp_per_floor":[77,77,77,77,77,87,87,87,87,87,87,87,87,87,87,87,87,87,87,87,87,87,87,87,87,87,87,87,87,87,87,87,87],"card_choices":[{"not_picked":["Escape Plan","Bane"],"picked":"Bouncing Flask","floor":1},{"not_picked":["Bane","Blade Dance"],"picked":"Bouncing Flask","floor":3},{"not_picked":["Deflect","Expertise","Cloak And Dagger"],"picked":"SKIP","floor":4},{"not_picked":["Deflect","Venomology"],"picked":"Footwork","floor":6},{"not_picked":["Dagger Throw","Acrobatics","Quick Slash"],"picked":"SKIP","floor":8},{"not_picked":["Dagger Throw","Concentrate","Outmaneuver"],"picked":"SKIP","floor":10},{"not_picked":["Underhanded Strike","Calculated Gamble"],"picked":"Bane","floor":11},{"not_picked":["Reflex","PiercingWail","Poisoned Stab"],"picked":"SKIP","floor":12},{"not_picked":["Dash","Predator"],"picked":"Dodge and Roll","floor":18},{"not_picked":["Underhanded Strike","Dagger Spray","Caltrops"],"picked":"SKIP","floor":19},{"not_picked":["Accuracy","Predator"],"picked":"Deadly Poison","floor":21},{"not_picked":["Outmaneuver","Cloak And Dagger","Sucker Punch"],"picked":"SKIP","floor":22},{"not_picked":["Underhanded Strike","Dagger Throw","Poisoned Stab"],"picked":"SKIP","floor":27},{"not_picked":["Prepared","Dagger Throw+1"],"picked":"Sucker Punch","floor":28},{"not_picked":["Acrobatics+1","Accuracy+1"],"picked":"Bullet Time","floor":30},{"not_picked":["Dagger Throw","Quick Slash","Deadly Poison"],"picked":"SKIP","floor":31}],"player_experience":177257,"relics_obtained":[{"floor":6,"key":"Pear"},{"floor":13,"key":"Omamori"},{"floor":26,"key":"Anchor"},{"floor":30,"key":"Centennial Puzzle"}],"event_choices":[{"damage_healed":0,"gold_gain":0,"player_choice":"Entered Light","damage_taken":15,"max_hp_gain":0,"max_hp_loss":0,"event_name":"Shining Light","floor":2,"gold_loss":0,"cards_upgraded":["Neutralize","Defend_G"]},{"damage_healed":0,"gold_gain":100,"player_choice":"Bet on Murderer","damage_taken":0,"max_hp_gain":0,"max_hp_loss":0,"event_name":"The Joust","floor":20,"gold_loss":50},{"damage_healed":0,"gold_gain":0,"player_choice":"Opened","damage_taken":0,"relics_obtained":["Bronze Scales"],"max_hp_gain":0,"max_hp_loss":0,"event_name":"The Mausoleum","floor":24,"gold_loss":0,"cards_obtained":["Writhe"]},{"damage_healed":0,"gold_gain":0,"player_choice":"Upgraded Two","damage_taken":0,"max_hp_gain":0,"max_hp_loss":0,"event_name":"Designer","floor":25,"gold_loss":40,"cards_upgraded":["Defend_G","Strike_G"]}],"is_beta":false,"boss_relics":[{"not_picked":["Runic Dome","Ring of the Serpent"],"picked":"Velvet Choker"}],"items_purged_floors":[5,29],"is_endless":false,"potions_floor_spawned":[1,6,8,12,16,18,19,21],"killed_by":"Champ","ascension_level":0}