{"gold_per_floor":[118,118,141,141,66,110,133,133,181,181,181,197,232,255,255,376,376,397,412,36,59,59,59,90,108,157,157,195,218,218,218],"floor_reached":31,"playtime":1923,"items_purged":["Regret","Writhe"],"score":342,"play_id":"1f0ed759-3539-4339-bfda-43de997f951e","local_time":"20190303135256","is_ascension_mode":true,"campfire_choices":[{"data":"Glass Knife","floor":8,"key":"SMITH"},{"data":"Footwork","floor":10,"key":"SMITH"},{"data":"Neutralize","floor":15,"key":"SMITH"},{"data":"Crippling Poison","floor":23,"key":"SMITH"},{"floor":27,"key":"REST"}],"neow_cost":"NONE","seed_source_timestamp":223150744096577,"circlet_count":0,"master_deck":["Defend_G","Defend_G","Defend_G","Defend_G","Defend_G","Strike_G","Strike_G","Survivor","Neutralize+1","Glass Knife+1","Dagger Spray","Footwork+1","Infinite Blades","Bouncing Flask","Cloak And Dagger","Die Die Die","Injury","Clumsy","Dodge and Roll","PiercingWail","Crippling Poison+1","Footwork+1","Acrobatics","Caltrops","After Image","Crippling Poison","Prepared","Dagger Throw","Corpse Explosion"],"relics":["Ring of the Snake","Golden Idol","Bag of Marbles","Pantograph","Strawberry","Letter Opener","Ornamental Fan","Calling Bell","Snake Skull","Shuriken","Calipers","DollysMirror","FaceOfCleric","Turnip","Oddly Smooth Stone","PreservedInsect"],"potions_floor_usage":[13,13,19,24,28,29],"damage_taken":[{"damage":0,"enemies":"Jaw Worm","floor":1,"turns":3},{"damage":0,"enemies":"Small Slimes","floor":3,"turns":3},{"damage":39,"enemies":"Lagavulin","floor":6,"turns":10},{"damage":0,"enemies":"Cultist","floor":7,"turns":3},{"damage":0,"enemies":"Exordium Thugs","floor":12,"turns":3},{"damage":18,"enemies":"3 Sentries","floor":13,"turns":6},{"damage":2,"enemies":"Exordium Wildlife","floor":14,"turns":3},{"damage":12,"enemies":"Hexaghost","floor":16,"turns":9},{"damage":2,"enemies":"2 Thieves","floor":18,"turns":4},{"damage":0,"enemies":"Spheric Guardian","floor":19,"turns":3},{"damage":6,"enemies":"Cultist and Chosen","floor":21,"turns":5},{"damage":21,"enemies":"Book of Stabbing","floor":24,"turns":5},{"damage":13,"enemies":"Snake Plant","floor":25,"turns":4},{"damage":13,"enemies":"Gremlin Leader","floor":28,"turns":5},{"damage":31,"enemies":"Chosen and Byrds","floor":29,"turns":7},{"damage":18,"enemies":"Centurion and Healer","floor":31,"turns":4}],"seed_played":"-3971711849378637334","potions_obtained":[{"floor":1,"key":"Energy Potion"},{"floor":6,"key":"Strength Potion"},{"floor":12,"key":"LiquidBronze"},{"floor":13,"key":"Fruit Juice"},{"floor":18,"key":"SkillPotion"},{"floor":24,"key":"SpeedPotion"},{"floor":25,"key":"SteroidPotion"},{"floor":28,"key":"Dexterity Potion"}],"is_trial":false,"path_per_floor":["M","?","M","?","$","E","M","R","T","R","T","M","E","M","R","B",null,"M","M","$","M","?","R","E","M","T","R","E","M","?","M"],"character_chosen":"THE_SILENT","items_purchased":["Crippling Poison","DollysMirror"],"campfire_rested":1,"item_purchase_floors":[20,20],"current_hp_per_floor":[70,65,65,65,65,26,26,26,33,33,33,33,20,18,18,31,77,75,75,75,69,69,69,49,37,37,60,48,18,18,0],"gold":218,"neow_bonus":"TRANSFORM_CARD","is_prod":false,"is_daily":false,"chose_seed":false,"campfire_upgraded":4,"win_rate":0,"timestamp":1551617576,"path_taken":["M","?","M","?","$","E","M","R","T","R","?","M","E","?","R","BOSS","M","M","$","M","?","R","E","?","T","R","E","M","?","M"],"build_version":"2019-01-23","purchased_purges":2,"victory":false,"max_hp_per_floor":[70,65,65,65,65,65,65,65,72,72,72,72,77,77,77,77,77,77,77,77,77,77,77,78,79,79,79,80,81,81,81],"card_choices":[{"not_picked":["Infinite Blades","Distraction"],"picked":"Dagger Spray","floor":1},{"not_picked":["Finisher","Dagger Throw"],"picked":"Footwork","floor":3},{"not_picked":["Sucker Punch","Outmaneuver"],"picked":"Infinite Blades","floor":6},{"not_picked":["Deflect","Slice","Setup"],"picked":"SKIP","floor":7},{"not_picked":["Bane","Doppelganger"],"picked":"Bouncing Flask","floor":12},{"not_picked":["Expertise","Poisoned Stab"],"picked":"Cloak And Dagger","floor":13},{"not_picked":["Skewer","Concentrate","Endless Agony"],"picked":"SKIP","floor":14},{"not_picked":["Burst","Unload"],"picked":"Die Die Die","floor":16},{"not_picked":["Flying Knee","Quick Slash"],"picked":"Dodge and Roll","floor":18},{"not_picked":["Cloak And Dagger","Concentrate"],"picked":"PiercingWail","floor":19},{"not_picked":["Dagger Throw","Flying Knee"],"picked":"Acrobatics","floor":21},{"not_picked":["Quick Slash","Flying Knee"],"picked":"Caltrops","floor":24},{"not_picked":["Terror","Outmaneuver+1"],"picked":"After Image","floor":25},{"not_picked":["Deflect","Outmaneuver+1"],"picked":"Crippling Poison","floor":28},{"not_picked":["Finisher","Dagger Spray"],"picked":"Prepared","floor":29}],"player_experience":175127,"relics_obtained":[{"floor":6,"key":"Pantograph"},{"floor":9,"key":"Strawberry"},{"floor":11,"key":"Letter Opener"},{"floor":13,"key":"Ornamental Fan"},{"floor":17,"key":"Snake Skull"},{"floor":17,"key":"Shuriken"},{"floor":17,"key":"Calipers"},{"floor":24,"key":"Turnip"},{"floor":26,"key":"Oddly Smooth Stone"},{"floor":28,"key":"PreservedInsect"}],"event_choices":[{"damage_healed":0,"gold_gain":0,"player_choice":"Lose Max HP","damage_taken":0,"relics_obtained":["Golden Idol"],"max_hp_gain":0,"max_hp_loss":5,"event_name":"Golden Idol","floor":2,"gold_loss":0},{"damage_healed":0,"gold_gain":0,"player_choice":"Box","damage_taken":0,"relics_obtained":["Bag of Marbles"],"max_hp_gain":0,"max_hp_loss":0,"event_name":"Big Fish","floor":4,"gold_loss":0,"cards_obtained":["Regret"]},{"damage_healed":0,"gold_gain":0,"player_choice":"Trade","damage_taken":0,"relics_obtained":["FaceOfCleric"],"max_hp_gain":0,"max_hp_loss":0,"event_name":"FaceTrader","floor":22,"gold_loss":0},{"damage_healed":0,"gold_gain":0,"cards_transformed":["Strike_G","Strike_G"],"player_choice":"Became Test Subject","damage_taken":0,"max_hp_gain":0,"max_hp_loss":0,"event_name":"Drug Dealer","floor":30,"gold_loss":0,"cards_obtained":["Dagger Throw","Corpse Explosion"]}],"is_beta":false,"boss_relics":[{"not_picked":["Lizard Tail","Snecko Eye"],"picked":"Calling Bell"}],"items_purged_floors":[5,20],"is_endless":false,"potions_floor_spawned":[1,6,12,13,18,24,25,28],"killed_by":"Centurion and Healer","ascension_level":4}