{"gold_per_floor":[113,163,180,145,145,173,173,173,199,214,225,245,53,70,70,145,145,159,184,109,98,113,113,148,159,212,212,246,246,296,311,311,385,385,401,420,420,432,443,778,778,806,833,867,366,366,391,410,410,410,410,410,79,108,108],"floor_reached":56,"playtime":3455,"items_purged":["Strike_G"],"score":2237,"play_id":"2b22af91-1a1b-442f-8425-7d355758c23b","local_time":"20190211114538","is_ascension_mode":true,"campfire_choices":[{"data":"Noxious Fumes","floor":7,"key":"SMITH"},{"floor":15,"key":"REST"},{"floor":23,"key":"REST"},{"data":"Wraith Form v2","floor":27,"key":"SMITH"},{"floor":29,"key":"REST"},{"floor":32,"key":"REST"},{"data":"Footwork","floor":46,"key":"SMITH"},{"floor":49,"key":"RECALL"},{"data":"After Image","floor":52,"key":"SMITH"}],"neow_cost":"NONE","seed_source_timestamp":146535453441614,"circlet_count":0,"master_deck":["AscendersBane","Defend_G","Defend_G","Defend_G","Defend_G","Defend_G","Strike_G","Strike_G","Strike_G","Survivor","Neutralize+1","Noxious Fumes+1","Backflip","Deadly Poison","Poisoned Stab","Dagger Spray","Noxious Fumes","Wraith Form v2+1","Slice+1","Footwork+1","Skewer+1","Infinite Blades+1","After Image+1","Deflect","Backflip+1","Wraith Form v2+1","Predator","Predator","Dodge and Roll","Caltrops"],"relics":["Ring of the Snake","Ancient Tea Set","Nunchaku","Anchor","OrangePellets","Sozu","Red Mask","Letter Opener","Dead Branch","Busted Crown","Old Coin","Potion Belt","Juzu Bracelet","Question Card","Lee\u0027s Waffle","Bag of Marbles","Bag of Preparation","Kunai","Strawberry"],"potions_floor_usage":[19,55],"damage_taken":[{"damage":3,"enemies":"Jaw Worm","floor":1,"turns":5},{"damage":5,"enemies":"Cultist","floor":3,"turns":6},{"damage":33,"enemies":"Lagavulin","floor":6,"turns":11},{"damage":4,"enemies":"Small Slimes","floor":10,"turns":4},{"damage":9,"enemies":"Blue Slaver","floor":11,"turns":3},{"damage":0,"enemies":"3 Louse","floor":12,"turns":2},{"damage":2,"enemies":"2 Fungi Beasts","floor":14,"turns":4},{"damage":13,"enemies":"Slime Boss","floor":16,"turns":8},{"damage":17,"enemies":"Spheric Guardian","floor":18,"turns":6},{"damage":14,"enemies":"Masked Bandits","floor":19,"turns":6},{"damage":0,"enemies":"2 Thieves","floor":21,"turns":4},{"damage":0,"enemies":"Centurion and Healer","floor":22,"turns":6},{"damage":0,"enemies":"Gremlin Leader","floor":24,"turns":6},{"damage":0,"enemies":"Snecko","floor":25,"turns":4},{"damage":29,"enemies":"Book of Stabbing","floor":28,"turns":6},{"damage":0,"enemies":"Sentry and Sphere","floor":31,"turns":5},{"damage":36,"enemies":"Automaton","floor":33,"turns":11},{"damage":2,"enemies":"3 Shapes","floor":35,"turns":5},{"damage":0,"enemies":"Orb Walker","floor":36,"turns":4},{"damage":0,"enemies":"Maw","floor":38,"turns":7},{"damage":6,"enemies":"Transient","floor":39,"turns":5},{"damage":25,"enemies":"Nemesis","floor":40,"turns":11},{"damage":0,"enemies":"Reptomancer","floor":42,"turns":7},{"damage":0,"enemies":"Nemesis","floor":44,"turns":9},{"damage":0,"enemies":"Giant Head","floor":47,"turns":9},{"damage":0,"enemies":"4 Shapes","floor":48,"turns":4},{"damage":36,"enemies":"Time Eater","floor":50,"turns":15},{"damage":0,"enemies":"Shield and Spear","floor":54,"turns":8},{"damage":59,"enemies":"The Heart","floor":55,"turns":13}],"seed_played":"7215542185960705341","potions_obtained":[{"floor":1,"key":"GamblersBrew"},{"floor":10,"key":"GhostInAJar"},{"floor":11,"key":"Weak Potion"}],"is_trial":false,"path_per_floor":["M","?","M","?","?","E","R","?","T","M","M","M","$","M","R","B",null,"M","?","?","M","M","R","E","M","T","R","E","R","?","M","R","B",null,"M","M","?","M","M","E","?","E","T","E","$","R","E","M","R","B",null,"R","$","E","B",null],"character_chosen":"THE_SILENT","items_purchased":["OrangePellets","Lee\u0027s Waffle","Bag of Marbles","Predator","Kunai","Dodge and Roll","Caltrops"],"campfire_rested":4,"item_purchase_floors":[13,45,45,45,53,53,53],"current_hp_per_floor":[56,56,51,66,66,33,33,33,33,29,20,20,20,18,37,24,56,39,25,25,25,25,44,44,44,44,44,15,34,34,34,53,17,54,52,52,52,52,46,21,21,21,21,21,73,73,73,73,73,37,64,64,64,71,12],"gold":108,"neow_bonus":"RANDOM_COMMON_RELIC","is_prod":false,"is_daily":false,"chose_seed":false,"campfire_upgraded":4,"win_rate":0,"timestamp":1549903538,"path_taken":["M","?","?","?","?","E","R","?","T","M","M","M","$","M","R","BOSS","M","?","?","M","M","R","E","M","T","R","E","R","?","M","R","BOSS","M","M","?","M","M","E","?","E","T","E","$","R","E","M","R","BOSS","R","$","E","BOSS"],"build_version":"2019-02-06","purchased_purges":1,"victory":true,"max_hp_per_floor":[66,66,66,66,66,66,66,66,66,66,66,66,66,66,66,66,66,66,66,66,66,66,66,66,66,66,66,66,66,66,66,66,66,66,66,66,66,66,66,66,66,66,66,66,73,73,73,73,73,73,73,73,73,80,80],"card_choices":[{"not_picked":["PiercingWail","Blur"],"picked":"Noxious Fumes","floor":1},{"not_picked":["Acrobatics","Deflect"],"picked":"Backflip","floor":3},{"not_picked":["Reflex","Dagger Throw"],"picked":"Deadly Poison","floor":6},{"not_picked":["Heel Hook","Blade Dance"],"picked":"Poisoned Stab","floor":10},{"not_picked":["Tactician","Prepared","Underhanded Strike"],"picked":"SKIP","floor":11},{"not_picked":["Deadly Poison","Deflect"],"picked":"Dagger Spray","floor":12},{"not_picked":["Burst","Deadly Poison"],"picked":"Noxious Fumes","floor":14},{"not_picked":["Venomology","Doppelganger"],"picked":"Wraith Form v2","floor":16},{"not_picked":["Sucker Punch","Skewer"],"picked":"Expertise+1","floor":18},{"not_picked":["Blur","Predator"],"picked":"Slice+1","floor":19},{"not_picked":["Choke","Calculated Gamble"],"picked":"Footwork","floor":21},{"not_picked":["Dodge and Roll","Slice"],"picked":"Skewer+1","floor":22},{"not_picked":["Flechettes","Heel Hook","Blade Dance"],"picked":"SKIP","floor":24},{"not_picked":["Prepared","Dagger Spray","Flechettes"],"picked":"SKIP","floor":25},{"not_picked":["Caltrops+1","Acrobatics+1"],"picked":"Infinite Blades+1","floor":28},{"not_picked":["Flying Knee","Concentrate","Escape Plan"],"picked":"SKIP","floor":31},{"not_picked":["Unload","Doppelganger"],"picked":"After Image","floor":33},{"not_picked":["Setup"],"picked":"SKIP","floor":35},{"not_picked":["Outmaneuver"],"picked":"SKIP","floor":36},{"not_picked":[],"picked":"Deflect","floor":38},{"not_picked":["Eviscerate"],"picked":"SKIP","floor":39},{"not_picked":[],"picked":"Backflip+1","floor":40},{"not_picked":["Glass Knife"],"picked":"SKIP","floor":42},{"not_picked":["Prepared+1"],"picked":"SKIP","floor":44},{"not_picked":["Finisher"],"picked":"Predator","floor":47},{"not_picked":["Blade Dance","Endless Agony"],"picked":"SKIP","floor":48},{"not_picked":["Prepared","Outmaneuver+1"],"picked":"SKIP","floor":54}],"player_experience":723335,"relics_obtained":[{"floor":6,"key":"Nunchaku"},{"floor":9,"key":"Anchor"},{"floor":19,"key":"Red Mask"},{"floor":24,"key":"Letter Opener"},{"floor":28,"key":"Dead Branch"},{"floor":40,"key":"Old Coin"},{"floor":42,"key":"Potion Belt"},{"floor":43,"key":"Juzu Bracelet"},{"floor":44,"key":"Question Card"},{"floor":47,"key":"Bag of Preparation"},{"floor":54,"key":"Strawberry"}],"event_choices":[{"damage_healed":0,"gold_gain":50,"player_choice":"Pray","damage_taken":0,"max_hp_gain":0,"max_hp_loss":0,"event_name":"Golden Shrine","floor":2,"gold_loss":0},{"damage_healed":16,"gold_gain":0,"player_choice":"Healed","damage_taken":0,"max_hp_gain":0,"max_hp_loss":0,"event_name":"The Cleric","floor":4,"gold_loss":35},{"damage_healed":0,"gold_gain":0,"player_choice":"Ignored","damage_taken":0,"max_hp_gain":0,"max_hp_loss":0,"event_name":"Liars Game","floor":5,"gold_loss":0},{"damage_healed":0,"gold_gain":0,"player_choice":"Grow","damage_taken":0,"max_hp_gain":0,"max_hp_loss":0,"event_name":"Living Wall","floor":8,"gold_loss":0,"cards_upgraded":["Neutralize"]},{"damage_healed":0,"gold_gain":0,"player_choice":"Fought Bandits","damage_taken":0,"max_hp_gain":0,"max_hp_loss":0,"event_name":"Masked Bandits","floor":19,"gold_loss":0},{"cards_removed":["Strike_G"],"damage_healed":0,"gold_gain":0,"player_choice":"Gave Gold","damage_taken":0,"max_hp_gain":0,"max_hp_loss":0,"event_name":"Beggar","floor":20,"gold_loss":75},{"damage_healed":0,"gold_gain":50,"player_choice":"Stole From Cult","damage_taken":0,"max_hp_gain":0,"max_hp_loss":0,"event_name":"Nest","floor":30,"gold_loss":0},{"cards_removed":["Expertise"],"damage_healed":0,"gold_gain":0,"player_choice":"Removed Skill","damage_taken":0,"max_hp_gain":0,"max_hp_loss":0,"event_name":"Falling","floor":37,"gold_loss":0},{"damage_healed":0,"gold_gain":0,"player_choice":"Copied","damage_taken":0,"max_hp_gain":0,"max_hp_loss":0,"event_name":"Duplicator","floor":41,"gold_loss":0,"cards_obtained":["Wraith Form v2"]}],"is_beta":true,"boss_relics":[{"not_picked":["Philosopher\u0027s Stone","Coffee Dripper"],"picked":"Sozu"},{"not_picked":["Astrolabe","Black Star"],"picked":"Busted Crown"}],"items_purged_floors":[45],"is_endless":false,"potions_floor_spawned":[1,10,11,14,24,28,31,33,35,39,48],"ascension_level":15}