{"gold_per_floor":[119,138,138,156,169,169,185,185,185,219,239,239,270,345,345,421,421,440,456,456,475,492,522,116,166,166,166,194,207,221,232,232,308,308,321,336,346,346,363,363,373,373,399,100,110,210,255,287,287,287,287,287,45,77,77],"floor_reached":55,"playtime":3079,"items_purged":["Strike_B+1"],"score":1274,"play_id":"896956d0-b1bb-4c11-99ef-0d81c2528ab2","local_time":"20190411232455","is_ascension_mode":true,"campfire_choices":[{"data":"Fission","floor":6.0,"key":"SMITH"},{"data":"Zap","floor":8.0,"key":"SMITH"},{"data":"Capacitor","floor":15.0,"key":"SMITH"},{"data":"Seek","floor":27.0,"key":"SMITH"},{"data":"Loop","floor":32.0,"key":"SMITH"},{"floor":40.0,"key":"RECALL"},{"data":"Static Discharge","floor":42.0,"key":"SMITH"},{"floor":49.0,"key":"REST"},{"data":"Heatsinks","floor":52.0,"key":"SMITH"}],"neow_cost":"NONE","seed_source_timestamp":330748040331569,"circlet_count":0,"master_deck":["AscendersBane","Strike_B+1","Strike_B+1","Defend_B+1","Defend_B+1","Defend_B+1","Defend_B+1","Zap+1","Dualcast","Compile Driver","Beam Cell","Fission+1","Self Repair","Undo","Leap","Static Discharge+1","Capacitor+1","Electrodynamics","All For One","Ball Lightning","Chill+1","Gash+1","Seek+1","Echo Form","BootSequence","Loop+1","Core Surge","Compile Driver+1","Heatsinks+1","Cold Snap+1","Coolheaded","Barrage"],"special_seed":0,"relics":["Cracked Core","Strawberry","Pear","Incense Burner","Mercury Hourglass","Inserter","Gremlin Horn","Mummified Hand","Shuriken","Busted Crown","Bag of Marbles","Bronze Scales","Gambling Chip","Calipers","Blue Candle","ClockworkSouvenir","Sundial"],"potions_floor_usage":[55,55],"damage_taken":[{"damage":6.0,"enemies":"Jaw Worm","floor":1.0,"turns":4.0},{"damage":0.0,"enemies":"Cultist","floor":2.0,"turns":3.0},{"damage":3.0,"enemies":"2 Louse","floor":4.0,"turns":2.0},{"damage":15.0,"enemies":"Gremlin Gang","floor":5.0,"turns":8.0},{"damage":0.0,"enemies":"Large Slime","floor":7.0,"turns":5.0},{"damage":20.0,"enemies":"Lagavulin","floor":10.0,"turns":10.0},{"damage":0.0,"enemies":"Red Slaver","floor":11.0,"turns":3.0},{"damage":17.0,"enemies":"3 Sentries","floor":13.0,"turns":7.0},{"damage":18.0,"enemies":"The Guardian","floor":16.0,"turns":12.0},{"damage":3.0,"enemies":"3 Byrds","floor":18.0,"turns":2.0},{"damage":0.0,"enemies":"Chosen","floor":19.0,"turns":4.0},{"damage":13.0,"enemies":"3 Cultists","floor":21.0,"turns":5.0},{"damage":12.0,"enemies":"Sentry and Sphere","floor":22.0,"turns":6.0},{"damage":6.0,"enemies":"Book of Stabbing","floor":23.0,"turns":5.0},{"damage":12.0,"enemies":"Slavers","floor":28.0,"turns":2.0},{"damage":4.0,"enemies":"Shelled Parasite and Fungi","floor":29.0,"turns":5.0},{"damage":14.0,"enemies":"Snake Plant","floor":30.0,"turns":4.0},{"damage":0.0,"enemies":"3 Cultists","floor":31.0,"turns":2.0},{"damage":6.0,"enemies":"Collector","floor":33.0,"turns":6.0},{"damage":1.0,"enemies":"Orb Walker","floor":35.0,"turns":4.0},{"damage":0.0,"enemies":"3 Shapes","floor":36.0,"turns":3.0},{"damage":0.0,"enemies":"Sphere and 2 Shapes","floor":37.0,"turns":5.0},{"damage":2.0,"enemies":"Maw","floor":39.0,"turns":8.0},{"damage":0.0,"enemies":"4 Shapes","floor":41.0,"turns":3.0},{"damage":2.0,"enemies":"Sphere and 2 Shapes","floor":45.0,"turns":3.0},{"damage":0.0,"enemies":"Mind Bloom Boss Battle","floor":46.0,"turns":4.0},{"damage":4.0,"enemies":"2 Orb Walkers","floor":47.0,"turns":5.0},{"damage":46.0,"enemies":"Nemesis","floor":48.0,"turns":5.0},{"damage":62.0,"enemies":"Donu and Deca","floor":50.0,"turns":9.0},{"damage":37.0,"enemies":"Shield and Spear","floor":54.0,"turns":6.0},{"damage":42,"enemies":"The Heart","floor":55,"turns":5}],"seed_played":"7566483042996613973","potions_obtained":[{"floor":4.0,"key":"Fire Potion"},{"floor":10.0,"key":"Swift Potion"},{"floor":19.0,"key":"Poison Potion"},{"floor":23.0,"key":"SteroidPotion"},{"floor":28.0,"key":"EntropicBrew"},{"floor":35.0,"key":"SpeedPotion"},{"floor":46.0,"key":"FocusPotion"},{"floor":54.0,"key":"Energy Potion"}],"is_trial":false,"path_per_floor":["M","M","?","M","M","R","M","R","T","E","M","?","E","?","R","B",null,"M","M","?","M","M","E","$","?","T","R","E","M","M","M","R","B",null,"M","M","M","?","M","R","M","R","T","$","M","?","?","E","R","B",null,"R","$","E","B"],"character_chosen":"DEFECT","items_purchased":["Mummified Hand","Seek","Bronze Scales","Heatsinks","ClockworkSouvenir","Coolheaded"],"campfire_rested":1,"item_purchase_floors":[24,24,44,44,53,53],"current_hp_per_floor":[65,65,65,62,54,54,61,61,71,58,65,65,55,44,44,33,74,78,85,85,79,74,75,75,75,75,75,70,73,73,80,80,81,86,88,88,88,88,88,88,88,88,88,88,88,88,88,49,75,20,71,71,71,41,0],"gold":77,"neow_bonus":"RANDOM_COMMON_RELIC","is_prod":false,"is_daily":false,"chose_seed":false,"campfire_upgraded":7,"win_rate":0,"timestamp":1555039495,"path_taken":["M","M","?","M","M","R","M","R","T","E","?","?","E","?","R","BOSS","M","M","?","M","M","E","$","?","T","R","E","M","?","M","R","BOSS","M","M","M","?","M","R","M","R","T","$","?","?","?","E","R","BOSS","R","$","E","BOSS"],"build_version":"2019-04-04","purchased_purges":1,"victory":false,"max_hp_per_floor":[78,78,78,78,78,78,78,78,88,88,88,88,88,88,88,88,88,88,88,88,88,88,88,88,88,88,88,88,88,88,88,88,88,88,88,88,88,88,88,88,88,88,88,88,88,88,88,88,88,88,88,88,88,88,88],"card_choices":[{"not_picked":["Hello World","Rebound"],"picked":"Compile Driver","floor":1.0},{"not_picked":["Barrage","Beam Cell","Turbo"],"picked":"SKIP","floor":2.0},{"not_picked":["Barrage","Turbo"],"picked":"Beam Cell","floor":2.0},{"not_picked":["Reinforced Body","Cold Snap"],"picked":"Self Repair","floor":4.0},{"not_picked":["Scrape","Conserve Battery"],"picked":"Undo","floor":5.0},{"not_picked":["Gash","Redo"],"picked":"Leap","floor":7.0},{"not_picked":["Chaos","Sunder"],"picked":"Static Discharge","floor":10.0},{"not_picked":["Compile Driver","Melter"],"picked":"Capacitor","floor":11.0},{"not_picked":["Redo","Glacier"],"picked":"Electrodynamics","floor":13.0},{"not_picked":["Amplify","Fission"],"picked":"All For One","floor":16.0},{"not_picked":["Compile Driver","Hologram","Stack+1"],"picked":"SKIP","floor":18.0},{"not_picked":["Rip and Tear","Sunder"],"picked":"Ball Lightning","floor":19.0},{"not_picked":["Go for the Eyes","Electrodynamics","Force Field"],"picked":"SKIP","floor":21.0},{"not_picked":["Cold Snap","Barrage"],"picked":"Chill+1","floor":22.0},{"not_picked":["Redo","Leap"],"picked":"Gash+1","floor":23.0},{"not_picked":["FTL","Blizzard"],"picked":"Echo Form","floor":28.0},{"not_picked":["Gash","Redo","Reprogram"],"picked":"SKIP","floor":29.0},{"not_picked":["Hologram","Sweeping Beam"],"picked":"BootSequence","floor":30.0},{"not_picked":["Beam Cell","Streamline"],"picked":"Loop","floor":31.0},{"not_picked":["Seek","Reboot"],"picked":"Core Surge","floor":33.0},{"not_picked":["Ball Lightning"],"picked":"SKIP","floor":35.0},{"not_picked":["Streamline"],"picked":"SKIP","floor":36.0},{"not_picked":["Compile Driver"],"picked":"SKIP","floor":37.0},{"not_picked":[],"picked":"Compile Driver+1","floor":39.0},{"not_picked":["Chill+1"],"picked":"SKIP","floor":41.0},{"not_picked":["Ball Lightning"],"picked":"SKIP","floor":45.0},{"not_picked":[],"picked":"Cold Snap+1","floor":47.0},{"not_picked":["Compile Driver"],"picked":"SKIP","floor":48.0},{"not_picked":[],"picked":"Barrage","floor":54.0}],"player_experience":941161,"relics_obtained":[{"floor":9.0,"key":"Pear"},{"floor":10.0,"key":"Incense Burner"},{"floor":13.0,"key":"Mercury Hourglass"},{"floor":23.0,"key":"Gremlin Horn"},{"floor":28.0,"key":"Shuriken"},{"floor":43.0,"key":"Bag of Marbles"},{"floor":46.0,"key":"Gambling Chip"},{"floor":47.0,"key":"Calipers"},{"floor":48.0,"key":"Blue Candle"},{"floor":54.0,"key":"Sundial"}],"event_choices":[{"damage_healed":0.0,"max_hp_gain":0.0,"max_hp_loss":0.0,"gold_gain":0.0,"cards_transformed":["Strike_B"],"event_name":"Transmorgrifier","player_choice":"Transformed","floor":3.0,"gold_loss":0.0,"damage_taken":0.0,"cards_obtained":["Fission"]},{"damage_healed":0.0,"max_hp_gain":0.0,"max_hp_loss":0.0,"gold_gain":0.0,"event_name":"Liars Game","player_choice":"Ignored","floor":12.0,"gold_loss":0.0,"damage_taken":0.0},{"damage_healed":0.0,"max_hp_gain":0.0,"max_hp_loss":0.0,"gold_gain":75.0,"event_name":"World of Goop","player_choice":"Gather Gold","floor":14.0,"gold_loss":0.0,"damage_taken":11.0},{"damage_healed":0.0,"max_hp_gain":0.0,"max_hp_loss":0.0,"gold_gain":0.0,"event_name":"Back to Basics","player_choice":"Simplicity","floor":20.0,"gold_loss":0.0,"damage_taken":0.0,"cards_upgraded":["Strike_B","Strike_B","Strike_B","Defend_B","Defend_B","Defend_B","Defend_B"]},{"damage_healed":0.0,"max_hp_gain":0.0,"max_hp_loss":0.0,"gold_gain":50.0,"event_name":"Golden Shrine","player_choice":"Pray","floor":25.0,"gold_loss":0.0,"damage_taken":0.0},{"damage_healed":0.0,"max_hp_gain":0.0,"max_hp_loss":0.0,"gold_gain":0.0,"event_name":"Lab","player_choice":"Got Potions","floor":38.0,"gold_loss":0.0,"damage_taken":0.0},{"damage_healed":0.0,"max_hp_gain":0.0,"max_hp_loss":0.0,"gold_gain":0.0,"event_name":"MindBloom","player_choice":"Fight","floor":46.0,"gold_loss":0.0,"damage_taken":0.0},{"damage_healed":0.0,"max_hp_gain":0.0,"max_hp_loss":0.0,"gold_gain":0.0,"event_name":"Mysterious Sphere","player_choice":"Fight","floor":47.0,"gold_loss":0.0,"damage_taken":0.0}],"is_beta":true,"boss_relics":[{"not_picked":["Fusion Hammer","Calling Bell"],"picked":"Inserter"},{"not_picked":["Pandora\u0027s Box","Coffee Dripper"],"picked":"Busted Crown"}],"items_purged_floors":[44],"is_endless":false,"potions_floor_spawned":[4,10,11,19,23,28,30,35,39,41,46,47,48,54],"killed_by":"The Heart","ascension_level":15}