{"gold_per_floor":[118,134,134,84,57,57,86,96,119,119,44,57,68,86,86,86],"floor_reached":16,"playtime":657,"items_purged":["Strike_G"],"score":92,"play_id":"b871529b-d610-4b66-b559-ef78954e2d50","local_time":"20190128180428","is_ascension_mode":false,"campfire_choices":[{"data":"Neutralize","floor":6,"key":"SMITH"},{"floor":10,"key":"REST"},{"data":"Footwork","floor":15,"key":"SMITH"}],"neow_cost":"NONE","seed_source_timestamp":435139385325619,"circlet_count":0,"master_deck":["Defend_G","Defend_G","Defend_G","Defend_G","Strike_G","Strike_G","Strike_G","Strike_G","Survivor","Neutralize+1","Backstab","Terror","Sucker Punch","Expertise","Burst","Footwork+1"],"relics":["Ring of the Snake","Odd Mushroom"],"potions_floor_usage":[16,16],"damage_taken":[{"damage":2,"enemies":"Small Slimes","floor":1,"turns":4},{"damage":0,"enemies":"2 Louse","floor":2,"turns":1},{"damage":23,"enemies":"The Mushroom Lair","floor":7,"turns":4},{"damage":0,"enemies":"Jaw Worm","floor":8,"turns":2},{"damage":0,"enemies":"3 Louse","floor":12,"turns":3},{"damage":6,"enemies":"Lots of Slimes","floor":13,"turns":6},{"damage":0,"enemies":"Red Slaver","floor":14,"turns":3},{"damage":69,"enemies":"Hexaghost","floor":16,"turns":16}],"seed_played":"-657073441999760658","potions_obtained":[{"floor":1,"key":"SkillPotion"},{"floor":2,"key":"GhostInAJar"},{"floor":8,"key":"Strength Potion"}],"is_trial":false,"path_per_floor":["M","M","?","?","$","R","?","M","T","R","$","M","M","M","R","B"],"character_chosen":"THE_SILENT","items_purchased":["Sucker Punch"],"campfire_rested":1,"item_purchase_floors":[5],"current_hp_per_floor":[75,75,75,75,75,75,52,52,52,75,75,75,69,69,69,0],"gold":86,"neow_bonus":"TEN_PERCENT_HP_BONUS","is_prod":false,"is_daily":false,"chose_seed":false,"campfire_upgraded":2,"win_rate":0,"timestamp":1548716668,"path_taken":["M","M","?","?","$","R","?","M","T","R","$","?","M","M","R","BOSS"],"build_version":"2019-01-23","purchased_purges":1,"victory":false,"max_hp_per_floor":[77,77,77,77,77,77,77,77,77,77,77,77,77,77,77,77],"card_choices":[{"not_picked":["Caltrops","Blade Dance"],"picked":"Backstab","floor":1},{"not_picked":["Dagger Spray","Dodge and Roll"],"picked":"Terror","floor":2},{"not_picked":["Prepared","Flying Knee"],"picked":"Expertise","floor":7},{"not_picked":["Leg Sweep","Quick Slash"],"picked":"Burst","floor":8},{"not_picked":["Slice","Flying Knee","Deadly Poison"],"picked":"SKIP","floor":12},{"not_picked":["Dagger Throw","Tactician","Blade Dance"],"picked":"SKIP","floor":13},{"not_picked":["Wraith Form v2","Prepared"],"picked":"Footwork","floor":14}],"player_experience":175398,"relics_obtained":[{"floor":7,"key":"Odd Mushroom"}],"event_choices":[{"damage_healed":0,"gold_gain":0,"player_choice":"Ignored","damage_taken":0,"max_hp_gain":0,"max_hp_loss":0,"event_name":"Liars Game","floor":3,"gold_loss":0},{"cards_removed":["Defend_G"],"damage_healed":0,"gold_gain":0,"player_choice":"Card Removal","damage_taken":0,"max_hp_gain":0,"max_hp_loss":0,"event_name":"The Cleric","floor":4,"gold_loss":50},{"damage_healed":0,"gold_gain":0,"player_choice":"Fought Mushrooms","damage_taken":0,"max_hp_gain":0,"max_hp_loss":0,"event_name":"Mushrooms","floor":7,"gold_loss":0}],"is_beta":false,"boss_relics":[],"items_purged_floors":[11],"is_endless":false,"potions_floor_spawned":[1,2,8,12],"killed_by":"Hexaghost","ascension_level":0}