{"path_per_floor":["M","M","?","?","$","E","R","$","T","M","T","M","M","M","R"],"character_chosen":"DEFECT","items_purchased":["Unceasing Top","Turbo"],"gold_per_floor":[366,384,384,384,21,55,55,6,6,24,75,58,74,90,90,90],"floor_reached":16,"campfire_rested":1,"playtime":474,"current_hp_per_floor":[32,32,55,55,55,39,39,39,39,39,39,17,22,29,50,0],"items_purged":["Normality"],"gold":90,"score":173,"play_id":"19ab7a72-1d3f-4a36-8308-7292dc96d39a","local_time":"20180513223815","is_prod":false,"is_daily":false,"chose_seed":false,"is_ascension_mode":true,"campfire_upgraded":1,"timestamp":1526222295,"path_taken":["M","M","?","?","$","E","R","$","T","M","?","?","M","M","R","BOSS"],"build_version":"2018-05-12v2","seed_source_timestamp":296001159472654,"purchased_purges":1,"victory":false,"master_deck":["Strike_B","Strike_B","Strike_B","Strike_B","Defend_B","Defend_B","Defend_B+1","Defend_B","Zap+1","Dualcast","AscendersBane","Cold Snap","Leap","Heatsinks","Turbo+1","Reprogram","Self Repair","White Noise","Streamline"],"max_hp_per_floor":[71,71,71,71,71,71,71,71,71,71,71,71,71,71,71,71],"relics":["Cracked Core","Torii","Unceasing Top","Toolbox","Shovel","War Paint"],"card_choices":[{"not_picked":["Leap","Coolheaded"],"picked":"Cold Snap","floor":1.0},{"not_picked":["Axe Kick","Sweeping Beam"],"picked":"Leap","floor":2.0},{"not_picked":["Cold Snap","Doom and Gloom"],"picked":"Heatsinks","floor":6.0},{"not_picked":["Steam","Genetic Algorithm"],"picked":"Reprogram","floor":10.0},{"not_picked":["Axe Kick","Fission"],"picked":"Self Repair","floor":12.0},{"not_picked":["Cold Snap","Auto Shields"],"picked":"White Noise","floor":13.0},{"not_picked":["Turbo","Hologram"],"picked":"Streamline","floor":14.0}],"player_experience":982676,"potions_floor_usage":[],"damage_taken":[{"damage":0.0,"enemies":"Small Slimes","floor":1.0,"turns":4.0},{"damage":0.0,"enemies":"2 Louse","floor":2.0,"turns":2.0},{"damage":16.0,"enemies":"3 Sentries","floor":6.0,"turns":9.0},{"damage":0.0,"enemies":"Cultist","floor":10.0,"turns":3.0},{"damage":22.0,"enemies":"Exordium Thugs","floor":12.0,"turns":5.0},{"damage":2.0,"enemies":"Blue Slaver","floor":13.0,"turns":5.0},{"damage":0.0,"enemies":"Looter","floor":14.0,"turns":3.0},{"damage":50,"enemies":"Hexaghost","floor":16,"turns":11}],"event_choices":[{"event_name":"Big Fish","player_choice":"Banana","floor":3.0,"damage_taken":0.0},{"event_name":"Accursed Blacksmith","player_choice":"Rummage","floor":4.0,"damage_taken":0.0}],"boss_relics":[],"potions_floor_spawned":[6,12],"seed_played":"-5872536365313021034","killed_by":"Hexaghost","ascension_level":14,"is_trial":false}