{"gold_per_floor":[113,113,131,142,159,159,186,186,213,245,265,20,38,70,70,165,165,184,184,194,211,229,229],"floor_reached":23,"playtime":1141,"items_purged":[],"score":269,"play_id":"61101593-4fab-4c40-bd3a-b10697b68f13","local_time":"20180725204518","is_ascension_mode":true,"campfire_choices":[{"data":"Zap","floor":6,"key":"SMITH"},{"data":"Ball Lightning","floor":8,"key":"SMITH"},{"data":"Creative AI","floor":15,"key":"SMITH"}],"neow_cost":"NONE","seed_source_timestamp":40548640260935,"circlet_count":0,"master_deck":["Strike_B","Strike_B","Strike_B","Strike_B","Defend_B","Defend_B+1","Defend_B+1","Defend_B","Zap+1","Dualcast","Ball Lightning+1","Hologram","Reinforced Body","Go for the Eyes","Cold Snap","Undo","Coolheaded","Electrodynamics","Creative AI+1","Meteor Strike","Compile Driver+1","Leap","Hologram"],"relics":["Cracked Core","Dream Catcher","DataDisk","War Paint","Runic Capacitor","Torii","Cursed Key"],"potions_floor_usage":[10,18,21,23],"damage_taken":[{"damage":1,"enemies":"Cultist","floor":1,"turns":3},{"damage":2,"enemies":"Jaw Worm","floor":3,"turns":2},{"damage":2,"enemies":"2 Louse","floor":4,"turns":2},{"damage":0,"enemies":"Red Slaver","floor":5,"turns":3},{"damage":20,"enemies":"Gremlin Nob","floor":7,"turns":4},{"damage":15,"enemies":"Lagavulin","floor":10,"turns":5},{"damage":5,"enemies":"Blue Slaver","floor":11,"turns":3},{"damage":0,"enemies":"3 Louse","floor":13,"turns":2},{"damage":7,"enemies":"3 Sentries","floor":14,"turns":4},{"damage":1,"enemies":"Hexaghost","floor":16,"turns":8},{"damage":14,"enemies":"2 Thieves","floor":18,"turns":4},{"damage":3,"enemies":"3 Byrds","floor":20,"turns":4},{"damage":13,"enemies":"Snake Plant","floor":21,"turns":4},{"damage":0,"enemies":"Chosen and Byrds","floor":22,"turns":4},{"damage":40,"enemies":"Gremlin Leader","floor":23,"turns":5}],"seed_played":"1970198462231383535","potions_obtained":[{"floor":3,"key":"SkillPotion"},{"floor":5,"key":"GamblersBrew"},{"floor":7,"key":"Dexterity Potion"},{"floor":10,"key":"Weak Potion"},{"floor":16,"key":"Dexterity Potion"},{"floor":21,"key":"Strength Potion"}],"is_trial":false,"path_per_floor":["M","$","M","M","M","R","E","R","T","E","M","$","M","E","R","B",null,"M","?","M","M","M"],"character_chosen":"DEFECT","items_purchased":["Runic Capacitor","Coolheaded"],"campfire_rested":0,"item_purchase_floors":[12,12],"current_hp_per_floor":[81,81,79,77,77,77,57,57,57,42,37,37,37,30,30,29,69,55,55,52,39,39,0],"gold":229,"neow_bonus":"TEN_PERCENT_HP_BONUS","is_prod":false,"is_daily":false,"chose_seed":false,"campfire_upgraded":3,"win_rate":0,"timestamp":1532531718,"path_taken":["M","?","M","M","M","R","E","R","T","E","?","$","M","E","R","BOSS","M","?","M","M","M","E"],"build_version":"2018-07-24","purchased_purges":0,"victory":false,"max_hp_per_floor":[82,82,82,82,82,82,82,82,82,82,82,82,82,82,82,82,82,82,82,82,82,82,82],"card_choices":[{"not_picked":["Sweeping Beam","Compile Driver"],"picked":"Ball Lightning","floor":1},{"not_picked":["Beam Cell","Multi-Cast"],"picked":"Hologram","floor":3},{"not_picked":["Melter","Steam"],"picked":"Reinforced Body","floor":4},{"not_picked":["Streamline","Blizzard"],"picked":"Go for the Eyes","floor":5},{"not_picked":["Recycle","Beam Cell","Ball Lightning"],"picked":"SKIP","floor":7},{"not_picked":["Tempest","Gash"],"picked":"Cold Snap","floor":10},{"not_picked":["Go for the Eyes","Blizzard"],"picked":"Undo","floor":11},{"not_picked":["Steam","Hologram"],"picked":"Electrodynamics","floor":13},{"not_picked":["Steam Power","BootSequence"],"picked":"Creative AI","floor":14},{"not_picked":["Amplify","Machine Learning"],"picked":"Meteor Strike","floor":16},{"not_picked":["Ball Lightning","Barrage"],"picked":"Compile Driver+1","floor":18},{"not_picked":["Scrape","Barrage","Go for the Eyes+1"],"picked":"SKIP","floor":20},{"not_picked":["White Noise","Barrage"],"picked":"Leap","floor":21},{"not_picked":["Gash","Reprogram"],"picked":"Hologram","floor":22}],"player_experience":334988,"relics_obtained":[{"floor":7,"key":"Dream Catcher"},{"floor":9,"key":"DataDisk"},{"floor":10,"key":"War Paint"},{"floor":14,"key":"Torii"}],"event_choices":[{"event_name":"N\u0027loth","player_choice":"Ignored","floor":19,"damage_taken":0}],"is_beta":true,"boss_relics":[{"not_picked":["Eternal Feather","Busted Crown"],"picked":"Cursed Key"}],"items_purged_floors":[],"is_endless":false,"potions_floor_spawned":[3,5,7,10,13,16,21],"killed_by":"Gremlin Leader","ascension_level":5}