{"gold_per_floor":[111,111,128,128,76,76,105,116,116,126,126,171,20,40,40,137,137,149,161,175,175,175,175],"floor_reached":23,"playtime":1897,"items_purged":[],"score":191,"play_id":"d046d30f-6a21-4119-96c4-4416f2a10cf2","local_time":"20181228153725","is_ascension_mode":false,"campfire_choices":[{"data":"Anger","floor":6.0,"key":"SMITH"},{"data":"Apotheosis","floor":15.0,"key":"SMITH"}],"neow_cost":"","seed_source_timestamp":0,"circlet_count":0,"master_deck":["Strike_R","Strike_R","Strike_R","Defend_R","Defend_R","Defend_R","Defend_R","Bash","Anger","Combust","Anger+1","Dropkick","Clothesline","Thunderclap","Apotheosis+1","Pommel Strike","Barricade","Headbutt"],"special_seed":0,"relics":["Burning Blood","Meat on the Bone","Bag of Preparation","Pantograph","MawBank","Busted Crown"],"potions_floor_usage":[],"damage_taken":[{"damage":0.0,"enemies":"2 Louse","floor":1.0,"turns":4.0},{"damage":0.0,"enemies":"Small Slimes","floor":3.0,"turns":3.0},{"damage":21.0,"enemies":"3 Sentries","floor":7.0,"turns":5.0},{"damage":3.0,"enemies":"Jaw Worm","floor":8.0,"turns":2.0},{"damage":12.0,"enemies":"Looter","floor":10.0,"turns":3.0},{"damage":5.0,"enemies":"Red Slaver","floor":14.0,"turns":3.0},{"damage":59.0,"enemies":"The Guardian","floor":16.0,"turns":7.0},{"damage":7,"enemies":"3 Byrds","floor":18,"turns":5},{"damage":35,"enemies":"2 Thieves","floor":19,"turns":4},{"damage":40,"enemies":"Snake Plant","floor":20,"turns":5},{"damage":28,"enemies":"Slavers","floor":23,"turns":3}],"seed_played":"4193182059516269114","potions_obtained":[{"floor":3.0,"key":"Swift Potion"}],"is_trial":false,"path_per_floor":["M","?","M","?","$","R","E","M","T","M","?","T","$","M","R","B",null,"M","M","M","?","$","E"],"character_chosen":"IRONCLAD","items_purchased":["Anger","Apotheosis"],"campfire_rested":0,"item_purchase_floors":[5,13],"current_hp_per_floor":[80,73,79,79,79,79,64,67,67,61,54,54,54,55,55,39,80,79,50,28,28,28,0],"gold":175,"neow_bonus":"","is_prod":false,"is_daily":false,"chose_seed":false,"campfire_upgraded":2,"win_rate":0.0,"timestamp":1546007845,"path_taken":["M","?","M","?","$","R","E","M","T","M","?","?","?","?","R","BOSS","M","M","M","?","$","E"],"build_version":"2018-12-20","purchased_purges":0,"victory":false,"max_hp_per_floor":[80,80,80,80,80,80,80,80,80,80,80,80,80,80,80,80,80,80,80,80,80,80,80],"card_choices":[{"not_picked":["Shockwave","Cleave"],"picked":"Anger","floor":1.0},{"not_picked":["Uppercut","Anger"],"picked":"Combust","floor":3.0},{"not_picked":["Perfected Strike","Clash"],"picked":"Dropkick","floor":7.0},{"not_picked":["Reaper","Perfected Strike"],"picked":"Clothesline","floor":8.0},{"not_picked":["Warcry","Anger"],"picked":"Thunderclap","floor":10.0},{"not_picked":["True Grit","Body Slam"],"picked":"Pommel Strike","floor":14.0},{"not_picked":["Dark Embrace","Impervious"],"picked":"Barricade","floor":16.0},{"not_picked":["Flex+1"],"picked":"SKIP","floor":18},{"not_picked":["Dual Wield"],"picked":"SKIP","floor":19},{"not_picked":["Infernal Blade"],"picked":"SKIP","floor":20}],"player_experience":0,"relics_obtained":[{"floor":7.0,"key":"Bag of Preparation"},{"floor":9.0,"key":"Pantograph"},{"floor":12.0,"key":"MawBank"}],"event_choices":[{"damage_healed":0.0,"max_hp_gain":0.0,"max_hp_loss":0.0,"gold_gain":0.0,"event_name":"Scrap Ooze","player_choice":"Success","floor":2.0,"gold_loss":0.0,"damage_taken":7.0,"relics_obtained":["Meat on the Bone"]},{"damage_healed":0.0,"max_hp_gain":0.0,"max_hp_loss":0.0,"gold_gain":0.0,"event_name":"The Cleric","player_choice":"Leave","floor":4.0,"gold_loss":0.0,"damage_taken":0.0},{"cards_removed":["Strike_R"],"damage_healed":0.0,"max_hp_gain":0.0,"max_hp_loss":0.0,"gold_gain":0.0,"event_name":"Golden Wing","player_choice":"Card Removal","floor":11.0,"gold_loss":0.0,"damage_taken":7.0},{"damage_healed":0,"gold_gain":0,"cards_transformed":["Strike_R"],"player_choice":"Transformed","damage_taken":0,"max_hp_gain":0,"max_hp_loss":0,"event_name":"Transmorgrifier","floor":21,"gold_loss":0,"cards_obtained":["Headbutt"]}],"is_beta":false,"boss_relics":[{"not_picked":["Lizard Tail","Orrery"],"picked":"Busted Crown"}],"items_purged_floors":[],"is_endless":false,"potions_floor_spawned":[3],"killed_by":"Slavers","ascension_level":0}