{"gold_per_floor":[359,377,377,39,39,39,39,64,64,6,6,27,27,60,60,133,133,152,163,163,163],"floor_reached":21,"playtime":725,"items_purged":[],"score":320,"play_id":"5f67bb8e-3524-416b-b513-0cc93c570178","local_time":"20190411221938","is_ascension_mode":true,"campfire_choices":[{"data":"Zap","floor":6.0,"key":"SMITH"},{"floor":11.0,"key":"REST"},{"floor":13.0,"key":"REST"},{"data":"Loop","floor":15.0,"key":"SMITH"}],"neow_cost":"PERCENT_DAMAGE","seed_source_timestamp":329943091381042,"circlet_count":0,"master_deck":["AscendersBane","Strike_B","Strike_B","Strike_B","Strike_B","Defend_B","Defend_B","Defend_B","Defend_B","Zap+1","Dualcast","Ball Lightning","White Noise","Loop+1","Cold Snap","Compile Driver","Creative AI","Heatsinks","Static Discharge","Fission","Fusion","Sweeping Beam"],"special_seed":0,"relics":["Cracked Core","Oddly Smooth Stone","Pear","The Courier","Pantograph","Emotion Chip","Odd Mushroom","Art of War","Snecko Eye"],"potions_floor_usage":[],"damage_taken":[{"damage":1.0,"enemies":"Small Slimes","floor":1.0,"turns":3.0},{"damage":9.0,"enemies":"2 Louse","floor":2.0,"turns":2.0},{"damage":23.0,"enemies":"Gremlin Nob","floor":8.0,"turns":4.0},{"damage":4.0,"enemies":"The Mushroom Lair","floor":12.0,"turns":4.0},{"damage":30.0,"enemies":"3 Sentries","floor":14.0,"turns":5.0},{"damage":42.0,"enemies":"Hexaghost","floor":16.0,"turns":10.0},{"damage":16.0,"enemies":"Chosen","floor":18.0,"turns":5.0},{"damage":42.0,"enemies":"2 Thieves","floor":19.0,"turns":3.0},{"damage":7,"enemies":"Sentry and Sphere","floor":21,"turns":3}],"seed_played":"-2627709963105133352","potions_obtained":[{"floor":2.0,"key":"Energy Potion"},{"floor":12.0,"key":"Block Potion"},{"floor":14.0,"key":"Dexterity Potion"}],"is_trial":false,"path_per_floor":["M","M","?","$","?","R","?","E","T","$","R","?","R","E","R","B",null,"M","M","?","M"],"character_chosen":"DEFECT","items_purchased":["Oddly Smooth Stone","Loop","Cold Snap","Compile Driver","Heatsinks"],"campfire_rested":2,"item_purchase_floors":[4,4,4,4,10],"current_hp_per_floor":[45,36,36,36,35,35,35,12,12,12,36,32,56,26,26,9,63,47,5,5,0],"gold":163,"neow_bonus":"TWO_FIFTY_GOLD","is_prod":false,"is_daily":false,"chose_seed":false,"campfire_upgraded":2,"win_rate":0,"timestamp":1555035578,"path_taken":["M","M","?","$","?","R","?","E","T","?","R","?","R","E","R","BOSS","M","M","?","M"],"build_version":"2019-04-04","purchased_purges":0,"victory":false,"max_hp_per_floor":[71,71,71,71,81,81,81,81,81,81,81,81,81,81,81,81,81,81,81,81,81],"card_choices":[{"not_picked":["Gash","Beam Cell"],"picked":"Ball Lightning","floor":1.0},{"not_picked":["Sunder","Ball Lightning"],"picked":"White Noise","floor":2.0},{"not_picked":["Rip and Tear","Sunder"],"picked":"Creative AI","floor":8.0},{"not_picked":["Blizzard","Fusion"],"picked":"FTL","floor":12.0},{"not_picked":["Leap","Double Energy"],"picked":"Static Discharge","floor":14.0},{"not_picked":["Buffer","Amplify"],"picked":"Fission","floor":16.0},{"not_picked":["Gash","Streamline","FTL"],"picked":"SKIP","floor":18.0},{"not_picked":["Heatsinks","Streamline+1"],"picked":"Fusion","floor":19.0}],"player_experience":940436,"relics_obtained":[{"floor":8.0,"key":"Pantograph"},{"floor":9.0,"key":"Emotion Chip"},{"floor":12.0,"key":"Odd Mushroom"},{"floor":14.0,"key":"Art of War"}],"event_choices":[{"damage_healed":0.0,"max_hp_gain":0.0,"max_hp_loss":0.0,"gold_gain":0.0,"event_name":"Golden Wing","player_choice":"Ignored","floor":3.0,"gold_loss":0.0,"damage_taken":0.0},{"damage_healed":0.0,"max_hp_gain":0.0,"max_hp_loss":0.0,"gold_gain":0.0,"event_name":"Scrap Ooze","player_choice":"Success","floor":5.0,"gold_loss":0.0,"damage_taken":11.0,"relics_obtained":["Pear"]},{"damage_healed":0.0,"max_hp_gain":0.0,"max_hp_loss":0.0,"gold_gain":0.0,"event_name":"Dead Adventurer","player_choice":"Searched \u00271\u0027 times","floor":7.0,"gold_loss":0.0,"damage_taken":0.0,"relics_obtained":["The Courier"]},{"damage_healed":0.0,"max_hp_gain":0.0,"max_hp_loss":0.0,"gold_gain":0.0,"event_name":"Mushrooms","player_choice":"Fought Mushrooms","floor":12.0,"gold_loss":0.0,"damage_taken":0.0},{"damage_healed":0.0,"max_hp_gain":0.0,"max_hp_loss":0.0,"gold_gain":0.0,"cards_transformed":["FTL"],"event_name":"Transmorgrifier","player_choice":"Transformed","floor":20.0,"gold_loss":0.0,"damage_taken":0.0,"cards_obtained":["Sweeping Beam"]}],"is_beta":true,"boss_relics":[{"not_picked":["Velvet Choker","Empty Cage"],"picked":"Snecko Eye"}],"items_purged_floors":[],"is_endless":false,"potions_floor_spawned":[2,12,14],"killed_by":"Sentry and Sphere","ascension_level":15}