{"gold_per_floor":[216,234,234,253,48,81,81,109,109,109,74,74,99,115,115,189,189,201,7,19,19,31,31,43,77,77,112,112,112,125,125,125,199,199,209,227,37,54,54,54,81,81,81,134,151,183,183,203,203,203,203,203,1,31,31],"floor_reached":56,"playtime":3714,"items_purged":["Regret"],"score":2223,"play_id":"e8afd687-5b37-4cf0-bbba-6e7bfe3bc808","local_time":"20190213205920","is_ascension_mode":true,"campfire_choices":[{"data":"Noxious Fumes","floor":7.0,"key":"SMITH"},{"floor":10.0,"key":"REST"},{"data":"Footwork","floor":15.0,"key":"SMITH"},{"data":"Malaise","floor":23.0,"key":"SMITH"},{"data":"Catalyst","floor":28.0,"key":"SMITH"},{"data":"Ghostly","floor":32.0,"key":"SMITH"},{"floor":40.0,"key":"RECALL"},{"floor":49,"key":"REST"},{"floor":52,"key":"REST"}],"neow_cost":"NONE","seed_source_timestamp":352132531103662,"circlet_count":0,"master_deck":["AscendersBane","Defend_G","Defend_G","Defend_G","Defend_G","Strike_G","Strike_G","Strike_G","Strike_G","Survivor","Neutralize","Blade Dance","Dagger Spray","Dodge and Roll","Noxious Fumes+1","Footwork+1","Deadly Poison","Corpse Explosion","Malaise+1","Deadly Poison","Infinite Blades","PiercingWail","Malaise","Backflip","Catalyst+1","Footwork","Deadly Poison+1","Ghostly+1","Ghostly","Ghostly","Night Terror","Acrobatics","Deflect+1","Dark Shackles","Dodge and Roll","Dodge and Roll","Leg Sweep","Deflect"],"special_seed":0,"relics":["Ring of the Snake","Boot","Pantograph","Art of War","Centennial Puzzle","Mummified Hand","Runic Pyramid","Anchor","Ancient Tea Set","The Courier","Oddly Smooth Stone","Fusion Hammer","Bag of Preparation","Blood Vial","Nunchaku","Ornamental Fan","Pear","Kunai"],"potions_floor_usage":[55,55],"damage_taken":[{"damage":7.0,"enemies":"Jaw Worm","floor":1.0,"turns":5.0},{"damage":1.0,"enemies":"Small Slimes","floor":2.0,"turns":4.0},{"damage":1.0,"enemies":"Cultist","floor":4.0,"turns":3.0},{"damage":23.0,"enemies":"3 Sentries","floor":6.0,"turns":7.0},{"damage":6.0,"enemies":"Gremlin Nob","floor":8.0,"turns":5.0},{"damage":8.0,"enemies":"3 Sentries","floor":13.0,"turns":6.0},{"damage":9.0,"enemies":"3 Louse","floor":14.0,"turns":3.0},{"damage":22.0,"enemies":"The Guardian","floor":16.0,"turns":10.0},{"damage":6.0,"enemies":"Chosen","floor":18.0,"turns":6.0},{"damage":2.0,"enemies":"Spheric Guardian","floor":20.0,"turns":7.0},{"damage":2.0,"enemies":"Centurion and Healer","floor":22.0,"turns":6.0},{"damage":1.0,"enemies":"Snake Plant","floor":24.0,"turns":7.0},{"damage":4.0,"enemies":"Book of Stabbing","floor":25.0,"turns":7.0},{"damage":18.0,"enemies":"Gremlin Leader","floor":27.0,"turns":10.0},{"damage":0.0,"enemies":"Sentry and Sphere","floor":30.0,"turns":6.0},{"damage":0.0,"enemies":"Champ","floor":33.0,"turns":10.0},{"damage":0.0,"enemies":"Orb Walker","floor":35.0,"turns":5.0},{"damage":4.0,"enemies":"3 Darklings","floor":36.0,"turns":4.0},{"damage":0.0,"enemies":"Sphere and 2 Shapes","floor":38.0,"turns":4.0},{"damage":0.0,"enemies":"Reptomancer","floor":41.0,"turns":7.0},{"damage":0.0,"enemies":"2 Orb Walkers","floor":44.0,"turns":3.0},{"damage":12.0,"enemies":"Spire Growth","floor":45.0,"turns":7.0},{"damage":4,"enemies":"Giant Head","floor":46,"turns":11},{"damage":0,"enemies":"3 Darklings","floor":48,"turns":6},{"damage":0,"enemies":"Donu and Deca","floor":50,"turns":12},{"damage":0,"enemies":"Shield and Spear","floor":54,"turns":9},{"damage":17,"enemies":"The Heart","floor":55,"turns":15}],"seed_played":"-6124773177024329787","potions_obtained":[{"floor":6.0,"key":"Block Potion"},{"floor":14.0,"key":"LiquidBronze"},{"floor":16.0,"key":"SkillPotion"},{"floor":20.0,"key":"GhostInAJar"},{"floor":27.0,"key":"Ancient Potion"},{"floor":45.0,"key":"Dexterity Potion"}],"is_trial":false,"path_per_floor":["M","M","?","M","$","E","R","E","T","R","?","?","E","M","R","B",null,"M","$","M","$","M","R","M","E","T","E","R","?","M","?","R","B",null,"M","M","$","M","?","R","E","?","T","?","M","E","?","M","R","B",null,"R","$","E","B",null],"character_chosen":"THE_SILENT","items_purchased":["Noxious Fumes","Block Potion","Anchor","Infinite Blades","Bag of Preparation","Dark Shackles","Pear"],"campfire_rested":3,"item_purchase_floors":[5,5,19,19,37,37,53],"current_hp_per_floor":[52,51,51,50,50,27,27,21,21,40,56,56,48,39,39,42,60,54,54,52,52,50,50,49,45,45,27,27,27,27,27,27,33,33,33,29,29,29,29,29,29,29,29,31,19,17,17,19,28,31,31,31,41,41,24],"gold":31,"neow_bonus":"HUNDRED_GOLD","is_prod":false,"is_daily":false,"chose_seed":false,"campfire_upgraded":5,"win_rate":0,"timestamp":1550109560,"path_taken":["M","M","?","M","$","E","R","E","T","R","?","?","E","M","R","BOSS","M","$","M","?","M","R","M","E","T","E","R","?","M","?","R","BOSS","M","M","$","M","?","R","E","?","T","?","M","E","?","?","R","BOSS","R","$","E","BOSS"],"build_version":"2019-02-06","purchased_purges":1,"victory":true,"max_hp_per_floor":[66,66,66,66,66,66,66,66,66,66,66,66,66,66,66,66,66,66,66,66,66,66,66,66,66,66,66,66,66,66,33,33,33,33,33,33,33,33,31,31,31,31,31,31,31,31,31,31,31,31,31,31,41,41,41],"card_choices":[{"not_picked":["Outmaneuver","Sucker Punch"],"picked":"Blade Dance","floor":1.0},{"not_picked":["Bouncing Flask","Catalyst"],"picked":"Dagger Spray","floor":2.0},{"not_picked":["Prepared","Finisher"],"picked":"Dodge and Roll","floor":4.0},{"not_picked":["All Out Attack","Slice"],"picked":"Footwork","floor":6.0},{"not_picked":["Dagger Spray","Sucker Punch"],"picked":"Deadly Poison","floor":8.0},{"not_picked":["Deadly Poison","Acrobatics"],"picked":"Corpse Explosion","floor":13.0},{"not_picked":["Distraction","Cloak And Dagger","Quick Slash"],"picked":"SKIP","floor":14.0},{"not_picked":["Tools of the Trade","Grand Finale"],"picked":"Malaise","floor":16.0},{"not_picked":["Blade Dance","Dagger Spray+1"],"picked":"Deadly Poison","floor":18.0},{"not_picked":["Masterful Stab+1","Quick Slash+1"],"picked":"PiercingWail","floor":20.0},{"not_picked":["Finisher","Poisoned Stab"],"picked":"Malaise","floor":22.0},{"not_picked":["Well Laid Plans","Distraction","Underhanded Strike"],"picked":"SKIP","floor":24.0},{"not_picked":["Phantasmal Killer","Underhanded Strike"],"picked":"Backflip","floor":25.0},{"not_picked":["Quick Slash","Underhanded Strike"],"picked":"Catalyst","floor":27.0},{"not_picked":["Backflip","Bane"],"picked":"Deadly Poison+1","floor":30.0},{"not_picked":["Storm of Steel","Envenom"],"picked":"Night Terror","floor":33.0},{"not_picked":["Slice","Well Laid Plans"],"picked":"Acrobatics","floor":35.0},{"not_picked":["Bane","Reflex"],"picked":"Deflect+1","floor":36.0},{"not_picked":["Prepared","Tactician"],"picked":"Dodge and Roll","floor":38.0},{"not_picked":["Predator","Well Laid Plans","Cloak And Dagger+1"],"picked":"SKIP","floor":41.0},{"not_picked":["Infinite Blades+1","Deflect"],"picked":"Dodge and Roll","floor":44.0},{"not_picked":["Cloak And Dagger","Dash","Poisoned Stab+1"],"picked":"SKIP","floor":45.0},{"not_picked":["Slice","Envenom"],"picked":"Leg Sweep","floor":46},{"not_picked":["Outmaneuver","Deflect+1","Distraction"],"picked":"SKIP","floor":48},{"not_picked":["Flying Knee","Acrobatics","Blade Dance+1"],"picked":"SKIP","floor":54}],"player_experience":729815,"relics_obtained":[{"floor":6.0,"key":"Pantograph"},{"floor":8.0,"key":"Art of War"},{"floor":9.0,"key":"Centennial Puzzle"},{"floor":13.0,"key":"Mummified Hand"},{"floor":25.0,"key":"Ancient Tea Set"},{"floor":26.0,"key":"The Courier"},{"floor":27.0,"key":"Oddly Smooth Stone"},{"floor":41.0,"key":"Blood Vial"},{"floor":44.0,"key":"Nunchaku"},{"floor":46,"key":"Ornamental Fan"},{"floor":54,"key":"Kunai"}],"event_choices":[{"damage_healed":0.0,"max_hp_gain":0.0,"max_hp_loss":0.0,"gold_gain":0.0,"event_name":"Big Fish","player_choice":"Box","floor":3.0,"gold_loss":0.0,"damage_taken":0.0,"relics_obtained":["Boot"],"cards_obtained":["Regret"]},{"damage_healed":16.0,"max_hp_gain":0.0,"max_hp_loss":0.0,"gold_gain":0.0,"event_name":"The Cleric","player_choice":"Healed","floor":11.0,"gold_loss":35.0,"damage_taken":0.0},{"cards_removed":["Strike_G"],"damage_healed":0.0,"max_hp_gain":0.0,"max_hp_loss":0.0,"gold_gain":0.0,"event_name":"Purifier","player_choice":"Purged","floor":12.0,"gold_loss":0.0,"damage_taken":0.0},{"damage_healed":0.0,"max_hp_gain":0.0,"max_hp_loss":0.0,"gold_gain":0.0,"event_name":"The Library","player_choice":"Read","floor":29.0,"gold_loss":0.0,"damage_taken":0.0,"cards_obtained":["Footwork"]},{"damage_healed":0.0,"max_hp_gain":0.0,"max_hp_loss":33.0,"gold_gain":0.0,"event_name":"Ghosts","player_choice":"Became a Ghost","floor":31.0,"gold_loss":0.0,"damage_taken":0.0,"cards_obtained":["Ghostly","Ghostly","Ghostly"]},{"damage_healed":0.0,"max_hp_gain":0.0,"max_hp_loss":2.0,"gold_gain":0.0,"event_name":"Winding Halls","player_choice":"Max HP","floor":39.0,"gold_loss":0.0,"damage_taken":0.0},{"cards_removed":["Defend_G"],"damage_healed":0.0,"max_hp_gain":0.0,"max_hp_loss":0.0,"gold_gain":0.0,"event_name":"Falling","player_choice":"Removed Skill","floor":42.0,"gold_loss":0.0,"damage_taken":0.0},{"damage_healed":0.0,"max_hp_gain":0.0,"max_hp_loss":0.0,"gold_gain":0.0,"event_name":"Mysterious Sphere","player_choice":"Fight","floor":44.0,"gold_loss":0.0,"damage_taken":0.0},{"damage_healed":0,"gold_gain":0,"player_choice":"1 cards matched","damage_taken":0,"max_hp_gain":0,"max_hp_loss":0,"event_name":"Match and Keep!","floor":47,"gold_loss":0,"cards_obtained":["Deflect"]}],"is_beta":true,"boss_relics":[{"not_picked":["Astrolabe","Black Star"],"picked":"Runic Pyramid"},{"not_picked":["Ring of the Serpent","Empty Cage"],"picked":"Fusion Hammer"}],"items_purged_floors":[5],"is_endless":false,"potions_floor_spawned":[6,14,16,20,22,27,30,33,38,41,45,54],"ascension_level":15}