{"gold_per_floor":[112,112,125,144,62,62,75,75,122,151,171,185,185,201,201,296,296,315,315,315,109,109,109,126,126,179,196,128,146,146,146,146,146],"floor_reached":33,"playtime":883,"items_purged":["Strike_B"],"score":247,"play_id":"229f7cc2-7359-4ada-a8ab-49c70a2380ba","local_time":"20190127203724","is_ascension_mode":false,"campfire_choices":[{"data":"Zap","floor":6,"key":"SMITH"},{"floor":15,"key":"REST"},{"data":"Madness","floor":23,"key":"SMITH"},{"floor":25,"key":"REST"},{"floor":30,"key":"REST"},{"floor":32,"key":"REST"}],"neow_cost":"NONE","seed_source_timestamp":357694051708492,"circlet_count":0,"master_deck":["Defend_B","Defend_B","Defend_B","Zap+1","Dualcast+1","BootSequence","Gash","Gash","Swift Strike","Go for the Eyes","Go for the Eyes","Seek+1","Glacier+1","Tempest+1","Sweeping Beam+1","Redo+1","FTL","Madness+1","Fission","Go for the Eyes"],"relics":["Cracked Core","Juzu Bracelet","Boot","Astrolabe","Tiny Chest"],"potions_floor_usage":[10,16,16,16,33,33],"damage_taken":[{"damage":2,"enemies":"Jaw Worm","floor":1,"turns":3},{"damage":10,"enemies":"Cultist","floor":3,"turns":4},{"damage":2,"enemies":"2 Louse","floor":4,"turns":2},{"damage":5,"enemies":"Looter","floor":7,"turns":3},{"damage":44,"enemies":"3 Sentries","floor":10,"turns":9},{"damage":1,"enemies":"Lots of Slimes","floor":11,"turns":4},{"damage":12,"enemies":"Exordium Thugs","floor":12,"turns":5},{"damage":2,"enemies":"Blue Slaver","floor":14,"turns":3},{"damage":17,"enemies":"Hexaghost","floor":16,"turns":8},{"damage":10,"enemies":"2 Thieves","floor":18,"turns":4},{"damage":16,"enemies":"Spheric Guardian","floor":24,"turns":4},{"damage":10,"enemies":"Snake Plant","floor":27,"turns":3},{"damage":18,"enemies":"Cultist and Chosen","floor":29,"turns":6},{"damage":7,"enemies":"Collector","floor":33,"turns":2}],"seed_played":"-4945657133599518376","potions_obtained":[{"floor":4,"key":"Regen Potion"},{"floor":7,"key":"Poison Potion"},{"floor":10,"key":"LiquidBronze"},{"floor":12,"key":"Fire Potion"},{"floor":18,"key":"SpeedPotion"},{"floor":24,"key":"PowerPotion"},{"floor":29,"key":"Ancient Potion"}],"is_trial":false,"path_per_floor":["M","?","M","M","$","R","M","?","T","E","M","M","?","M","R","B",null,"M","?","?","$","?","R","M","R","T","M","$","M","R","?","R","B"],"character_chosen":"DEFECT","items_purchased":["Swift Strike","FTL","Madness","Fission"],"campfire_rested":4,"item_purchase_floors":[5,21,21,28],"current_hp_per_floor":[73,73,63,61,61,61,56,56,56,27,26,14,14,12,34,17,75,65,65,58,58,58,58,42,64,64,54,54,36,58,58,75,68],"gold":146,"neow_bonus":"THREE_CARDS","is_prod":false,"is_daily":false,"chose_seed":false,"campfire_upgraded":2,"win_rate":0,"timestamp":1548639444,"path_taken":["M","?","?","M","$","R","M","?","T","E","M","M","?","M","R","BOSS","M","?","?","?","?","R","M","R","T","M","$","M","R","?","R","BOSS"],"build_version":"2019-01-23","purchased_purges":1,"victory":false,"max_hp_per_floor":[75,75,75,75,75,75,75,75,75,75,75,75,75,75,75,75,75,75,75,75,75,75,75,75,75,75,75,75,75,75,75,75,75],"card_choices":[{"not_picked":["Sweeping Beam","Steam Power"],"picked":"BootSequence","floor":0},{"not_picked":["Steam","Force Field"],"picked":"Gash","floor":1},{"not_picked":["Streamline","Undo","Loop"],"picked":"SKIP","floor":3},{"not_picked":["Cold Snap","Sweeping Beam"],"picked":"Gash","floor":4},{"not_picked":["Compile Driver","Meteor Strike"],"picked":"Go for the Eyes","floor":7},{"not_picked":["Rebound","Static Discharge"],"picked":"Go for the Eyes","floor":10},{"not_picked":["Coolheaded","Auto Shields","Cold Snap"],"picked":"SKIP","floor":11},{"not_picked":["Melter","Coolheaded","Redo"],"picked":"SKIP","floor":12},{"not_picked":["Heatsinks","Compile Driver","Steam Power"],"picked":"SKIP","floor":14},{"not_picked":["Fission","Meteor Strike"],"picked":"Seek","floor":16},{"not_picked":["Ball Lightning","Heatsinks+1"],"picked":"Redo+1","floor":18},{"not_picked":["Turbo","Reprogram+1","Ball Lightning+1"],"picked":"SKIP","floor":24},{"not_picked":["Static Discharge","Barrage","Rebound"],"picked":"SKIP","floor":27},{"not_picked":["Coolheaded","Aggregate"],"picked":"Go for the Eyes","floor":29}],"player_experience":171252,"relics_obtained":[{"floor":9,"key":"Juzu Bracelet"},{"floor":10,"key":"Boot"},{"floor":26,"key":"Tiny Chest"}],"event_choices":[{"cards_removed":["Strike_B"],"damage_healed":0,"gold_gain":0,"player_choice":"Offered Basic","damage_taken":0,"max_hp_gain":0,"max_hp_loss":0,"event_name":"Bonfire Elementals","floor":2,"gold_loss":0},{"damage_healed":0,"gold_gain":0,"player_choice":"Searched \u00270\u0027 times","damage_taken":0,"max_hp_gain":0,"max_hp_loss":0,"event_name":"Dead Adventurer","floor":8,"gold_loss":0},{"damage_healed":0,"gold_gain":0,"player_choice":"Ignored","damage_taken":0,"max_hp_gain":0,"max_hp_loss":0,"event_name":"Golden Idol","floor":13,"gold_loss":0},{"damage_healed":0,"gold_gain":0,"player_choice":"Forge","damage_taken":0,"max_hp_gain":0,"max_hp_loss":0,"event_name":"Accursed Blacksmith","floor":19,"gold_loss":0,"cards_upgraded":["Dualcast"]},{"damage_healed":0,"gold_gain":0,"player_choice":"","damage_taken":7,"max_hp_gain":0,"max_hp_loss":0,"event_name":"Knowing Skull","floor":20,"potions_obtained":[],"gold_loss":0,"cards_obtained":[]},{"damage_healed":0,"gold_gain":0,"player_choice":"Ignored","damage_taken":0,"max_hp_gain":0,"max_hp_loss":0,"event_name":"The Mausoleum","floor":22,"gold_loss":0},{"damage_healed":0,"gold_gain":0,"player_choice":"Upgraded","damage_taken":0,"max_hp_gain":0,"max_hp_loss":0,"event_name":"Upgrade Shrine","floor":31,"gold_loss":0,"cards_upgraded":["Seek"]}],"is_beta":false,"boss_relics":[{"not_picked":["Pandora\u0027s Box","Busted Crown"],"picked":"Astrolabe"}],"items_purged_floors":[21],"is_endless":false,"potions_floor_spawned":[4,7,10,12,18,24,29],"killed_by":"Collector","ascension_level":0}