{"gold_per_floor":[109,109,384,398,417,417,451,467,515,559,589,617,203,237,237,365,365,380,395,207,227,252,252,351,382,463,463,476,102,123,144,144,275,275,288,1,21,41,54,54,88,111,183,183,183,206,225,260,260,260],"floor_reached":51,"playtime":3760,"items_purged":["Regret","Injury","Strike_R"],"score":817,"play_id":"f50aa1be-d43f-4f70-9b41-5e280a89f2ab","local_time":"20190204223231","is_ascension_mode":true,"campfire_choices":[{"data":"Cleave","floor":6.0,"key":"SMITH"},{"floor":15.0,"key":"REST"},{"floor":23.0,"key":"REST"},{"floor":27.0,"key":"REST"},{"data":"Shockwave","floor":32.0,"key":"SMITH"},{"data":"Blood for Blood","floor":40.0,"key":"SMITH"},{"floor":45.0,"key":"REST"},{"floor":49,"key":"REST"}],"neow_cost":"CURSE","seed_source_timestamp":74190493514613,"circlet_count":0,"master_deck":["Strike_R","Strike_R+1","Strike_R","Strike_R","Defend_R","Defend_R","Defend_R","Defend_R","Bash","Clumsy","Reaper+1","Cleave+1","Flex","Inflame","Dark Embrace+1","Wild Strike","Armaments","Spot Weakness","Whirlwind","Shockwave+1","Corruption+1","Reaper","Feel No Pain+1","Heavy Blade","Fire Breathing+1","Armaments+1","Bloodletting+1","Thunderclap+1","Warcry+1","Dropkick","Flex+1","Intimidate+1","Power Through+1","Shrug It Off+1","Double Tap+1","Reaper+1","Infernal Blade+1","Blood for Blood+1","Inflame+1","Flex+1","Dark Shackles+1","Ghostly Armor+1","Infernal Blade+1","Disarm+1"],"special_seed":0,"relics":["Burning Blood","Golden Idol","Frozen Egg 2","Regal Pillow","MawBank","Brimstone","Toxic Egg 2","Philosopher\u0027s Stone","Gambling Chip","Sundial","Whetstone","Mark of Pain","DollysMirror","Ancient Tea Set","Meat on the Bone","Dream Catcher"],"potions_floor_usage":[48,50],"damage_taken":[{"damage":0.0,"enemies":"2 Louse","floor":1.0,"turns":5.0},{"damage":7.0,"enemies":"Small Slimes","floor":4.0,"turns":4.0},{"damage":9.0,"enemies":"Cultist","floor":5.0,"turns":5.0},{"damage":31.0,"enemies":"3 Sentries","floor":7.0,"turns":7.0},{"damage":31.0,"enemies":"Gremlin Gang","floor":8.0,"turns":7.0},{"damage":33.0,"enemies":"Lagavulin","floor":10.0,"turns":7.0},{"damage":21.0,"enemies":"2 Fungi Beasts","floor":11.0,"turns":4.0},{"damage":16.0,"enemies":"Exordium Wildlife","floor":12.0,"turns":3.0},{"damage":12.0,"enemies":"Gremlin Nob","floor":14.0,"turns":3.0},{"damage":67.0,"enemies":"Hexaghost","floor":16.0,"turns":7.0},{"damage":41.0,"enemies":"Spheric Guardian","floor":18.0,"turns":4.0},{"damage":14.0,"enemies":"Chosen","floor":19.0,"turns":4.0},{"damage":12.0,"enemies":"Centurion and Healer","floor":21.0,"turns":3.0},{"damage":38.0,"enemies":"Shelled Parasite and Fungi","floor":22.0,"turns":4.0},{"damage":63.0,"enemies":"Book of Stabbing","floor":25.0,"turns":5.0},{"damage":11.0,"enemies":"3 Cultists","floor":28.0,"turns":3.0},{"damage":5.0,"enemies":"Snake Plant","floor":30.0,"turns":2.0},{"damage":26.0,"enemies":"Cultist and Chosen","floor":31.0,"turns":5.0},{"damage":60.0,"enemies":"Collector","floor":33.0,"turns":7.0},{"damage":20.0,"enemies":"3 Darklings","floor":35.0,"turns":2.0},{"damage":28.0,"enemies":"Orb Walker","floor":37.0,"turns":3.0},{"damage":17.0,"enemies":"Transient","floor":38.0,"turns":5.0},{"damage":24.0,"enemies":"Spire Growth","floor":39.0,"turns":4.0},{"damage":36.0,"enemies":"Nemesis","floor":41.0,"turns":3.0},{"damage":3.0,"enemies":"3 Darklings","floor":42.0,"turns":2.0},{"damage":40.0,"enemies":"Transient","floor":46.0,"turns":5.0},{"damage":3,"enemies":"Spire Growth","floor":47,"turns":5},{"damage":76,"enemies":"Reptomancer","floor":48,"turns":5},{"damage":49,"enemies":"Time Eater","floor":50,"turns":4}],"seed_played":"-7731861065962397096","potions_obtained":[{"floor":5.0,"key":"Dexterity Potion"},{"floor":8.0,"key":"Ancient Potion"},{"floor":12.0,"key":"SmokeBomb"},{"floor":14.0,"key":"BloodPotion"},{"floor":16.0,"key":"Strength Potion"},{"floor":19.0,"key":"Weak Potion"},{"floor":25.0,"key":"Block Potion"},{"floor":30.0,"key":"GamblersBrew"},{"floor":31.0,"key":"Energy Potion"},{"floor":35.0,"key":"SkillPotion"},{"floor":37.0,"key":"SkillPotion"},{"floor":41.0,"key":"LiquidBronze"},{"floor":47,"key":"Regen Potion"}],"is_trial":false,"path_per_floor":["M","?","?","M","M","R","E","M","T","E","M","M","$","E","R","B",null,"M","M","$","M","M","R","?","E","T","R","M","$","M","M","R","B",null,"M","$","M","M","M","R","E","M","T","?","R","M","M","E","R","B",null],"character_chosen":"IRONCLAD","items_purchased":["Brimstone","Shockwave","Corruption+1","Fire Breathing+1","Armaments+1","Flex+1","Whetstone","Intimidate+1","DollysMirror","Infernal Blade+1"],"campfire_rested":5,"item_purchase_floors":[13,13,13,20,20,29,29,29,36,36],"current_hp_per_floor":[80,80,80,80,80,80,67,54,54,39,32,32,32,26,65,37,80,45,45,45,63,31,70,70,27,27,66,76,76,77,74,74,61,80,66,66,71,80,62,62,32,35,35,35,74,58,80,40,79,48],"gold":260,"neow_bonus":"THREE_RARE_CARDS","is_prod":false,"is_daily":false,"chose_seed":false,"campfire_upgraded":3,"win_rate":0,"timestamp":1549315951,"path_taken":["M","?","?","M","M","R","E","?","T","E","?","M","$","E","R","BOSS","BOSS","M","M","$","M","M","R","?","E","T","R","M","$","M","M","R","BOSS","M","$","M","M","M","R","E","M","T","?","R","M","M","E","R","BOSS"],"build_version":"2019-01-23","purchased_purges":3,"victory":true,"max_hp_per_floor":[80,80,80,80,80,80,80,80,80,80,80,80,80,80,80,80,80,80,80,80,80,80,80,80,80,80,80,80,80,80,80,80,80,80,80,80,80,80,80,80,80,80,80,80,80,80,80,80,80,80],"card_choices":[{"not_picked":["Bludgeon","Offering"],"picked":"Reaper","floor":0.0},{"not_picked":["Warcry","Metallicize"],"picked":"Cleave","floor":1.0},{"not_picked":["Havoc","Bloodletting"],"picked":"Flex","floor":4.0},{"not_picked":["Shrug It Off","Perfected Strike"],"picked":"Inflame","floor":5.0},{"not_picked":["Havoc","Body Slam"],"picked":"Dark Embrace","floor":7.0},{"not_picked":["Anger","Sever Soul"],"picked":"Wild Strike","floor":8.0},{"not_picked":["Disarm","Headbutt"],"picked":"Armaments","floor":10.0},{"not_picked":["Sword Boomerang","Power Through"],"picked":"Spot Weakness","floor":11.0},{"not_picked":["Dark Embrace+1","Seeing Red"],"picked":"Whirlwind","floor":12.0},{"not_picked":["Clash","Reckless Charge","Perfected Strike"],"picked":"SKIP","floor":14.0},{"not_picked":["Immolate","Offering+1"],"picked":"Reaper","floor":16.0},{"not_picked":["Uppercut","Havoc+1"],"picked":"Feel No Pain+1","floor":18.0},{"not_picked":["Power Through+1","Iron Wave"],"picked":"Heavy Blade","floor":19.0},{"not_picked":["Searing Blow","Headbutt"],"picked":"Bloodletting+1","floor":21.0},{"not_picked":["Shrug It Off+1","Heavy Blade+1"],"picked":"Thunderclap+1","floor":22.0},{"not_picked":["Thunderclap+1","Clothesline"],"picked":"Warcry+1","floor":25.0},{"not_picked":["Pummel","Havoc+1"],"picked":"Dropkick","floor":28.0},{"not_picked":["Havoc+1","Twin Strike"],"picked":"Power Through+1","floor":30.0},{"not_picked":["Feed","Pummel"],"picked":"Shrug It Off+1","floor":31.0},{"not_picked":["Feed","Bludgeon"],"picked":"Double Tap+1","floor":33.0},{"not_picked":["Uppercut","Headbutt","Iron Wave"],"picked":"SKIP","floor":35.0},{"not_picked":["Twin Strike+1","Anger","Sword Boomerang"],"picked":"SKIP","floor":37.0},{"not_picked":["Thunderclap+1","Havoc+1","Clothesline+1"],"picked":"SKIP","floor":38.0},{"not_picked":["Cleave","True Grit+1"],"picked":"Blood for Blood","floor":39.0},{"not_picked":["Flex+1","Perfected Strike"],"picked":"Inflame+1","floor":41.0},{"not_picked":["Power Through+1","Clash"],"picked":"Flex+1","floor":42.0},{"not_picked":["Secret Technique+1","PanicButton+1"],"picked":"Dark Shackles+1","floor":44.0},{"not_picked":["Cleave+1","Carnage+1"],"picked":"Ghostly Armor+1","floor":46.0},{"not_picked":["Havoc+1","Clash"],"picked":"Infernal Blade+1","floor":47},{"not_picked":["Body Slam","Headbutt","Flex+1"],"picked":"SKIP","floor":48},{"not_picked":["Havoc+1","Entrench+1"],"picked":"Disarm+1","floor":49}],"player_experience":117092,"relics_obtained":[{"floor":7.0,"key":"Frozen Egg 2"},{"floor":9.0,"key":"Regal Pillow"},{"floor":10.0,"key":"MawBank"},{"floor":14.0,"key":"Toxic Egg 2"},{"floor":25.0,"key":"Gambling Chip"},{"floor":26.0,"key":"Sundial"},{"floor":41.0,"key":"Ancient Tea Set"},{"floor":43.0,"key":"Meat on the Bone"},{"floor":48,"key":"Dream Catcher"}],"event_choices":[{"damage_healed":0.0,"max_hp_gain":0.0,"max_hp_loss":0.0,"gold_gain":0.0,"event_name":"Golden Idol","player_choice":"Take Wound","floor":2.0,"gold_loss":0.0,"damage_taken":0.0,"relics_obtained":["Golden Idol"],"cards_obtained":["Injury"]},{"damage_healed":0.0,"max_hp_gain":0.0,"max_hp_loss":0.0,"gold_gain":275.0,"event_name":"Golden Shrine","player_choice":"Desecrate","floor":3.0,"gold_loss":0.0,"damage_taken":0.0,"cards_obtained":["Regret"]},{"damage_healed":0.0,"max_hp_gain":0.0,"max_hp_loss":0.0,"gold_gain":99.0,"event_name":"Nest","player_choice":"Stole From Cult","floor":24.0,"gold_loss":0.0,"damage_taken":0.0},{"damage_healed":0.0,"max_hp_gain":0.0,"max_hp_loss":0.0,"gold_gain":0.0,"event_name":"SensoryStone","player_choice":"Memory 1","floor":44.0,"gold_loss":0.0,"damage_taken":0.0}],"is_beta":false,"boss_relics":[{"not_picked":["Busted Crown","Lizard Tail"],"picked":"Philosopher\u0027s Stone"},{"not_picked":["Runic Dome","Empty Cage"],"picked":"Mark of Pain"}],"items_purged_floors":[13,20,29],"is_endless":false,"potions_floor_spawned":[5,8,12,14,16,19,22,25,30,31,35,37,41,47],"ascension_level":1}