{"gold_per_floor":[112,112,127,127,151,186,206,241,267,288,288,308,308,147,147,243,306,320,336,360,45,69,92,92,92,92,111,125,163,163,203,203,297,297,311,14,28,153,171,171,206,206,231,231,255,268,293,336,336,336],"floor_reached":50,"playtime":3433,"items_purged":["Strike_G"],"score":1070,"play_id":"2264e8ec-2ce5-4cbc-ac6b-6f36dd2573e0","local_time":"20190312221451","is_ascension_mode":true,"campfire_choices":[{"data":"Cloak And Dagger","floor":11.0,"key":"SMITH"},{"data":"Leg Sweep","floor":13.0,"key":"SMITH"},{"data":"Malaise","floor":15.0,"key":"SMITH"},{"data":"Wraith Form v2","floor":24.0,"key":"SMITH"},{"floor":30.0,"key":"REST"},{"data":"Envenom","floor":32.0,"key":"SMITH"},{"data":"A Thousand Cuts","floor":40.0,"key":"SMITH"},{"data":"After Image","floor":44.0,"key":"SMITH"},{"floor":49.0,"key":"RECALL"}],"neow_cost":"NONE","seed_source_timestamp":0,"circlet_count":0,"master_deck":["AscendersBane","Defend_G","Defend_G","Defend_G","Defend_G+1","Defend_G","Strike_G","Strike_G","Strike_G","Survivor","Neutralize+1","Die Die Die","Infinite Blades","Choke","Cloak And Dagger+1","Dagger Spray","Leg Sweep+1","Escape Plan","Cloak And Dagger","Malaise+1","Wraith Form v2+1","Acrobatics","Backflip","Blade Dance","Well Laid Plans","Backflip","Backstab","Envenom+1","Blade Dance+1","Noxious Fumes","Wraith Form v2","Infinite Blades","A Thousand Cuts+1","Dodge and Roll+1","Crippling Poison","Accuracy","Blade Dance+1","Concentrate","After Image+1","Accuracy"],"special_seed":0,"relics":["Ring of the Snake","Golden Idol","Strawberry","Bronze Scales","Oddly Smooth Stone","Tiny House","Meat on the Bone","Matryoshka","Bag of Marbles","Blue Candle","Snecko Eye","Bag of Preparation","Ice Cream","Pantograph","Kunai","Molten Egg 2"],"potions_floor_usage":[50,50],"damage_taken":[{"damage":8.0,"enemies":"Jaw Worm","floor":1.0,"turns":5.0},{"damage":0.0,"enemies":"2 Louse","floor":3.0,"turns":1.0},{"damage":4.0,"enemies":"Cultist","floor":5.0,"turns":3.0},{"damage":1.0,"enemies":"Gremlin Nob","floor":6.0,"turns":3.0},{"damage":0.0,"enemies":"2 Fungi Beasts","floor":7.0,"turns":3.0},{"damage":4.0,"enemies":"3 Sentries","floor":8.0,"turns":5.0},{"damage":4.0,"enemies":"Exordium Thugs","floor":10.0,"turns":5.0},{"damage":0.0,"enemies":"3 Louse","floor":12.0,"turns":1.0},{"damage":30.0,"enemies":"The Guardian","floor":16.0,"turns":15.0},{"damage":27.0,"enemies":"Spheric Guardian","floor":18.0,"turns":8.0},{"damage":9.0,"enemies":"Chosen","floor":19.0,"turns":6.0},{"damage":2.0,"enemies":"Shelled Parasite and Fungi","floor":20.0,"turns":8.0},{"damage":12.0,"enemies":"Snecko","floor":22.0,"turns":11.0},{"damage":0.0,"enemies":"Chosen and Byrds","floor":23.0,"turns":7.0},{"damage":6.0,"enemies":"3 Cultists","floor":27.0,"turns":5.0},{"damage":9.0,"enemies":"Snake Plant","floor":28.0,"turns":6.0},{"damage":20.0,"enemies":"Book of Stabbing","floor":29.0,"turns":6.0},{"damage":29.0,"enemies":"Slavers","floor":31.0,"turns":8.0},{"damage":15.0,"enemies":"Champ","floor":33.0,"turns":18.0},{"damage":20.0,"enemies":"3 Shapes","floor":35.0,"turns":6.0},{"damage":7.0,"enemies":"Orb Walker","floor":37.0,"turns":4.0},{"damage":0.0,"enemies":"Mind Bloom Boss Battle","floor":38.0,"turns":5.0},{"damage":12.0,"enemies":"3 Darklings","floor":39.0,"turns":7.0},{"damage":2.0,"enemies":"Reptomancer","floor":41.0,"turns":7.0},{"damage":5.0,"enemies":"Sphere and 2 Shapes","floor":45.0,"turns":4.0},{"damage":0.0,"enemies":"Jaw Worm Horde","floor":46.0,"turns":6.0},{"damage":0.0,"enemies":"4 Shapes","floor":47.0,"turns":2.0},{"damage":0.0,"enemies":"Nemesis","floor":48.0,"turns":7.0},{"damage":84,"enemies":"Awakened One","floor":50,"turns":5}],"seed_played":"-4247353312790674656","potions_obtained":[{"floor":1.0,"key":"Energy Potion"},{"floor":5.0,"key":"FearPotion"},{"floor":8.0,"key":"Explosive Potion"},{"floor":10.0,"key":"Dexterity Potion"},{"floor":17.0,"key":"SpeedPotion"},{"floor":23.0,"key":"AttackPotion"},{"floor":27.0,"key":"PowerPotion"},{"floor":29.0,"key":"Block Potion"},{"floor":31.0,"key":"Dexterity Potion"},{"floor":38.0,"key":"Ancient Potion"},{"floor":39.0,"key":"Block Potion"}],"is_trial":false,"path_per_floor":["M","?","M","?","M","E","M","E","T","M","R","M","R","$","R","B",null,"M","M","M","$","M","M","R","?","T","M","M","E","R","E","R","B",null,"M","$","M","?","M","R","E","?","T","R","M","M","M","E","R","B"],"character_chosen":"THE_SILENT","items_purchased":["Malaise","Meat on the Bone","Crippling Poison","Bag of Preparation","Accuracy"],"campfire_rested":1,"item_purchase_floors":[14,21,36,36,36],"current_hp_per_floor":[51,51,51,51,47,53,53,49,49,45,45,45,45,45,45,15,59,32,23,21,21,21,33,33,33,33,39,42,34,55,38,38,35,63,43,43,48,48,48,48,46,46,46,46,41,41,41,41,41,0],"gold":336,"neow_bonus":"ONE_RANDOM_RARE_CARD","is_prod":false,"is_daily":false,"chose_seed":false,"campfire_upgraded":7,"win_rate":0,"timestamp":1552443291,"path_taken":["M","?","M","?","M","E","M","E","T","M","R","M","R","$","R","BOSS","M","M","M","$","?","M","R","?","T","M","M","E","R","E","R","BOSS","M","$","M","?","M","R","E","?","T","R","M","M","M","E","R","BOSS"],"build_version":"2019-02-06","purchased_purges":1,"victory":false,"max_hp_per_floor":[66,60,60,60,60,67,67,67,67,67,67,67,67,67,67,67,72,72,72,72,72,72,72,72,72,72,72,72,72,72,72,72,72,72,72,72,72,72,72,72,72,72,72,72,72,72,72,72,72,72],"card_choices":[{"not_picked":["Catalyst","Concentrate","Tactician"],"picked":"SKIP","floor":1.0},{"not_picked":["Outmaneuver","Dodge and Roll"],"picked":"Infinite Blades","floor":3.0},{"not_picked":["Calculated Gamble","Blade Dance"],"picked":"Choke","floor":5.0},{"not_picked":["Sucker Punch","Prepared"],"picked":"Cloak And Dagger","floor":6.0},{"not_picked":["Calculated Gamble","Blur"],"picked":"Dagger Spray","floor":7.0},{"not_picked":["Crippling Poison","Calculated Gamble"],"picked":"Leg Sweep","floor":8.0},{"not_picked":["Catalyst","Sucker Punch"],"picked":"Escape Plan","floor":10.0},{"not_picked":["Bane","Acrobatics"],"picked":"Cloak And Dagger","floor":12.0},{"not_picked":["Glass Knife","Storm of Steel"],"picked":"Wraith Form v2","floor":16.0},{"not_picked":["Infinite Blades","Slice"],"picked":"Acrobatics","floor":17.0},{"not_picked":["Heel Hook","Flying Knee"],"picked":"Backflip","floor":18.0},{"not_picked":["Poisoned Stab","Quick Slash"],"picked":"Blade Dance","floor":19.0},{"not_picked":["Poisoned Stab","Cloak And Dagger"],"picked":"Well Laid Plans","floor":20.0},{"not_picked":["Dagger Spray","Endless Agony"],"picked":"Backflip","floor":22.0},{"not_picked":["Predator","Flying Knee"],"picked":"Backstab","floor":23.0},{"not_picked":["Infinite Blades","Poisoned Stab"],"picked":"Blade Dance+1","floor":27.0},{"not_picked":["Acrobatics+1","Caltrops"],"picked":"Noxious Fumes","floor":28.0},{"not_picked":["All Out Attack","Glass Knife"],"picked":"Wraith Form v2","floor":29.0},{"not_picked":["Expertise","Finisher"],"picked":"Infinite Blades","floor":31.0},{"not_picked":["Die Die Die","Storm of Steel"],"picked":"A Thousand Cuts","floor":33.0},{"not_picked":["Blade Dance+1","Poisoned Stab"],"picked":"Dodge and Roll+1","floor":35.0},{"not_picked":["Outmaneuver","Setup"],"picked":"Blade Dance+1","floor":37.0},{"not_picked":["Masterful Stab","Acrobatics"],"picked":"Concentrate","floor":38.0},{"not_picked":["Outmaneuver","Deflect","Infinite Blades+1"],"picked":"SKIP","floor":39.0},{"not_picked":["Bane","Backstab+1"],"picked":"After Image","floor":41.0},{"not_picked":["Cloak And Dagger","Backflip","Skewer"],"picked":"SKIP","floor":45.0},{"not_picked":["Infinite Blades","Slice","Skewer"],"picked":"SKIP","floor":46.0},{"not_picked":["Riddle With Holes","Sucker Punch","Dodge and Roll"],"picked":"SKIP","floor":47.0},{"not_picked":["Choke","Infinite Blades+1"],"picked":"Accuracy","floor":48.0}],"player_experience":808757,"relics_obtained":[{"floor":6.0,"key":"Strawberry"},{"floor":8.0,"key":"Bronze Scales"},{"floor":9.0,"key":"Oddly Smooth Stone"},{"floor":26.0,"key":"Matryoshka"},{"floor":29.0,"key":"Bag of Marbles"},{"floor":31.0,"key":"Blue Candle"},{"floor":38.0,"key":"Ice Cream"},{"floor":41.0,"key":"Pantograph"},{"floor":43.0,"key":"Kunai"},{"floor":48.0,"key":"Molten Egg 2"}],"event_choices":[{"damage_healed":0.0,"max_hp_gain":0.0,"max_hp_loss":6.0,"gold_gain":0.0,"event_name":"Golden Idol","player_choice":"Lose Max HP","floor":2.0,"gold_loss":0.0,"damage_taken":0.0,"relics_obtained":["Golden Idol"]},{"damage_healed":0.0,"max_hp_gain":0.0,"max_hp_loss":0.0,"gold_gain":0.0,"event_name":"Upgrade Shrine","player_choice":"Upgraded","floor":4.0,"gold_loss":0.0,"damage_taken":0.0,"cards_upgraded":["Neutralize"]},{"damage_healed":0.0,"max_hp_gain":0.0,"max_hp_loss":0.0,"gold_gain":0.0,"cards_transformed":["Strike_G"],"event_name":"Transmorgrifier","player_choice":"Transformed","floor":25.0,"gold_loss":0.0,"damage_taken":0.0,"cards_obtained":["Envenom"]},{"damage_healed":0.0,"max_hp_gain":0.0,"max_hp_loss":0.0,"gold_gain":0.0,"event_name":"MindBloom","player_choice":"Fight","floor":38.0,"gold_loss":0.0,"damage_taken":0.0},{"damage_healed":0.0,"max_hp_gain":0.0,"max_hp_loss":0.0,"gold_gain":0.0,"event_name":"Tomb of Lord Red Mask","player_choice":"Ignored","floor":42.0,"gold_loss":0.0,"damage_taken":0.0}],"is_beta":true,"boss_relics":[{"not_picked":["Orrery","Runic Dome"],"picked":"Tiny House"},{"not_picked":["Fusion Hammer","Calling Bell"],"picked":"Snecko Eye"}],"items_purged_floors":[21],"is_endless":false,"potions_floor_spawned":[1,5,8,10,20,23,27,28,29,31,38,39,45,47],"killed_by":"Awakened One","ascension_level":15}