{"path_per_floor":["M","?","?","$","M","R","M","R","T","M","E","T","M","E","R","B",null,"M","?","?","$","M","R","?","E","T","M","R","T","M","E","R","B",null,"M","M","?","?","M","E","R","M","T","R","M","E","M","M","R","B"],"character_chosen":"DEFECT","items_purchased":["Kunai","Sweeping Beam","Frozen Egg 2","Prime","Sunder"],"gold_per_floor":[211,211,386,4,18,18,35,35,59,79,104,104,114,446,446,546,546,546,461,461,32,32,32,32,32,32,32,32,32,32,32,32,32,32,32,32,0,0,0,0,0,0,0,0,0,0,0,0,0,0],"floor_reached":51,"campfire_rested":3,"playtime":1940,"current_hp_per_floor":[67,67,67,67,58,58,58,58,58,54,47,47,29,31,31,18,61,46,46,46,46,36,58,58,53,53,55,55,55,57,59,84,34,72,74,76,76,95,95,95,95,95,95,95,87,75,77,79,95,53],"items_purged":["Doubt"],"gold":0,"score":1088,"play_id":"9b17007b-40ed-49f3-a802-678eeba85d85","local_time":"20180506152307","is_prod":false,"is_daily":false,"chose_seed":false,"is_ascension_mode":true,"campfire_upgraded":6,"timestamp":1525591387,"path_taken":["M","?","?","$","?","R","M","R","T","M","E","?","M","E","R","BOSS","M","?","?","$","M","R","?","E","T","M","R","?","M","E","R","BOSS","M","M","?","?","M","E","R","M","T","R","M","E","M","M","R","BOSS"],"build_version":"2018-05-03","seed_source_timestamp":91317369371425,"purchased_purges":1,"victory":true,"master_deck":["Strike_B","Strike_B","Strike_B","Strike_B","Defend_B","Defend_B","Defend_B","Defend_B","Zap+1","Dualcast","Undo+1","Sweeping Beam","Ball Lightning","Storm","Beam Cell+1","Capacitor+1","Axe Kick","Cold Snap","Buffer+1","Prime+1","Sunder","White Noise+1","Defragment+1","Conserve Battery","Consume+1","Rebound+1","Leap","Seek","Cold Snap+1","Capacitor+1","Chaos","Heatsinks+1","Skim","Hologram+1","Reboot+1","Melter+1","Conserve Battery+1"],"max_hp_per_floor":[75,75,75,75,75,75,75,75,75,75,75,75,75,75,75,75,75,75,75,75,75,75,75,75,85,85,85,85,85,85,85,85,85,85,85,85,85,95,95,95,95,95,95,95,95,95,95,95,95,95],"relics":["Cracked Core","Kunai","Blood Vial","Darkstone Periapt","Thread and Needle","Old Coin","Ectoplasm","Letter Opener","Frozen Egg 2","Pear","Toolbox","Peace Pipe","Emotion Chip","Sozu","Red Mask","Regal Pillow","Toxic Egg 2","Shovel"],"card_choices":[{"not_picked":["Impulse","Barrage"],"picked":"Undo","floor":1.0},{"not_picked":["Rebound","Reprogram"],"picked":"Ball Lightning","floor":5.0},{"not_picked":["Go for the Eyes","Glacier"],"picked":"Storm","floor":7.0},{"not_picked":["Scrape","Stack"],"picked":"Beam Cell","floor":10.0},{"not_picked":["Meteor Strike","Sweeping Beam"],"picked":"Capacitor","floor":11.0},{"not_picked":["Recycle","Barrage"],"picked":"Axe Kick","floor":13.0},{"not_picked":["Ball Lightning","Meteor Strike"],"picked":"Cold Snap","floor":14.0},{"not_picked":["Prime","Reboot"],"picked":"Meteor Strike","floor":16.0},{"not_picked":["Chaos","Undo"],"picked":"Buffer","floor":18.0},{"not_picked":["Skim","Ball Lightning"],"picked":"White Noise","floor":22.0},{"not_picked":["Reprogram","Cold Snap"],"picked":"Conserve Battery","floor":25.0},{"not_picked":["Coolheaded","Go for the Eyes"],"picked":"Consume","floor":27.0},{"not_picked":["Impulse","Beam Cell"],"picked":"Rebound","floor":30.0},{"not_picked":["Go for the Eyes","Multi-Cast"],"picked":"Leap","floor":31},{"not_picked":["Fission","Multi-Cast"],"picked":"Seek","floor":33},{"not_picked":["Stack","Undo"],"picked":"Cold Snap","floor":35},{"not_picked":["Reprogram","Beam Cell"],"picked":"Capacitor","floor":36},{"not_picked":["Aggregate","Ball Lightning"],"picked":"Chaos","floor":39},{"not_picked":["Capacitor","Buffer"],"picked":"Heatsinks","floor":40},{"not_picked":["Cold Snap","Melter"],"picked":"Skim","floor":42},{"not_picked":["Barrage","FTL"],"picked":"Hologram","floor":45},{"not_picked":["Fission","Ball Lightning"],"picked":"Reboot","floor":46},{"not_picked":["Axe Kick","Beam Cell"],"picked":"Melter","floor":47},{"not_picked":["Sweeping Beam","Undo"],"picked":"Conserve Battery","floor":48}],"player_experience":955180,"potions_floor_usage":[31,33,50],"damage_taken":[{"damage":1.0,"enemies":"Cultist","floor":1.0,"turns":3.0},{"damage":9.0,"enemies":"Jaw Worm","floor":5.0,"turns":4.0},{"damage":0.0,"enemies":"2 Louse","floor":7.0,"turns":2.0},{"damage":6.0,"enemies":"Blue Slaver","floor":10.0,"turns":3.0},{"damage":13.0,"enemies":"3 Sentries","floor":11.0,"turns":4.0},{"damage":29.0,"enemies":"Exordium Thugs","floor":13.0,"turns":4.0},{"damage":25.0,"enemies":"Lagavulin","floor":14.0,"turns":4.0},{"damage":19.0,"enemies":"Hexaghost","floor":16.0,"turns":9.0},{"damage":17.0,"enemies":"Chosen","floor":18.0,"turns":5.0},{"damage":12.0,"enemies":"Shell Parasite","floor":22.0,"turns":5.0},{"damage":32.0,"enemies":"Gremlin Leader","floor":25.0,"turns":8.0},{"damage":0.0,"enemies":"Cultist and Chosen","floor":27.0,"turns":4.0},{"damage":0.0,"enemies":"Centurion and Healer","floor":30.0,"turns":5.0},{"damage":0,"enemies":"Book of Stabbing","floor":31,"turns":4},{"damage":51,"enemies":"Automaton","floor":33,"turns":11},{"damage":0,"enemies":"Flame Bruiser 1 Orb","floor":35,"turns":5},{"damage":0,"enemies":"Orb Walker","floor":36,"turns":2},{"damage":4,"enemies":"Sphere and 2 Shapes","floor":39,"turns":4},{"damage":14,"enemies":"Giant Head","floor":40,"turns":9},{"damage":0,"enemies":"Spire Growth","floor":42,"turns":5},{"damage":26,"enemies":"3 Darklings","floor":45,"turns":4},{"damage":14,"enemies":"Nemesis","floor":46,"turns":5},{"damage":9,"enemies":"Maw","floor":47,"turns":4},{"damage":0,"enemies":"Sphere and 2 Shapes","floor":48,"turns":3},{"damage":54,"enemies":"Donu and Deca","floor":50,"turns":8}],"event_choices":[{"event_name":"The Cleric","player_choice":"Leave","floor":2.0,"damage_taken":0.0},{"event_name":"Liars Game","player_choice":"agreed","floor":3.0,"damage_taken":0.0},{"event_name":"Addict","player_choice":"Obtained Relic","floor":19.0,"damage_taken":0.0},{"event_name":"Beggar","player_choice":"Ignored","floor":20.0,"damage_taken":0.0},{"event_name":"The Library","player_choice":"Read","floor":24.0,"damage_taken":0.0},{"event_name":"Tomb of Lord Red Mask","player_choice":"Paid","floor":37,"damage_taken":0},{"event_name":"Bonfire Elementals","player_choice":"RARE","floor":38,"damage_taken":0}],"boss_relics":[{"not_picked":["Tiny House","Nuclear Battery"],"picked":"Sozu"}],"potions_floor_spawned":[1,11,13,14,18,22,30,35,42,47],"seed_played":"3011131741657749262","ascension_level":7,"is_trial":false}