{"gold_per_floor":[110,189,189,203,217,217,242,277,277,277,202,242,242,242],"floor_reached":14,"playtime":406,"items_purged":[],"score":172,"play_id":"53e487bc-da0a-448c-837b-cc79ec2c49cb","local_time":"20190401150729","is_ascension_mode":true,"campfire_choices":[{"data":"Bash","floor":6.0,"key":"SMITH"},{"data":"Pommel Strike","floor":10.0,"key":"SMITH"},{"floor":13.0,"key":"REST"}],"neow_cost":"NONE","seed_source_timestamp":3267896040693726,"circlet_count":0,"master_deck":["AscendersBane","Strike_R","Strike_R","Strike_R","Strike_R","Defend_R","Defend_R","Defend_R","Defend_R","Bash+1","Wild Strike","Shrug It Off","Spot Weakness","Sword Boomerang","Pommel Strike+1","Power Through"],"special_seed":0,"relics":["Burning Blood","Golden Idol","Smiling Mask","The Courier","Prayer Wheel"],"potions_floor_usage":[],"damage_taken":[{"damage":2.0,"enemies":"Small Slimes","floor":1.0,"turns":4.0},{"damage":13.0,"enemies":"Jaw Worm","floor":4.0,"turns":4.0},{"damage":8.0,"enemies":"2 Louse","floor":5.0,"turns":3.0},{"damage":8.0,"enemies":"Blue Slaver","floor":7.0,"turns":2.0},{"damage":26.0,"enemies":"Gremlin Nob","floor":8.0,"turns":4.0},{"damage":35.0,"enemies":"Lagavulin","floor":12.0,"turns":5.0},{"damage":37,"enemies":"Gremlin Nob","floor":14,"turns":4}],"seed_played":"-3006894696757483927","potions_obtained":[{"floor":1.0,"key":"Explosive Potion"},{"floor":7.0,"key":"GamblersBrew"}],"is_trial":false,"path_per_floor":["M","?","?","M","M","R","M","E","T","R","?","E","R","E"],"character_chosen":"IRONCLAD","items_purchased":[],"campfire_rested":1,"item_purchase_floors":[],"current_hp_per_floor":[79,79,74,67,65,65,63,43,43,43,43,14,36,0],"gold":242,"neow_bonus":"TEN_PERCENT_HP_BONUS","is_prod":false,"is_daily":false,"chose_seed":false,"campfire_upgraded":2,"win_rate":0,"timestamp":1554145649,"path_taken":["M","?","?","M","?","R","M","E","T","R","?","E","R","E"],"build_version":"2019-03-15","purchased_purges":0,"victory":false,"max_hp_per_floor":[82,82,74,74,74,74,74,74,74,74,74,74,74,74],"card_choices":[{"not_picked":["Sentinel","Pummel"],"picked":"Wild Strike","floor":1.0},{"not_picked":["Twin Strike","Clothesline"],"picked":"Shrug It Off","floor":4.0},{"not_picked":["Hemokinesis","Headbutt"],"picked":"Spot Weakness","floor":5.0},{"not_picked":["Thunderclap","Perfected Strike"],"picked":"Sword Boomerang","floor":7.0},{"not_picked":["Thunderclap","Clash"],"picked":"Pommel Strike","floor":8.0},{"not_picked":["Sentinel","Flex"],"picked":"Power Through","floor":12.0}],"player_experience":884742,"relics_obtained":[{"floor":8.0,"key":"Smiling Mask"},{"floor":9.0,"key":"The Courier"},{"floor":12.0,"key":"Prayer Wheel"}],"event_choices":[{"damage_healed":0.0,"max_hp_gain":0.0,"max_hp_loss":0.0,"gold_gain":79.0,"event_name":"Golden Wing","player_choice":"Gained Gold","floor":2.0,"gold_loss":0.0,"damage_taken":0.0},{"damage_healed":0.0,"max_hp_gain":0.0,"max_hp_loss":8.0,"gold_gain":0.0,"event_name":"Golden Idol","player_choice":"Lose Max HP","floor":3.0,"gold_loss":0.0,"damage_taken":0.0,"relics_obtained":["Golden Idol"]},{"cards_removed":["Strike_R"],"damage_healed":0.0,"max_hp_gain":0.0,"max_hp_loss":0.0,"gold_gain":0.0,"event_name":"The Cleric","player_choice":"Card Removal","floor":11.0,"gold_loss":75.0,"damage_taken":0.0}],"is_beta":true,"boss_relics":[],"items_purged_floors":[],"is_endless":false,"potions_floor_spawned":[1,7],"killed_by":"Gremlin Nob","ascension_level":15}