{"gold_per_floor":[214,289,4,4,79,79,95,95,118,153,171,200,219,229,229,229],"floor_reached":16,"playtime":627,"items_purged":["Strike_G"],"score":121,"play_id":"fb856ff0-a274-4b5d-8192-489332d86cfa","local_time":"20190217182251","is_ascension_mode":true,"campfire_choices":[{"data":"Survivor","floor":6,"key":"SMITH"},{"data":"Heel Hook","floor":8,"key":"SMITH"},{"data":"Blade Dance","floor":15,"key":"SMITH"}],"neow_cost":"NONE","seed_source_timestamp":31183836563402,"circlet_count":0,"master_deck":["Defend_G","Defend_G","Defend_G","Defend_G","Defend_G","Strike_G","Strike_G","Strike_G","Strike_G","Survivor+1","Neutralize+1","Heel Hook+1","Blade Dance","Heel Hook","Blade Dance+1","Poisoned Stab","Deadly Poison"],"relics":["Ring of the Snake","TwistedFunnel","Pen Nib","Ninja Scroll","Ornamental Fan"],"potions_floor_usage":[16],"damage_taken":[{"damage":0,"enemies":"2 Louse","floor":1,"turns":3},{"damage":0,"enemies":"Small Slimes","floor":7,"turns":3},{"damage":8,"enemies":"Lagavulin","floor":10,"turns":7},{"damage":0,"enemies":"Cultist","floor":11,"turns":2},{"damage":2,"enemies":"Gremlin Nob","floor":12,"turns":3},{"damage":0,"enemies":"Gremlin Gang","floor":13,"turns":3},{"damage":0,"enemies":"Exordium Wildlife","floor":14,"turns":1},{"damage":45,"enemies":"Slime Boss","floor":16,"turns":8}],"seed_played":"-5323906192608786399","potions_obtained":[{"floor":1,"key":"LiquidBronze"},{"floor":11,"key":"SpeedPotion"},{"floor":12,"key":"LiquidBronze"}],"is_trial":false,"path_per_floor":["M","?","$","?","?","R","M","R","T","E","M","E","M","M","R","B"],"character_chosen":"THE_SILENT","items_purchased":["TwistedFunnel"],"campfire_rested":0,"item_purchase_floors":[3],"current_hp_per_floor":[70,59,59,59,52,52,52,52,52,44,44,42,42,42,42,0],"gold":229,"neow_bonus":"HUNDRED_GOLD","is_prod":false,"is_daily":false,"chose_seed":false,"campfire_upgraded":3,"win_rate":0,"timestamp":1550398971,"path_taken":["M","?","$","?","?","R","M","R","T","E","?","E","?","M","R","BOSS"],"build_version":"2019-01-23","purchased_purges":1,"victory":false,"max_hp_per_floor":[70,70,70,70,70,70,70,70,70,70,70,70,70,70,70,70],"card_choices":[{"not_picked":["Catalyst","Bane"],"picked":"Heel Hook","floor":1},{"not_picked":["Flying Knee","Setup","Prepared"],"picked":"SKIP","floor":7},{"not_picked":["Bane","Escape Plan"],"picked":"Blade Dance","floor":10},{"not_picked":["Dodge and Roll","Dagger Throw"],"picked":"Heel Hook","floor":11},{"not_picked":["Prepared","Leg Sweep"],"picked":"Blade Dance","floor":12},{"not_picked":["Dash","PiercingWail"],"picked":"Poisoned Stab","floor":13},{"not_picked":["Cloak And Dagger","Flying Knee"],"picked":"Deadly Poison","floor":14}],"player_experience":402318,"relics_obtained":[{"floor":9,"key":"Pen Nib"},{"floor":10,"key":"Ninja Scroll"},{"floor":12,"key":"Ornamental Fan"}],"event_choices":[{"damage_healed":0,"gold_gain":75,"player_choice":"Gather Gold","damage_taken":11,"max_hp_gain":0,"max_hp_loss":0,"event_name":"World of Goop","floor":2,"gold_loss":0},{"damage_healed":0,"gold_gain":0,"player_choice":"Grow","damage_taken":0,"max_hp_gain":0,"max_hp_loss":0,"event_name":"Living Wall","floor":4,"gold_loss":0,"cards_upgraded":["Neutralize"]},{"damage_healed":0,"gold_gain":75,"player_choice":"Touch","damage_taken":7,"max_hp_gain":0,"max_hp_loss":0,"event_name":"FaceTrader","floor":5,"gold_loss":0}],"is_beta":false,"boss_relics":[],"items_purged_floors":[3],"is_endless":false,"potions_floor_spawned":[1,11,12],"killed_by":"Slime Boss","ascension_level":2}