{"gold_per_floor":[114,133,147,147,147,147,147,147,147,182,196,25,45,79,79,152,152,170,1,1,17,30,61,61,71,96,110,124,138,138,163,175,263,275,301,330,358,195,211,242,242,259,283,70,87,50,77,127,127,127,127,127,127,44,76,76],"floor_reached":56,"playtime":3752,"items_purged":["Strike_R","Strike_R","Strike_R"],"score":1922,"play_id":"5c73b493-8a19-4b7a-95f1-ec40e836d896","local_time":"20190413101102","is_ascension_mode":true,"campfire_choices":[{"data":"Bash","floor":6.0,"key":"SMITH"},{"data":"Headbutt","floor":8.0,"key":"SMITH"},{"data":"True Grit","floor":15.0,"key":"SMITH"},{"data":"Shockwave","floor":24.0,"key":"SMITH"},{"data":"Battle Trance","floor":30.0,"key":"SMITH"},{"data":"Uppercut","floor":32.0,"key":"SMITH"},{"floor":41.0,"key":"RECALL"},{"data":"Offering","floor":49.0,"key":"SMITH"},{"data":"Uppercut","floor":53.0,"key":"SMITH"}],"neow_cost":"NONE","seed_source_timestamp":1298422858172358,"circlet_count":0,"master_deck":["AscendersBane","Strike_R+1","Defend_R","Defend_R","Defend_R","Defend_R","Bash+1","Anger+1","Headbutt+1","True Grit+1","Impervious","Reaper","Blood for Blood+1","Corruption+1","Impervious","Shockwave+1","Flame Barrier","Spot Weakness","Shrug It Off","Battle Trance+1","Uppercut+1","Immolate","Clothesline","Inflame+1","Battle Trance+1","Evolve+1","Disarm+1","Uppercut+1","Offering+1","Feel No Pain+1","Flame Barrier"],"special_seed":0,"relics":["Burning Blood","NeowsBlessing","Shuriken","Frozen Egg 2","PreservedInsect","Mercury Hourglass","Snecko Eye","Whetstone","Bag of Preparation","MawBank","Sozu","Bottled Tornado","Sundial","Mango","Bottled Flame"],"potions_floor_usage":[],"damage_taken":[{"damage":0.0,"enemies":"Cultist","floor":1.0,"turns":1.0},{"damage":0.0,"enemies":"Jaw Worm","floor":2.0,"turns":1.0},{"damage":0.0,"enemies":"Small Slimes","floor":3.0,"turns":1.0},{"damage":8.0,"enemies":"Gremlin Nob","floor":10.0,"turns":3.0},{"damage":10.0,"enemies":"3 Louse","floor":11.0,"turns":4.0},{"damage":4.0,"enemies":"Blue Slaver","floor":13.0,"turns":3.0},{"damage":8.0,"enemies":"3 Sentries","floor":14.0,"turns":5.0},{"damage":66.0,"enemies":"Slime Boss","floor":16.0,"turns":11.0},{"damage":0.0,"enemies":"Chosen","floor":18.0,"turns":5.0},{"damage":22.0,"enemies":"2 Thieves","floor":21.0,"turns":4.0},{"damage":12.0,"enemies":"Snake Plant","floor":22.0,"turns":5.0},{"damage":6.0,"enemies":"Book of Stabbing","floor":23.0,"turns":4.0},{"damage":4.0,"enemies":"Centurion and Healer","floor":25.0,"turns":6.0},{"damage":1.0,"enemies":"Snecko","floor":27.0,"turns":6.0},{"damage":2.0,"enemies":"Cultist and Chosen","floor":28.0,"turns":6.0},{"damage":5.0,"enemies":"Shelled Parasite and Fungi","floor":29.0,"turns":4.0},{"damage":1.0,"enemies":"Gremlin Leader","floor":31.0,"turns":6.0},{"damage":65.0,"enemies":"Champ","floor":33.0,"turns":12.0},{"damage":0.0,"enemies":"3 Darklings","floor":35.0,"turns":3.0},{"damage":0.0,"enemies":"Orb Walker","floor":36.0,"turns":2.0},{"damage":0.0,"enemies":"3 Darklings","floor":37.0,"turns":6.0},{"damage":19.0,"enemies":"Sphere and 2 Shapes","floor":39.0,"turns":6.0},{"damage":18.0,"enemies":"Nemesis","floor":40.0,"turns":7.0},{"damage":8.0,"enemies":"Maw","floor":42.0,"turns":7.0},{"damage":7.0,"enemies":"Writhing Mass","floor":45.0,"turns":5.0},{"damage":0.0,"enemies":"Reptomancer","floor":47.0,"turns":3.0},{"damage":6.0,"enemies":"2 Orb Walkers","floor":48.0,"turns":2.0},{"damage":31.0,"enemies":"Donu and Deca","floor":50.0,"turns":7.0},{"damage":63.0,"enemies":"Time Eater","floor":51.0,"turns":12.0},{"damage":52.0,"enemies":"Shield and Spear","floor":55.0,"turns":8.0},{"damage":63,"enemies":"The Heart","floor":56,"turns":3}],"seed_played":"-6763824516525660742","potions_obtained":[{"floor":2.0,"key":"FearPotion"},{"floor":11.0,"key":"Explosive Potion"},{"floor":14.0,"key":"BloodPotion"},{"floor":16.0,"key":"BloodPotion"},{"floor":23.0,"key":"Energy Potion"}],"is_trial":false,"path_per_floor":["M","M","M","?","?","R","?","R","T","E","M","$","M","E","R","B",null,"M","$","?","M","M","E","R","M","T","M","M","M","R","E","R","B",null,"M","M","M","$","M","E","R","M","T","$","M","$","E","?","R","B","B",null,"R","$","E","B"],"character_chosen":"IRONCLAD","items_purchased":["PreservedInsect","Corruption+1","SkillPotion","Inflame+1","Evolve+1","Uppercut","Feel No Pain+1"],"campfire_rested":0,"item_purchase_floors":[12,19,19,38,44,46,54],"current_hp_per_floor":[74,75,75,68,68,68,68,68,68,66,62,62,64,62,62,9,59,65,65,65,59,53,57,57,73,73,75,75,75,75,75,75,29,64,75,75,75,75,62,50,50,55,55,55,67,67,73,89,89,86,44,78,78,78,50,0],"gold":76,"neow_bonus":"THREE_ENEMY_KILL","is_prod":false,"is_daily":false,"chose_seed":false,"campfire_upgraded":8,"win_rate":0,"timestamp":1555117862,"path_taken":["M","M","?","?","?","R","?","R","T","E","M","$","M","E","R","BOSS","M","$","?","M","?","E","R","M","T","M","M","?","R","E","R","BOSS","M","M","M","$","M","E","R","?","T","$","M","$","E","?","R","BOSS","BOSS","R","$","E","BOSS"],"build_version":"2019-01-23","purchased_purges":3,"victory":false,"max_hp_per_floor":[75,75,75,75,75,75,75,75,75,75,75,75,75,75,75,75,75,75,75,75,75,75,75,75,75,75,75,75,75,75,75,75,75,75,75,75,75,75,75,75,75,75,75,75,75,75,75,89,89,89,89,89,89,89,89,89],"card_choices":[{"not_picked":["Clash","Dual Wield"],"picked":"Anger","floor":1.0},{"not_picked":["Iron Wave","Body Slam","Rampage"],"picked":"SKIP","floor":2.0},{"not_picked":["Power Through","Heavy Blade"],"picked":"Headbutt","floor":3.0},{"not_picked":["Intimidate","Anger"],"picked":"True Grit","floor":10.0},{"not_picked":["Body Slam","Cleave","Wild Strike"],"picked":"SKIP","floor":11.0},{"not_picked":["Infernal Blade","Clothesline"],"picked":"Impervious","floor":13.0},{"not_picked":["Reckless Charge","Ghostly Armor","Warcry"],"picked":"SKIP","floor":14.0},{"not_picked":["Feed","Brutality+1"],"picked":"Reaper","floor":16.0},{"not_picked":["Searing Blow","Body Slam"],"picked":"Blood for Blood","floor":18.0},{"not_picked":["Pommel Strike","Rage"],"picked":"Shockwave","floor":21.0},{"not_picked":["Rage","Iron Wave"],"picked":"Flame Barrier","floor":22.0},{"not_picked":["Seeing Red","Thunderclap","Flex"],"picked":"SKIP","floor":23.0},{"not_picked":["Carnage","Brutality+1"],"picked":"Spot Weakness","floor":25.0},{"not_picked":["Cleave","Armaments"],"picked":"Shrug It Off","floor":27.0},{"not_picked":["Entrench","Body Slam"],"picked":"Battle Trance","floor":28.0},{"not_picked":["Thunderclap","Cleave","Power Through"],"picked":"SKIP","floor":29.0},{"not_picked":["Cleave+1","Intimidate"],"picked":"Uppercut","floor":31.0},{"not_picked":["Juggernaut+1","Brutality+1"],"picked":"Immolate","floor":33.0},{"not_picked":["Burning Pact","Sword Boomerang"],"picked":"Clothesline","floor":35.0},{"not_picked":["Havoc+1","Iron Wave","Seeing Red"],"picked":"SKIP","floor":36.0},{"not_picked":["Havoc","Warcry","Clothesline"],"picked":"SKIP","floor":37.0},{"not_picked":["Clash","Wild Strike+1","Flex"],"picked":"SKIP","floor":39.0},{"not_picked":["Warcry","Hemokinesis","Combust+1"],"picked":"SKIP","floor":40.0},{"not_picked":["Sword Boomerang","Warcry"],"picked":"Battle Trance+1","floor":42.0},{"not_picked":["Headbutt","Searing Blow"],"picked":"Disarm+1","floor":45.0},{"not_picked":["Pommel Strike+1","Flex"],"picked":"Offering","floor":47.0},{"not_picked":["Rage","True Grit"],"picked":"Flame Barrier","floor":55.0}],"player_experience":908071,"relics_obtained":[{"floor":9.0,"key":"Shuriken"},{"floor":10.0,"key":"Frozen Egg 2"},{"floor":14.0,"key":"Mercury Hourglass"},{"floor":23.0,"key":"Whetstone"},{"floor":26.0,"key":"Bag of Preparation"},{"floor":31.0,"key":"MawBank"},{"floor":40.0,"key":"Bottled Tornado"},{"floor":47.0,"key":"Sundial"},{"floor":48.0,"key":"Mango"},{"floor":55.0,"key":"Bottled Flame"}],"event_choices":[{"cards_removed":["Strike_R"],"damage_healed":0.0,"max_hp_gain":0.0,"max_hp_loss":0.0,"gold_gain":0.0,"event_name":"Golden Wing","player_choice":"Card Removal","floor":4.0,"gold_loss":0.0,"damage_taken":7.0},{"damage_healed":0.0,"max_hp_gain":0.0,"max_hp_loss":0.0,"gold_gain":0.0,"event_name":"Liars Game","player_choice":"Ignored","floor":5.0,"gold_loss":0.0,"damage_taken":0.0},{"damage_healed":0.0,"max_hp_gain":0.0,"max_hp_loss":0.0,"gold_gain":0.0,"event_name":"Living Wall","player_choice":"Grow","floor":7.0,"gold_loss":0.0,"damage_taken":0.0,"cards_upgraded":["Anger"]},{"damage_healed":0.0,"max_hp_gain":0.0,"max_hp_loss":0.0,"gold_gain":0.0,"event_name":"Duplicator","player_choice":"Copied","floor":20.0,"gold_loss":0.0,"damage_taken":0.0,"cards_obtained":["Impervious"]},{"damage_healed":0.0,"max_hp_gain":0.0,"max_hp_loss":0.0,"gold_gain":0.0,"event_name":"Mysterious Sphere","player_choice":"Fight","floor":48.0,"gold_loss":0.0,"damage_taken":0.0}],"is_beta":false,"boss_relics":[{"not_picked":["Empty Cage","Black Star"],"picked":"Snecko Eye"},{"not_picked":["Philosopher\u0027s Stone","Black Blood"],"picked":"Sozu"}],"items_purged_floors":[19,38,44],"is_endless":false,"potions_floor_spawned":[2,11,14,16,23,25,28,29,31,35,37,40,47,48],"killed_by":"The Heart","ascension_level":20}