{"gold_per_floor":[110,110,129,139,155,155,181,181,181,181,194,210,12,30,30,104,104,123,137,137,137,148,148,177,177,177,177,207,222,222,239,239,310,310,326,342,359,377,377,377,377,389,470,470,470,503,518,596,596,596],"floor_reached":50,"playtime":2378,"items_purged":[],"score":1001,"play_id":"cb5fe004-e670-4896-8414-8191186ce8ea","local_time":"20190207112210","is_ascension_mode":true,"campfire_choices":[{"data":"Doom and Gloom","floor":6.0,"key":"SMITH"},{"data":"Dualcast","floor":8.0,"key":"SMITH"},{"data":"Self Repair","floor":10.0,"key":"SMITH"},{"data":"Tempest","floor":15.0,"key":"SMITH"},{"data":"Barrage","floor":23.0,"key":"SMITH"},{"data":"Static Discharge","floor":25.0,"key":"SMITH"},{"data":"Electrodynamics","floor":27.0,"key":"SMITH"},{"data":"Buffer","floor":30.0,"key":"SMITH"},{"data":"Conserve Battery","floor":32,"key":"SMITH"},{"data":"Seek","floor":40,"key":"SMITH"},{"data":"Auto Shields","floor":44,"key":"SMITH"},{"data":"Consume","floor":49,"key":"SMITH"}],"neow_cost":"NONE","seed_source_timestamp":1300095313576173,"circlet_count":0,"master_deck":["AscendersBane","Strike_B","Strike_B","Strike_B","Strike_B","Defend_B","Defend_B","Defend_B","Defend_B","Zap+1","Dualcast+1","Doom and Gloom+1","FTL","Self Repair+1","Electrodynamics+1","Barrage+1","Conserve Battery+1","Static Discharge+1","Tempest+1","Machine Learning","Ghostly","Ghostly","Ghostly","Buffer+1","Seek+1","Tempest+1","Auto Shields+1","Capacitor+1","Parasite","Reinforced Body","Consume+1"],"special_seed":0,"relics":["FrozenCore","Mango","Kunai","Ancient Tea Set","Pantograph","Pocketwatch","Unceasing Top","Runic Dome","Sundial","Potion Belt","Ornamental Fan"],"potions_floor_usage":[31,33,46,50,50],"damage_taken":[{"damage":2.0,"enemies":"2 Louse","floor":1.0,"turns":2.0},{"damage":0.0,"enemies":"Cultist","floor":3.0,"turns":3.0},{"damage":0.0,"enemies":"Small Slimes","floor":4.0,"turns":2.0},{"damage":9.0,"enemies":"3 Louse","floor":5.0,"turns":2.0},{"damage":30.0,"enemies":"Gremlin Nob","floor":7.0,"turns":4.0},{"damage":17.0,"enemies":"Looter","floor":11.0,"turns":3.0},{"damage":1.0,"enemies":"2 Fungi Beasts","floor":12.0,"turns":2.0},{"damage":14.0,"enemies":"Blue Slaver","floor":14.0,"turns":3.0},{"damage":23.0,"enemies":"The Guardian","floor":16.0,"turns":10.0},{"damage":15.0,"enemies":"2 Thieves","floor":18.0,"turns":3.0},{"damage":14.0,"enemies":"Spheric Guardian","floor":19.0,"turns":4.0},{"damage":33.0,"enemies":"Chosen and Byrds","floor":22.0,"turns":7.0},{"damage":2.0,"enemies":"Slavers","floor":24.0,"turns":3.0},{"damage":0.0,"enemies":"Gremlin Leader","floor":28.0,"turns":6.0},{"damage":18.0,"enemies":"Shelled Parasite and Fungi","floor":29.0,"turns":5.0},{"damage":0,"enemies":"Cultist and Chosen","floor":31,"turns":5},{"damage":17,"enemies":"Collector","floor":33,"turns":11},{"damage":0,"enemies":"Orb Walker","floor":35,"turns":4},{"damage":12,"enemies":"3 Darklings","floor":36,"turns":4},{"damage":13,"enemies":"Maw","floor":37,"turns":9},{"damage":0,"enemies":"Transient","floor":38,"turns":6},{"damage":0,"enemies":"Writhing Mass","floor":42,"turns":6},{"damage":28,"enemies":"Reptomancer","floor":46,"turns":6},{"damage":0,"enemies":"3 Darklings","floor":47,"turns":6},{"damage":40,"enemies":"Awakened One","floor":50,"turns":12}],"seed_played":"6918389803605840898","potions_obtained":[{"floor":3.0,"key":"Energy Potion"},{"floor":4.0,"key":"EntropicBrew"},{"floor":7.0,"key":"Ancient Potion"},{"floor":14.0,"key":"SpeedPotion"},{"floor":16.0,"key":"Block Potion"},{"floor":22.0,"key":"SpeedPotion"},{"floor":24.0,"key":"PowerPotion"},{"floor":31,"key":"LiquidBronze"},{"floor":37,"key":"Block Potion"},{"floor":38,"key":"Block Potion"},{"floor":47,"key":"FearPotion"}],"is_trial":false,"path_per_floor":["M","?","M","M","M","R","E","R","T","R","M","M","$","M","R","B",null,"M","M","?","?","M","R","E","R","T","R","E","M","R","M","R","B",null,"M","M","M","M","?","R","?","M","T","R","?","E","M","T","R","B"],"character_chosen":"DEFECT","items_purchased":["Ancient Tea Set","Static Discharge"],"campfire_rested":0,"item_purchase_floors":[13,13],"current_hp_per_floor":[62,62,62,62,53,53,44,44,44,44,37,46,46,42,42,29,71,56,52,42,42,19,19,27,27,27,27,37,29,29,39,39,35,40,40,38,35,42,42,42,40,40,40,40,40,22,32,32,32,0],"gold":596,"neow_bonus":"UPGRADE_CARD","is_prod":false,"is_daily":false,"chose_seed":false,"campfire_upgraded":12,"win_rate":0,"timestamp":1549506130,"path_taken":["M","?","M","M","M","R","E","R","T","R","M","M","?","M","R","BOSS","M","M","?","?","M","R","E","R","T","R","E","M","R","M","R","BOSS","M","M","M","M","?","R","?","M","T","R","?","E","?","?","R","BOSS"],"build_version":"2019-01-23","purchased_purges":0,"victory":false,"max_hp_per_floor":[71,71,71,71,71,71,85,85,85,85,85,85,85,85,85,85,85,85,85,42,42,42,42,42,42,42,42,42,42,42,42,42,42,42,42,42,42,42,42,42,40,40,40,40,40,40,40,40,40,40],"card_choices":[{"not_picked":["Go for the Eyes","Blizzard"],"picked":"Doom and Gloom","floor":1.0},{"not_picked":["Rebound","Beam Cell","Heatsinks"],"picked":"SKIP","floor":3.0},{"not_picked":["Barrage","Leap"],"picked":"FTL","floor":4.0},{"not_picked":["Darkness","Go for the Eyes"],"picked":"Self Repair","floor":5.0},{"not_picked":["Leap","Thunder Strike"],"picked":"Electrodynamics","floor":7.0},{"not_picked":["Leap","Beam Cell"],"picked":"Barrage","floor":11.0},{"not_picked":["Gash","Steam"],"picked":"Conserve Battery","floor":12.0},{"not_picked":["Hologram","Coolheaded"],"picked":"Tempest","floor":14.0},{"not_picked":["Multi-Cast","Electrodynamics"],"picked":"Machine Learning","floor":16.0},{"not_picked":["Reprogram","Beam Cell","Compile Driver"],"picked":"SKIP","floor":18.0},{"not_picked":["Static Discharge","Leap","Steam"],"picked":"SKIP","floor":19.0},{"not_picked":["Go for the Eyes","Rip and Tear","Genetic Algorithm"],"picked":"SKIP","floor":22.0},{"not_picked":["Conserve Battery","Melter","Coolheaded"],"picked":"SKIP","floor":24.0},{"not_picked":["Conserve Battery","Melter"],"picked":"Buffer","floor":28.0},{"not_picked":["Chill","Aggregate","Compile Driver"],"picked":"SKIP","floor":29.0},{"not_picked":["Turbo","Sweeping Beam","Redo"],"picked":"SKIP","floor":31},{"not_picked":["Fission","Hyperbeam"],"picked":"Seek","floor":33},{"not_picked":["Barrage","Leap"],"picked":"Tempest+1","floor":35},{"not_picked":["Steam","Streamline+1"],"picked":"Auto Shields","floor":36},{"not_picked":["Hologram","Cold Snap"],"picked":"Capacitor+1","floor":37},{"not_picked":["Leap","Scrape","BootSequence"],"picked":"SKIP","floor":38},{"not_picked":["Chill","Loop","Genetic Algorithm"],"picked":"SKIP","floor":42},{"not_picked":["Stack","Gash"],"picked":"Reinforced Body","floor":46},{"not_picked":["Force Field+1","Thunder Strike"],"picked":"Consume","floor":47}],"player_experience":476686,"relics_obtained":[{"floor":7.0,"key":"Mango"},{"floor":9.0,"key":"Kunai"},{"floor":24.0,"key":"Pantograph"},{"floor":26.0,"key":"Pocketwatch"},{"floor":28.0,"key":"Unceasing Top"},{"floor":43,"key":"Sundial"},{"floor":46,"key":"Potion Belt"},{"floor":48,"key":"Ornamental Fan"}],"event_choices":[{"damage_healed":0.0,"max_hp_gain":0.0,"max_hp_loss":0.0,"gold_gain":0.0,"event_name":"FaceTrader","player_choice":"Leave","floor":2.0,"gold_loss":0.0,"damage_taken":0.0},{"damage_healed":0.0,"max_hp_gain":0.0,"max_hp_loss":43.0,"gold_gain":0.0,"event_name":"Ghosts","player_choice":"Became a Ghost","floor":20.0,"gold_loss":0.0,"damage_taken":0.0,"cards_obtained":["Ghostly","Ghostly","Ghostly"]},{"damage_healed":0.0,"max_hp_gain":0.0,"max_hp_loss":0.0,"gold_gain":0.0,"event_name":"Vampires","player_choice":"Ignored","floor":21.0,"gold_loss":0.0,"damage_taken":0.0},{"damage_healed":0,"gold_gain":0,"player_choice":"Ignored","damage_taken":0,"max_hp_gain":0,"max_hp_loss":0,"event_name":"Tomb of Lord Red Mask","floor":39,"gold_loss":0},{"damage_healed":0,"gold_gain":0,"player_choice":"Max HP","damage_taken":0,"max_hp_gain":0,"max_hp_loss":2,"event_name":"Winding Halls","floor":41,"gold_loss":0},{"damage_healed":0,"gold_gain":0,"player_choice":"Ignored","damage_taken":0,"max_hp_gain":0,"max_hp_loss":0,"event_name":"Mysterious Sphere","floor":45,"gold_loss":0}],"is_beta":false,"boss_relics":[{"not_picked":["Snecko Eye","Philosopher\u0027s Stone"],"picked":"FrozenCore"},{"not_picked":["Black Star","Astrolabe"],"picked":"Runic Dome"}],"items_purged_floors":[],"is_endless":false,"potions_floor_spawned":[3,4,7,14,16,22,24,31,37,38,42,47],"killed_by":"Awakened One","ascension_level":17}