{"gold_per_floor":[110,110,129,149,12,12,39,51,96,108,133,145,157,195,207,294,306,334,346,42,53,69,69,104,104,104,119,119,150,162,180,180,257,257,276,276,276,220,320,345,345,345,345,374,26,26,39,53,53,53,53,53,53,28,57,57],"floor_reached":57,"playtime":2687,"items_purged":[],"score":2816,"play_id":"eb236fef-94e6-469d-9362-5f771fb1d62d","local_time":"20190504163319","is_ascension_mode":true,"campfire_choices":[{"data":"Uppercut","floor":6.0,"key":"SMITH"},{"data":"Whirlwind","floor":10.0,"key":"SMITH"},{"data":"Demon Form","floor":15.0,"key":"SMITH"},{"data":"Shockwave","floor":23.0,"key":"SMITH"},{"data":"Heavy Blade","floor":25.0,"key":"SMITH"},{"data":"Fiend Fire","floor":28,"key":"SMITH"},{"floor":32,"key":"REST"},{"floor":42,"key":"RECALL"},{"data":"Clothesline","floor":46,"key":"SMITH"},{"floor":49,"key":"REST"},{"data":"Feel No Pain","floor":53,"key":"SMITH"}],"neow_cost":"NONE","seed_source_timestamp":471213399540600,"circlet_count":0,"master_deck":["AscendersBane","Strike_R","Strike_R","Defend_R","Defend_R","Defend_R","Defend_R","Bash","Shrug It Off","Thunderclap","Shockwave+1","Uppercut+1","Twin Strike","Whirlwind+1","Demon Form+1","Fiend Fire+1","Clothesline+1","True Grit+1","Heavy Blade+1","True Grit+1","Impervious+1","Barricade","Disarm+1","Panacea+1","Corruption","Regret","Double Tap+1","Flame Barrier+1","Feel No Pain+1","Flame Barrier+1","True Grit+1"],"special_seed":0,"relics":["Burning Blood","Self Forming Clay","MawBank","Red Skull","Snecko Eye","Toxic Egg 2","Juzu Bracelet","Regal Pillow","Bag of Marbles","Cursed Key","Happy Flower","Magic Flower","Dream Catcher","Pear","Membership Card","Mummified Hand","Du-Vu Doll"],"potions_floor_usage":[29,33,55,56],"damage_taken":[{"damage":2.0,"enemies":"2 Louse","floor":1.0,"turns":4.0},{"damage":10.0,"enemies":"Cultist","floor":3.0,"turns":5.0},{"damage":1.0,"enemies":"Small Slimes","floor":4.0,"turns":4.0},{"damage":46.0,"enemies":"Lagavulin","floor":7.0,"turns":8.0},{"damage":10.0,"enemies":"Gremlin Gang","floor":8.0,"turns":3.0},{"damage":18.0,"enemies":"Exordium Wildlife","floor":11.0,"turns":5.0},{"damage":26.0,"enemies":"Gremlin Nob","floor":14.0,"turns":4.0},{"damage":5.0,"enemies":"Hexaghost","floor":16.0,"turns":7.0},{"damage":0.0,"enemies":"3 Byrds","floor":18.0,"turns":2.0},{"damage":15.0,"enemies":"Shell Parasite","floor":21.0,"turns":3.0},{"damage":2.0,"enemies":"Centurion and Healer","floor":22.0,"turns":4.0},{"damage":15.0,"enemies":"Gremlin Leader","floor":24.0,"turns":4.0},{"damage":19,"enemies":"Shelled Parasite and Fungi","floor":27,"turns":3},{"damage":17,"enemies":"Book of Stabbing","floor":29,"turns":5},{"damage":8,"enemies":"Snecko","floor":30,"turns":3},{"damage":9,"enemies":"Snake Plant","floor":31,"turns":2},{"damage":8,"enemies":"Automaton","floor":33,"turns":6},{"damage":0,"enemies":"Orb Walker","floor":35,"turns":2},{"damage":0,"enemies":"Mind Bloom Boss Battle","floor":39,"turns":6},{"damage":25,"enemies":"Reptomancer","floor":40,"turns":5},{"damage":21,"enemies":"Nemesis","floor":44,"turns":7},{"damage":9,"enemies":"3 Shapes","floor":47,"turns":8},{"damage":17,"enemies":"Transient","floor":48,"turns":6},{"damage":23,"enemies":"Donu and Deca","floor":50,"turns":7},{"damage":0,"enemies":"Awakened One","floor":51,"turns":7},{"damage":37,"enemies":"Shield and Spear","floor":55,"turns":9},{"damage":44,"enemies":"The Heart","floor":56,"turns":8}],"seed_played":"5918740976674587250","potions_obtained":[{"floor":3.0,"key":"FairyPotion"},{"floor":8.0,"key":"AttackPotion"},{"floor":16.0,"key":"AttackPotion"},{"floor":21.0,"key":"Block Potion"},{"floor":27,"key":"Block Potion"},{"floor":33,"key":"PowerPotion"},{"floor":35,"key":"GamblersBrew"}],"is_trial":false,"path_per_floor":["M","?","M","M","$","R","E","M","T","R","M","?","?","E","R","B",null,"M","?","$","M","M","R","E","R","T","M","R","E","M","M","R","B",null,"M","?","?","?","?","E","?","R","T","E","$","R","M","M","R","B","B",null,"R","$","E","B",null],"character_chosen":"IRONCLAD","items_purchased":["Uppercut","Twin Strike","Toxic Egg 2","True Grit+1","Membership Card","Mummified Hand","True Grit+1"],"campfire_rested":2,"item_purchase_floors":[5,5,20,20,45,45,54],"current_hp_per_floor":[79,79,75,80,80,80,40,36,36,36,24,24,24,14,14,15,65,71,71,71,62,66,66,57,57,57,44,44,33,31,28,67,65,78,82,82,82,82,82,66,66,66,66,64,64,64,64,56,92,78,87,91,91,91,63,28],"gold":57,"neow_bonus":"TEN_PERCENT_HP_BONUS","is_prod":false,"is_daily":false,"chose_seed":false,"campfire_upgraded":8,"win_rate":0,"timestamp":1556955199,"path_taken":["M","?","M","M","?","R","E","M","T","R","M","?","?","E","R","BOSS","M","?","$","?","M","R","E","R","T","M","R","E","M","M","R","BOSS","M","?","?","?","?","E","?","R","T","E","?","R","M","M","R","BOSS","BOSS","R","$","E","BOSS"],"build_version":"2019-01-23","purchased_purges":0,"victory":true,"max_hp_per_floor":[82,82,82,82,82,82,82,82,82,82,82,82,82,82,82,82,82,82,82,82,82,82,82,82,82,82,82,82,82,82,82,82,82,82,82,82,82,82,82,82,82,82,82,92,92,92,92,92,92,92,92,92,92,92,92,92],"card_choices":[{"not_picked":["True Grit","Perfected Strike"],"picked":"Shrug It Off","floor":1.0},{"not_picked":["Warcry","Perfected Strike"],"picked":"Thunderclap","floor":3.0},{"not_picked":["Cleave","Warcry"],"picked":"Shockwave","floor":4.0},{"not_picked":["Hemokinesis","Uppercut"],"picked":"Whirlwind","floor":7.0},{"not_picked":["Perfected Strike","Clothesline","Warcry"],"picked":"SKIP","floor":8.0},{"not_picked":["Sword Boomerang","Cleave","Dropkick"],"picked":"SKIP","floor":11.0},{"not_picked":["Sentinel","Warcry"],"picked":"Demon Form","floor":14.0},{"not_picked":["Dark Embrace","Juggernaut"],"picked":"Fiend Fire","floor":16.0},{"not_picked":["Wild Strike","Warcry","Cleave"],"picked":"SKIP","floor":18.0},{"not_picked":["Wild Strike","Ghostly Armor+1"],"picked":"Heavy Blade","floor":21.0},{"not_picked":["Wild Strike+1","Uppercut+1"],"picked":"True Grit+1","floor":22.0},{"not_picked":["Combust","Clothesline","Pummel"],"picked":"SKIP","floor":24.0},{"not_picked":["Havoc+1","Twin Strike","Burning Pact+1"],"picked":"SKIP","floor":27},{"not_picked":["Clothesline","Evolve","Twin Strike"],"picked":"SKIP","floor":29},{"not_picked":["Havoc+1","Reckless Charge","Warcry+1"],"picked":"SKIP","floor":30},{"not_picked":["Iron Wave","Pummel"],"picked":"Impervious+1","floor":31},{"not_picked":["Offering+1","Dark Embrace"],"picked":"Barricade","floor":33},{"not_picked":["Seeing Red+1","Sever Soul"],"picked":"Disarm+1","floor":35},{"not_picked":["Deep Breath+1","Flash of Steel"],"picked":"Panacea+1","floor":37},{"not_picked":["Power Through+1","Searing Blow"],"picked":"Corruption","floor":40},{"not_picked":["Clothesline+1","Metallicize"],"picked":"Double Tap+1","floor":44},{"not_picked":["Havoc+1","Anger+1"],"picked":"Flame Barrier+1","floor":47},{"not_picked":["Clothesline","Flex+1"],"picked":"Feel No Pain","floor":48},{"not_picked":["Inflame","Power Through+1"],"picked":"Flame Barrier+1","floor":49},{"not_picked":["Flex+1","Uppercut","Clash+1"],"picked":"SKIP","floor":55}],"player_experience":1213145,"relics_obtained":[{"floor":7.0,"key":"Self Forming Clay"},{"floor":9.0,"key":"MawBank"},{"floor":14.0,"key":"Red Skull"},{"floor":24.0,"key":"Juzu Bracelet"},{"floor":26.0,"key":"Regal Pillow"},{"floor":29,"key":"Bag of Marbles"},{"floor":39,"key":"Magic Flower"},{"floor":40,"key":"Dream Catcher"},{"floor":44,"key":"Pear"},{"floor":55,"key":"Du-Vu Doll"}],"event_choices":[{"cards_removed":["Strike_R"],"damage_healed":0.0,"max_hp_gain":0.0,"max_hp_loss":0.0,"gold_gain":0.0,"event_name":"Purifier","player_choice":"Purged","floor":2.0,"gold_loss":0.0,"damage_taken":0.0},{"damage_healed":0.0,"max_hp_gain":0.0,"max_hp_loss":0.0,"gold_gain":0.0,"event_name":"Dead Adventurer","player_choice":"Searched \u00270\u0027 times","floor":12.0,"gold_loss":0.0,"damage_taken":0.0},{"damage_healed":0.0,"max_hp_gain":0.0,"max_hp_loss":0.0,"gold_gain":0.0,"event_name":"Scrap Ooze","player_choice":"Fled","floor":13.0,"gold_loss":0.0,"damage_taken":0.0},{"damage_healed":0.0,"max_hp_gain":0.0,"max_hp_loss":0.0,"gold_gain":0.0,"cards_transformed":["Strike_R"],"event_name":"Transmorgrifier","player_choice":"Transformed","floor":19.0,"gold_loss":0.0,"damage_taken":0.0,"cards_obtained":["Clothesline"]},{"cards_removed":["Strike_R"],"damage_healed":0,"gold_gain":0,"player_choice":"Offered Basic","damage_taken":0,"max_hp_gain":0,"max_hp_loss":0,"event_name":"Bonfire Elementals","floor":36,"gold_loss":0},{"damage_healed":0,"gold_gain":0,"player_choice":"Memory 1","damage_taken":0,"max_hp_gain":0,"max_hp_loss":0,"event_name":"SensoryStone","floor":37,"gold_loss":0},{"damage_healed":0,"gold_gain":0,"player_choice":"Paid Gold","damage_taken":0,"relics_obtained":["Happy Flower"],"max_hp_gain":0,"max_hp_loss":0,"event_name":"WeMeetAgain","floor":38,"gold_loss":56},{"damage_healed":0,"gold_gain":0,"player_choice":"Fight","damage_taken":0,"max_hp_gain":0,"max_hp_loss":0,"event_name":"MindBloom","floor":39,"gold_loss":0},{"damage_healed":0,"gold_gain":0,"player_choice":"Ignored","damage_taken":0,"max_hp_gain":0,"max_hp_loss":0,"event_name":"Tomb of Lord Red Mask","floor":41,"gold_loss":0}],"is_beta":false,"boss_relics":[{"not_picked":["Sozu","Orrery"],"picked":"Snecko Eye"},{"not_picked":["Runic Pyramid","Astrolabe"],"picked":"Cursed Key"}],"items_purged_floors":[],"is_endless":false,"potions_floor_spawned":[3,8,16,21,22,27,33,35,40,47],"ascension_level":20}