{"gold_per_floor":[111,111,111,129,129,129,143,32,32,32,32,43,74,92,92,187,187,206,225,245,245,264,298,308,323,369,369],"floor_reached":27,"playtime":1668,"items_purged":["Strike_G"],"score":308,"play_id":"ccc7fe8b-4a1c-428f-9ef8-bf097a2e29e1","local_time":"20181104004328","is_ascension_mode":true,"campfire_choices":[{"floor":6,"key":"REST"},{"data":"Noxious Fumes","floor":10,"key":"SMITH"},{"data":"Bouncing Flask","floor":15,"key":"SMITH"}],"neow_cost":"NONE","seed_source_timestamp":10319562570924,"circlet_count":0,"master_deck":["Defend_G","Defend_G","Defend_G","Defend_G","Defend_G","Strike_G","Strike_G","Strike_G","Survivor","Neutralize","Infinite Blades","PiercingWail","Noxious Fumes+1","Leg Sweep","Deadly Poison","Bouncing Flask+1","Blur"],"relics":["Ring of the Snake","NeowsBlessing","Centennial Puzzle","Letter Opener","Blood Vial","Sundial","Velvet Choker","Bottled Flame","Omamori"],"potions_floor_usage":[16,16,22,22,23,27,27],"damage_taken":[{"damage":0,"enemies":"2 Louse","floor":1,"turns":1},{"damage":0,"enemies":"Jaw Worm","floor":4,"turns":1},{"damage":0,"enemies":"Cultist","floor":7,"turns":1},{"damage":2,"enemies":"Exordium Wildlife","floor":12,"turns":6},{"damage":4,"enemies":"Lagavulin","floor":13,"turns":6},{"damage":6,"enemies":"Blue Slaver","floor":14,"turns":4},{"damage":52,"enemies":"Slime Boss","floor":16,"turns":10},{"damage":0,"enemies":"Chosen","floor":18,"turns":4},{"damage":2,"enemies":"Spheric Guardian","floor":19,"turns":4},{"damage":16,"enemies":"Shelled Parasite and Fungi","floor":20,"turns":6},{"damage":4,"enemies":"Centurion and Healer","floor":22,"turns":9},{"damage":27,"enemies":"Slavers","floor":23,"turns":6},{"damage":8,"enemies":"Chosen and Byrds","floor":24,"turns":6},{"damage":4,"enemies":"Snake Plant","floor":25,"turns":4},{"damage":13,"enemies":"Cultist and Chosen","floor":27,"turns":4}],"seed_played":"5630774085708447745","potions_obtained":[{"floor":1,"key":"Weak Potion"},{"floor":3,"key":"EssenceOfSteel"},{"floor":3,"key":"EssenceOfSteel"},{"floor":18,"key":"Block Potion"},{"floor":19,"key":"Energy Potion"},{"floor":23,"key":"Energy Potion"},{"floor":24,"key":"Strength Potion"}],"is_trial":false,"path_per_floor":["M","?","?","M","?","R","M","$","T","R","T","M","E","M","R","B",null,"M","M","M","?","M","E","M","M","T","M"],"character_chosen":"THE_SILENT","items_purchased":["Leg Sweep"],"campfire_rested":1,"item_purchase_floors":[8],"current_hp_per_floor":[63,56,56,56,49,70,70,70,70,70,70,68,66,62,62,12,56,58,58,44,44,42,17,11,9,9,0],"gold":369,"neow_bonus":"THREE_ENEMY_KILL","is_prod":false,"is_daily":false,"chose_seed":false,"campfire_upgraded":2,"win_rate":0,"timestamp":1541288608,"path_taken":["M","?","?","?","?","R","M","$","T","R","?","M","E","M","R","BOSS","M","M","?","?","M","E","M","M","T","?"],"build_version":"2018-11-01","purchased_purges":1,"victory":false,"max_hp_per_floor":[70,70,70,70,70,70,70,70,70,70,70,70,70,70,70,70,70,70,70,70,70,70,70,70,70,70,70],"card_choices":[{"not_picked":["Eviscerate","Flying Knee"],"picked":"Infinite Blades","floor":1},{"not_picked":["Riddle With Holes","Outmaneuver"],"picked":"PiercingWail","floor":4},{"not_picked":["Infinite Blades","Calculated Gamble"],"picked":"Noxious Fumes","floor":7},{"not_picked":["Slice","PiercingWail"],"picked":"Deadly Poison","floor":12},{"not_picked":["PiercingWail","Bane"],"picked":"Bouncing Flask","floor":13},{"not_picked":["Bane","Choke","Leg Sweep"],"picked":"SKIP","floor":14},{"not_picked":["Finisher+1","Dagger Throw","Underhanded Strike"],"picked":"SKIP","floor":18},{"not_picked":["Dash","Quick Slash"],"picked":"Blur","floor":19},{"not_picked":["Quick Slash","Masterful Stab+1","Slice+1"],"picked":"SKIP","floor":20},{"not_picked":["Catalyst","Sucker Punch","Dagger Spray"],"picked":"SKIP","floor":22},{"not_picked":["Accuracy","Cloak And Dagger","Dagger Throw"],"picked":"SKIP","floor":23},{"not_picked":["Underhanded Strike+1","Quick Slash","Glass Knife"],"picked":"SKIP","floor":24},{"not_picked":["Underhanded Strike","Reflex+1","Flying Knee"],"picked":"SKIP","floor":25}],"player_experience":285617,"relics_obtained":[{"floor":9,"key":"Letter Opener"},{"floor":11,"key":"Blood Vial"},{"floor":13,"key":"Sundial"},{"floor":23,"key":"Bottled Flame"},{"floor":26,"key":"Omamori"}],"event_choices":[{"cards_removed":["Strike_G"],"damage_healed":0,"gold_gain":0,"player_choice":"Card Removal","damage_taken":7,"max_hp_gain":0,"max_hp_loss":0,"event_name":"Golden Wing","floor":2,"gold_loss":0},{"damage_healed":0,"gold_gain":0,"player_choice":"Got Potions","damage_taken":0,"max_hp_gain":0,"max_hp_loss":0,"event_name":"Lab","floor":3,"gold_loss":0},{"damage_healed":0,"gold_gain":0,"player_choice":"Success","damage_taken":7,"relics_obtained":["Centennial Puzzle"],"max_hp_gain":0,"max_hp_loss":0,"event_name":"Scrap Ooze","floor":5,"gold_loss":0},{"damage_healed":0,"gold_gain":0,"player_choice":"Ignored","damage_taken":0,"max_hp_gain":0,"max_hp_loss":0,"event_name":"Transmorgrifier","floor":21,"gold_loss":0}],"is_beta":false,"boss_relics":[{"not_picked":["Ring of the Serpent","White Beast Statue"],"picked":"Velvet Choker"}],"items_purged_floors":[8],"is_endless":false,"potions_floor_spawned":[1,12,13,18,19,23,24],"killed_by":"Cultist and Chosen","ascension_level":6}