{"gold_per_floor":[113,123,25,25,25,53,71,102,102,102,2,2,2,12,12,112,112,112],"floor_reached":18,"playtime":727,"items_purged":["Defend_G","Strike_G"],"score":295,"play_id":"3a90ff0c-b9ef-4a28-94c4-a0f8812d4ea6","local_time":"20190216105351","is_ascension_mode":true,"campfire_choices":[{"data":"Crippling Poison","floor":10,"key":"SMITH"},{"data":"Deadly Poison","floor":13,"key":"SMITH"},{"floor":15,"key":"REST"}],"neow_cost":"NONE","seed_source_timestamp":243313728267440,"circlet_count":0,"master_deck":["Defend_G","Defend_G","Defend_G","Defend_G","Strike_G","Strike_G","Strike_G","Strike_G","Survivor","Neutralize","Dash","Deadly Poison+1","Bane","Backflip","Crippling Poison+1","Regret","Deflect","Envenom","Decay","Regret","Normality"],"relics":["Ring of the Snake","NeowsBlessing","Vajra","Shuriken","PreservedInsect","Darkstone Periapt","Calling Bell","Orichalcum","Gremlin Horn","Peace Pipe"],"potions_floor_usage":[8,16],"damage_taken":[{"damage":0,"enemies":"Small Slimes","floor":1,"turns":1},{"damage":0,"enemies":"Jaw Worm","floor":2,"turns":1},{"damage":0,"enemies":"Lagavulin","floor":6,"turns":1},{"damage":0,"enemies":"2 Louse","floor":7,"turns":2},{"damage":6,"enemies":"Gremlin Nob","floor":8,"turns":4},{"damage":22,"enemies":"Large Slime","floor":14,"turns":6},{"damage":29,"enemies":"The Guardian","floor":16,"turns":8},{"damage":20,"enemies":"Spheric Guardian","floor":18,"turns":3}],"seed_played":"-5265233516718223300","potions_obtained":[{"floor":1,"key":"SteroidPotion"},{"floor":8,"key":"PowerPotion"}],"is_trial":false,"path_per_floor":["M","M","$","?","$","E","M","E","T","R","$","?","R","M","R","B",null,"M"],"character_chosen":"THE_SILENT","items_purchased":["Bane"],"campfire_rested":1,"item_purchase_floors":[3],"current_hp_per_floor":[63,63,63,63,63,63,63,57,57,57,57,63,63,41,63,34,84,64],"gold":112,"neow_bonus":"THREE_ENEMY_KILL","is_prod":false,"is_daily":false,"chose_seed":false,"campfire_upgraded":2,"win_rate":0,"timestamp":1550310831,"path_taken":["M","M","$","?","?","E","M","E","T","R","?","?","R","M","R","BOSS","M"],"build_version":"2019-01-23","purchased_purges":2,"victory":false,"max_hp_per_floor":[70,70,70,70,70,70,70,70,70,70,70,76,76,76,76,76,94,94],"card_choices":[{"not_picked":["Infinite Blades","Underhanded Strike"],"picked":"Dash","floor":1},{"not_picked":["Eviscerate","Reflex"],"picked":"Deadly Poison","floor":2},{"not_picked":["Prepared","Slice","PiercingWail"],"picked":"SKIP","floor":6},{"not_picked":["Heel Hook","Accuracy"],"picked":"Backflip","floor":7},{"not_picked":["Acrobatics","Flying Knee"],"picked":"Crippling Poison","floor":8},{"not_picked":["Dagger Spray","Malaise"],"picked":"Deflect","floor":14},{"not_picked":["Malaise","Doppelganger"],"picked":"Envenom","floor":16}],"player_experience":315517,"relics_obtained":[{"floor":6,"key":"Vajra"},{"floor":8,"key":"Shuriken"},{"floor":9,"key":"PreservedInsect"},{"floor":17,"key":"Orichalcum"},{"floor":17,"key":"Gremlin Horn"},{"floor":17,"key":"Peace Pipe"}],"event_choices":[{"damage_healed":0,"gold_gain":0,"player_choice":"Leave","damage_taken":0,"max_hp_gain":0,"max_hp_loss":0,"event_name":"The Cleric","floor":4,"gold_loss":0},{"damage_healed":0,"gold_gain":0,"player_choice":"Box","damage_taken":0,"relics_obtained":["Darkstone Periapt"],"max_hp_gain":0,"max_hp_loss":0,"event_name":"Big Fish","floor":12,"gold_loss":0,"cards_obtained":["Regret"]}],"is_beta":false,"boss_relics":[{"not_picked":["Orrery","Pandora\u0027s Box"],"picked":"Calling Bell"}],"items_purged_floors":[3,11],"is_endless":false,"potions_floor_spawned":[1,8],"killed_by":"Spheric Guardian","ascension_level":8}