{"gold_per_floor":[117,34,34,34,34,63,63,95,95,95,120,120,132,142,142,218,218,234,248,261,261,261,261,274,287,287,300,300,335,350,112,112,187,187,201,29,40,0,14,41,441,453,480,480,491,491,504,40,40,40],"floor_reached":51,"playtime":2817,"items_purged":["Bite+1"],"score":1497,"play_id":"88765add-3e77-42f5-8953-b3896b946ecb","local_time":"20190218005041","is_ascension_mode":true,"campfire_choices":[{"floor":10,"key":"REST"},{"data":"Zap","floor":12,"key":"SMITH"},{"data":"Tempest","floor":15,"key":"SMITH"},{"data":"Reinforced Body","floor":23,"key":"SMITH"},{"data":"White Noise","floor":28,"key":"SMITH"},{"data":"Static Discharge","floor":32,"key":"SMITH"},{"floor":46,"key":"REST"},{"floor":49,"key":"REST"}],"neow_cost":"NONE","seed_source_timestamp":2212195334027620,"circlet_count":0,"master_deck":["AscendersBane","Defend_B+1","Defend_B+1","Defend_B+1","Defend_B+1","Zap+1","Dualcast","Leap+1","Tempest+1","Conserve Battery+1","White Noise+1","Ball Lightning+1","Go for the Eyes+1","Sweeping Beam+1","Seek+1","Sunder+1","Go for the Eyes+1","Reinforced Body+1","Bite+1","Bite+1","Bite+1","Bite+1","Hologram+1","Static Discharge+1","Echo Form","Defragment","Capacitor+1"],"relics":["FrozenCore","NeowsBlessing","Mercury Hourglass","Symbiotic Virus","Prayer Wheel","Molten Egg 2","Bronze Scales","Cables","War Paint","Orichalcum","Velvet Choker","Bag of Marbles","Red Mask","Ornamental Fan","Old Coin","Smiling Mask","Runic Capacitor","Strawberry"],"potions_floor_usage":[16,16,20,33,45,47,50,50],"damage_taken":[{"damage":0,"enemies":"Jaw Worm","floor":1,"turns":1},{"damage":0,"enemies":"Gremlin Nob","floor":6,"turns":1},{"damage":0,"enemies":"3 Sentries","floor":8,"turns":1},{"damage":20,"enemies":"Lagavulin","floor":11,"turns":5},{"damage":0,"enemies":"Small Slimes","floor":13,"turns":2},{"damage":0,"enemies":"2 Louse","floor":14,"turns":2},{"damage":6,"enemies":"Hexaghost","floor":16,"turns":6},{"damage":23,"enemies":"Chosen","floor":18,"turns":5},{"damage":0,"enemies":"Spheric Guardian","floor":19,"turns":3},{"damage":1,"enemies":"3 Cultists","floor":20,"turns":3},{"damage":7,"enemies":"Sentry and Sphere","floor":24,"turns":4},{"damage":13,"enemies":"Cultist and Chosen","floor":25,"turns":5},{"damage":4,"enemies":"Centurion and Healer","floor":27,"turns":6},{"damage":31,"enemies":"Gremlin Leader","floor":29,"turns":5},{"damage":0,"enemies":"Chosen and Byrds","floor":30,"turns":4},{"damage":28,"enemies":"Champ","floor":33,"turns":16},{"damage":16,"enemies":"3 Darklings","floor":35,"turns":4},{"damage":3,"enemies":"3 Shapes","floor":37,"turns":4},{"damage":13,"enemies":"Transient","floor":39,"turns":6},{"damage":18,"enemies":"Nemesis","floor":40,"turns":7},{"damage":13,"enemies":"Mind Bloom Boss Battle","floor":41,"turns":5},{"damage":10,"enemies":"Sphere and 2 Shapes","floor":42,"turns":4},{"damage":36,"enemies":"Writhing Mass","floor":45,"turns":5},{"damage":23,"enemies":"Jaw Worm Horde","floor":47,"turns":4},{"damage":37,"enemies":"Awakened One","floor":50,"turns":17}],"seed_played":"-6091464585065040040","potions_obtained":[{"floor":6,"key":"LiquidBronze"},{"floor":13,"key":"AttackPotion"},{"floor":18,"key":"Regen Potion"},{"floor":19,"key":"Explosive Potion"},{"floor":29,"key":"SkillPotion"},{"floor":33,"key":"Poison Potion"},{"floor":45,"key":"FocusPotion"},{"floor":47,"key":"EssenceOfSteel"}],"is_trial":false,"path_per_floor":["M","$","?","?","?","E","?","E","T","R","E","R","M","M","R","B",null,"M","M","M","?","?","R","M","M","T","M","R","E","M","$","R","B",null,"M","$","M","?","M","E","?","M","T","?","M","R","M","$","R","B",null],"character_chosen":"DEFECT","items_purchased":["Tempest","Orichalcum","Bag of Marbles","Runic Capacitor","Strawberry","Regen Potion"],"campfire_rested":3,"item_purchase_floors":[2,31,36,48,48,48],"current_hp_per_floor":[64,64,64,57,52,52,31,31,31,52,32,32,32,32,32,26,60,37,37,36,36,36,36,41,37,37,45,45,21,27,27,27,40,47,39,39,49,49,42,36,32,25,25,25,4,18,13,20,36,52],"gold":40,"neow_bonus":"THREE_ENEMY_KILL","is_prod":false,"is_daily":false,"chose_seed":false,"campfire_upgraded":5,"win_rate":0,"timestamp":1550418641,"path_taken":["M","$","?","?","?","E","?","E","T","R","E","R","M","M","R","BOSS","M","M","M","?","?","R","M","M","T","M","R","E","M","$","R","BOSS","M","$","M","?","M","E","?","M","T","?","M","R","M","$","R","BOSS"],"build_version":"2019-01-23","purchased_purges":1,"victory":true,"max_hp_per_floor":[71,71,71,71,71,71,71,71,71,71,71,71,71,71,71,71,71,71,71,71,71,49,49,49,49,49,49,49,49,49,49,49,49,49,49,49,49,49,49,49,49,49,49,49,49,49,49,56,56,56],"card_choices":[{"not_picked":["Hello World","Barrage"],"picked":"Leap","floor":1},{"not_picked":["Chaos","Loop"],"picked":"Conserve Battery","floor":6},{"not_picked":["Amplify","Hologram"],"picked":"White Noise","floor":8},{"not_picked":["Reprogram","Conserve Battery","Skim"],"picked":"SKIP","floor":11},{"not_picked":["Darkness","Blizzard+1"],"picked":"Ball Lightning+1","floor":13},{"not_picked":["Compile Driver+1","Hello World","Steam"],"picked":"SKIP","floor":13},{"not_picked":["Ball Lightning+1","Buffer"],"picked":"Go for the Eyes+1","floor":14},{"not_picked":["Fusion","Leap"],"picked":"Sweeping Beam+1","floor":14},{"not_picked":["Meteor Strike+1","Buffer"],"picked":"Seek","floor":16},{"not_picked":["Tempest","Steam"],"picked":"Sunder+1","floor":18},{"not_picked":["Redo","Leap"],"picked":"Go for the Eyes+1","floor":18},{"not_picked":["Blizzard+1","Auto Shields"],"picked":"Reinforced Body","floor":19},{"not_picked":["Streamline+1","Sunder+1","Rebound+1"],"picked":"SKIP","floor":19},{"not_picked":["Rebound+1","Hyperbeam+1","Skim+1"],"picked":"SKIP","floor":20},{"not_picked":["Steam","Genetic Algorithm","Gash+1"],"picked":"SKIP","floor":20},{"not_picked":["Cold Snap+1","Gash+1"],"picked":"Hologram+1","floor":24},{"not_picked":["Rebound+1","Beam Cell+1","Turbo+1"],"picked":"SKIP","floor":24},{"not_picked":["Hologram","Reprogram"],"picked":"Barrage+1","floor":25},{"not_picked":["Genetic Algorithm","Loop","Turbo"],"picked":"SKIP","floor":25},{"not_picked":["Gash+1","Coolheaded+1","Barrage+1"],"picked":"SKIP","floor":27},{"not_picked":["Go for the Eyes+1","Cold Snap+1","Ball Lightning+1"],"picked":"SKIP","floor":27},{"not_picked":["Compile Driver+1","Darkness","Scrape+1"],"picked":"SKIP","floor":29},{"not_picked":["Thunder Strike+1","Self Repair"],"picked":"Static Discharge","floor":30},{"not_picked":["Undo","Conserve Battery","Ball Lightning+1"],"picked":"SKIP","floor":30},{"not_picked":["Rainbow","Hyperbeam+1"],"picked":"Echo Form","floor":33},{"not_picked":["Redo","White Noise","Hologram"],"picked":"SKIP","floor":35},{"not_picked":["Gash+1","Coolheaded","Melter+1"],"picked":"SKIP","floor":35},{"not_picked":["Redo","Conserve Battery+1","Cold Snap+1"],"picked":"SKIP","floor":37},{"not_picked":["Ball Lightning+1","Lockon+1","Tempest+1"],"picked":"SKIP","floor":37},{"not_picked":["Gash+1","Reprogram","Turbo"],"picked":"SKIP","floor":39},{"not_picked":["BootSequence","Beam Cell+1","Heatsinks+1"],"picked":"SKIP","floor":39},{"not_picked":["Sweeping Beam+1","Rainbow","Chaos"],"picked":"SKIP","floor":40},{"not_picked":["Storm","Steam"],"picked":"Defragment","floor":41},{"not_picked":["Coolheaded","Aggregate","Stack"],"picked":"SKIP","floor":42},{"not_picked":["Compile Driver+1","Rebound+1","Lockon+1"],"picked":"SKIP","floor":42},{"not_picked":["Steam","Self Repair","Coolheaded"],"picked":"SKIP","floor":45},{"not_picked":["Conserve Battery+1","Steam Power","Rebound+1"],"picked":"SKIP","floor":45},{"not_picked":["Redo","FTL+1"],"picked":"Capacitor+1","floor":47},{"not_picked":["Hologram","Gash+1","Redo"],"picked":"SKIP","floor":47}],"player_experience":557275,"relics_obtained":[{"floor":6,"key":"Symbiotic Virus"},{"floor":8,"key":"Prayer Wheel"},{"floor":9,"key":"Molten Egg 2"},{"floor":11,"key":"Bronze Scales"},{"floor":26,"key":"Cables"},{"floor":29,"key":"War Paint"},{"floor":40,"key":"Ornamental Fan"},{"floor":41,"key":"Old Coin"},{"floor":43,"key":"Smiling Mask"}],"event_choices":[{"damage_healed":0,"gold_gain":0,"player_choice":"Ignored","damage_taken":0,"max_hp_gain":0,"max_hp_loss":0,"event_name":"Liars Game","floor":3,"gold_loss":0},{"cards_removed":["Strike_B"],"damage_healed":0,"gold_gain":0,"player_choice":"Card Removal","damage_taken":7,"max_hp_gain":0,"max_hp_loss":0,"event_name":"Golden Wing","floor":4,"gold_loss":0},{"damage_healed":0,"gold_gain":0,"player_choice":"Success","damage_taken":5,"relics_obtained":["Mercury Hourglass"],"max_hp_gain":0,"max_hp_loss":0,"event_name":"Scrap Ooze","floor":5,"gold_loss":0},{"damage_healed":0,"gold_gain":0,"player_choice":"Entered Light","damage_taken":21,"max_hp_gain":0,"max_hp_loss":0,"event_name":"Shining Light","floor":7,"gold_loss":0,"cards_upgraded":["Defend_B","Leap"]},{"damage_healed":0,"gold_gain":0,"player_choice":"Simplicity","damage_taken":0,"max_hp_gain":0,"max_hp_loss":0,"event_name":"Back to Basics","floor":21,"gold_loss":0,"cards_upgraded":["Strike_B","Strike_B","Strike_B","Defend_B","Defend_B","Defend_B"]},{"damage_healed":0,"gold_gain":0,"player_choice":"Became a vampire","damage_taken":0,"max_hp_gain":0,"max_hp_loss":22,"event_name":"Vampires","floor":22,"gold_loss":0,"cards_obtained":["Bite","Bite","Bite","Bite","Bite"]},{"damage_healed":0,"gold_gain":0,"player_choice":"Paid","damage_taken":0,"relics_obtained":["Red Mask"],"max_hp_gain":0,"max_hp_loss":0,"event_name":"Tomb of Lord Red Mask","floor":38,"gold_loss":40},{"damage_healed":0,"gold_gain":0,"player_choice":"Fight","damage_taken":0,"max_hp_gain":0,"max_hp_loss":0,"event_name":"MindBloom","floor":41,"gold_loss":0},{"cards_removed":["Barrage"],"damage_healed":0,"gold_gain":0,"player_choice":"Removed Attack","damage_taken":0,"max_hp_gain":0,"max_hp_loss":0,"event_name":"Falling","floor":44,"gold_loss":0}],"is_beta":false,"boss_relics":[{"not_picked":["Snecko Eye","Empty Cage"],"picked":"FrozenCore"},{"not_picked":["Orrery","Runic Pyramid"],"picked":"Velvet Choker"}],"items_purged_floors":[31],"is_endless":false,"potions_floor_spawned":[6,13,18,19,29,33,37,45,47],"ascension_level":19}