{"path_per_floor":["M","M","M","?","M","R","E","$","T","M","R","M","$","M","R","B",null,"M","$","M","?","?","R","E","M","T","M"],"character_chosen":"IRONCLAD","items_purchased":["Heavy Blade","Shrug It Off"],"gold_per_floor":[110,129,148,148,165,165,192,192,217,228,228,245,149,160,160,261,261,276,276,295,295,220,220,255,266,321,340,340],"floor_reached":28,"campfire_rested":0,"playtime":1657,"item_purchase_floors":[],"current_hp_per_floor":[80,80,80,64,57,57,35,35,35,30,30,42,42,54,54,37,92,91,91,77,96,96,96,60,57,57,48,0],"items_purged":[],"gold":340,"score":291,"play_id":"d3c97dee-0318-42d8-84c1-5ae12231db12","local_time":"20180610083503","is_prod":false,"is_daily":false,"chose_seed":false,"is_ascension_mode":true,"campfire_upgraded":4,"win_rate":0,"timestamp":1528637703,"campfire_choices":[{"data":"Feed","floor":6.0,"key":"SMITH"},{"data":"Flex","floor":11.0,"key":"SMITH"},{"data":"Heavy Blade","floor":15.0,"key":"SMITH"},{"data":"Rampage","floor":23.0,"key":"SMITH"}],"path_taken":["M","M","M","?","M","R","E","?","T","M","R","?","$","M","R","BOSS","M","$","M","?","?","R","E","M","T","M","E"],"build_version":"2018-06-07v3","seed_source_timestamp":0,"purchased_purges":0,"victory":false,"master_deck":["Strike_R","Strike_R+1","Strike_R","Strike_R","Defend_R+1","Defend_R","Defend_R+1","Defend_R","Bash","Battle Trance","Flex+1","Flex+1","Feed+1","Battle Trance","Heavy Blade+1","Shrug It Off","Cleave+1","Double Tap","Rampage+1","Rampage+1","Shrug It Off","Normality","Offering"],"max_hp_per_floor":[80,80,80,80,80,80,80,80,80,84,84,88,88,92,92,92,92,92,92,96,96,96,96,96,101,101,101,101],"relics":["Burning Blood","War Paint","Vajra","Blood Vial","Cursed Key","Whetstone","Tiny Chest"],"card_choices":[{"not_picked":["Flex","Cleave"],"picked":"Battle Trance","floor":1.0},{"not_picked":["Power Through","Pommel Strike"],"picked":"Flex","floor":2.0},{"not_picked":["Ghostly Armor","Thunderclap"],"picked":"Flex","floor":3.0},{"not_picked":["Flame Barrier","Clothesline"],"picked":"Feed","floor":5.0},{"not_picked":["Dropkick","Perfected Strike"],"picked":"Battle Trance","floor":7.0},{"not_picked":["Headbutt","Iron Wave","Clothesline"],"picked":"SKIP","floor":10.0},{"not_picked":["Havoc","Pommel Strike","Warcry"],"picked":"SKIP","floor":12.0},{"not_picked":["Wild Strike","Pommel Strike"],"picked":"Cleave","floor":14.0},{"not_picked":["Bludgeon","Brutality"],"picked":"Double Tap","floor":16.0},{"not_picked":["Wild Strike","Shrug It Off"],"picked":"Rampage","floor":18.0},{"not_picked":["Pommel Strike+1","Metallicize"],"picked":"Rampage","floor":20.0},{"not_picked":["Perfected Strike","Reckless Charge","Pummel"],"picked":"SKIP","floor":24.0},{"not_picked":["Clothesline","Burning Pact"],"picked":"Shrug It Off","floor":25.0},{"not_picked":["Body Slam","Pommel Strike"],"picked":"Offering","floor":27.0}],"player_experience":102121,"potions_floor_usage":[],"damage_taken":[{"damage":0.0,"enemies":"2 Louse","floor":1.0,"turns":3.0},{"damage":4.0,"enemies":"Jaw Worm","floor":2.0,"turns":3.0},{"damage":2.0,"enemies":"Cultist","floor":3.0,"turns":4.0},{"damage":13.0,"enemies":"Blue Slaver","floor":5.0,"turns":4.0},{"damage":28.0,"enemies":"Gremlin Nob","floor":7.0,"turns":4.0},{"damage":17.0,"enemies":"Exordium Wildlife","floor":10.0,"turns":4.0},{"damage":0.0,"enemies":"3 Louse","floor":12.0,"turns":3.0},{"damage":0.0,"enemies":"Gremlin Gang","floor":14.0,"turns":3.0},{"damage":40.0,"enemies":"Hexaghost","floor":16.0,"turns":7.0},{"damage":7.0,"enemies":"Chosen","floor":18.0,"turns":4.0},{"damage":25.0,"enemies":"2 Thieves","floor":20.0,"turns":3.0},{"damage":42.0,"enemies":"Slavers","floor":24.0,"turns":3.0},{"damage":16.0,"enemies":"Snake Plant","floor":25.0,"turns":2.0},{"damage":17.0,"enemies":"3 Cultists","floor":27.0,"turns":5.0},{"damage":54,"enemies":"Gremlin Leader","floor":28,"turns":4}],"relics_obtained":[{"floor":7.0,"key":"Vajra"},{"floor":9.0,"key":"Blood Vial"},{"floor":24.0,"key":"Whetstone"},{"floor":26.0,"key":"Tiny Chest"}],"event_choices":[{"event_name":"Shining Light","player_choice":"Entered Light","floor":4.0,"damage_taken":0.0},{"event_name":"Wheel of Change","player_choice":"Full Heal","floor":21.0,"damage_taken":0.0},{"event_name":"Beggar","player_choice":"Gave Gold","floor":22.0,"damage_taken":0.0}],"boss_relics":[{"not_picked":["White Beast Statue","Runic Dome"],"picked":"Cursed Key"}],"items_purged_floors":[],"potions_floor_spawned":[1,7,10,12,14,20,24],"seed_played":"512168520662814763","killed_by":"Gremlin Leader","ascension_level":2,"potions_obtained":[{"floor":1.0,"key":"GamblersBrew"},{"floor":7.0,"key":"LiquidBronze"},{"floor":10.0,"key":"SneckoOil"},{"floor":12.0,"key":"AttackPotion"},{"floor":14.0,"key":"Regen Potion"},{"floor":20.0,"key":"LiquidBronze"},{"floor":24.0,"key":"Fruit Juice"}],"is_trial":false}