{"gold_per_floor":[113,213,118,118,118,118,118,135,135,165,39,39,39,55,55,55],"floor_reached":16,"playtime":544,"items_purged":["Strike_R"],"score":115,"play_id":"3bb60320-ab1d-4a6a-b42d-98e483d405bc","local_time":"20181021195559","is_ascension_mode":true,"campfire_choices":[{"data":"Heavy Blade","floor":6,"key":"SMITH"},{"data":"Body Slam","floor":12,"key":"SMITH"},{"data":"Iron Wave","floor":15,"key":"SMITH"}],"neow_cost":"NONE","seed_source_timestamp":80036566714010,"circlet_count":0,"master_deck":["Strike_R","Strike_R","Strike_R","Defend_R","Defend_R","Defend_R","Defend_R","Bash","Heavy Blade+1","Shrug It Off","Clash+1","Metallicize","Power Through","Body Slam+1","Iron Wave+1"],"relics":["Burning Blood","Potion Belt","Bottled Lightning","Torii","Toxic Egg 2"],"potions_floor_usage":[],"damage_taken":[{"damage":3,"enemies":"Jaw Worm","floor":1,"turns":5},{"damage":6,"enemies":"Cultist","floor":8,"turns":3},{"damage":21,"enemies":"Gremlin Nob","floor":10,"turns":4},{"damage":0,"enemies":"2 Louse","floor":14,"turns":3},{"damage":64,"enemies":"Hexaghost","floor":16,"turns":14}],"seed_played":"7260760286422946725","potions_obtained":[{"floor":1,"key":"Ancient Potion"}],"is_trial":false,"path_per_floor":["M","?","$","?","?","R","?","M","T","E","$","R","T","M","R"],"character_chosen":"IRONCLAD","items_purchased":["Shrug It Off","Clash","Body Slam"],"campfire_rested":0,"item_purchase_floors":[3,3,11],"current_hp_per_floor":[80,80,80,73,73,73,73,73,73,58,58,58,58,64,64,0],"gold":55,"neow_bonus":"REMOVE_CARD","is_prod":false,"is_daily":false,"chose_seed":false,"campfire_upgraded":3,"win_rate":0,"timestamp":1540144559,"path_taken":["M","?","$","?","?","R","?","M","T","E","$","R","?","M","R","BOSS"],"build_version":"2018-10-18","purchased_purges":1,"victory":false,"max_hp_per_floor":[80,80,80,80,80,80,80,80,80,80,80,80,80,80,80,80],"card_choices":[{"not_picked":["Rupture","Whirlwind"],"picked":"Heavy Blade","floor":1},{"not_picked":["Sentinel","Battle Trance"],"picked":"Metallicize","floor":8},{"not_picked":["Pommel Strike","Evolve"],"picked":"Power Through","floor":10},{"not_picked":["Sword Boomerang","Ghostly Armor+1"],"picked":"Iron Wave","floor":14}],"player_experience":222155,"relics_obtained":[{"floor":9,"key":"Bottled Lightning"},{"floor":10,"key":"Torii"},{"floor":13,"key":"Toxic Egg 2"}],"event_choices":[{"damage_healed":0,"gold_gain":100,"player_choice":"Gold","damage_taken":0,"max_hp_gain":0,"max_hp_loss":0,"event_name":"Wheel of Change","floor":2,"gold_loss":0},{"damage_healed":0,"gold_gain":0,"player_choice":"Success","damage_taken":7,"relics_obtained":["Potion Belt"],"max_hp_gain":0,"max_hp_loss":0,"event_name":"Scrap Ooze","floor":4,"gold_loss":0},{"damage_healed":0,"gold_gain":0,"player_choice":"0 cards matched","damage_taken":0,"max_hp_gain":0,"max_hp_loss":0,"event_name":"Match and Keep!","floor":5,"gold_loss":0,"cards_obtained":[]},{"damage_healed":0,"gold_gain":0,"player_choice":"Forge","damage_taken":0,"max_hp_gain":0,"max_hp_loss":0,"event_name":"Accursed Blacksmith","floor":7,"gold_loss":0,"cards_upgraded":["Clash"]}],"is_beta":false,"boss_relics":[],"items_purged_floors":[11],"is_endless":false,"potions_floor_spawned":[1],"killed_by":"Hexaghost","ascension_level":4}