{"gold_per_floor":[116,126,140,67,83,110,122,213,225,264,286,313,325,337,349,361],"floor_reached":16,"playtime":881,"items_purged":[],"score":123,"play_id":"818479e1-5674-4068-9533-fd21c495b69c","local_time":"20181125152820","is_ascension_mode":true,"campfire_choices":[{"data":"Infernal Blade","floor":7,"key":"SMITH"},{"data":"Uppercut","floor":13,"key":"SMITH"},{"floor":15,"key":"RECALL"}],"neow_cost":"NONE","seed_source_timestamp":939404452004474,"circlet_count":0,"master_deck":["Strike_R","Strike_R","Strike_R","Strike_R","Strike_R","Defend_R","Defend_R","Defend_R","Defend_R","Twin Strike","Shrug It Off","Thunderclap","Clothesline","Pommel Strike","Infernal Blade+1","Shrug It Off","Uppercut+1"],"relics":["Burning Blood","MawBank","Ice Cream"],"potions_floor_usage":[10,16,16],"damage_taken":[{"damage":6,"enemies":"2 Louse","floor":1,"turns":4},{"damage":12,"enemies":"Jaw Worm","floor":2,"turns":3},{"damage":3,"enemies":"Small Slimes","floor":3,"turns":4},{"damage":6,"enemies":"Blue Slaver","floor":5,"turns":4},{"damage":31,"enemies":"Lagavulin","floor":6,"turns":7},{"damage":13,"enemies":"3 Sentries","floor":10,"turns":7},{"damage":0,"enemies":"Large Slime","floor":11,"turns":5},{"damage":2,"enemies":"3 Louse","floor":12,"turns":3},{"damage":56,"enemies":"Slime Boss","floor":16,"turns":7}],"seed_played":"-5232045279037732841","potions_obtained":[{"floor":5,"key":"EssenceOfSteel"},{"floor":6,"key":"PowerPotion"},{"floor":10,"key":"Explosive Potion"}],"is_trial":false,"path_per_floor":["M","M","M","$","M","E","R","?","T","E","M","M","R","$","R","B"],"character_chosen":"IRONCLAD","items_purchased":["Clothesline","Pommel Strike"],"campfire_rested":0,"item_purchase_floors":[4,4],"current_hp_per_floor":[80,74,77,77,77,52,52,52,52,45,51,55,55,55,55,0],"gold":361,"neow_bonus":"REMOVE_CARD","is_prod":false,"is_daily":false,"chose_seed":false,"campfire_upgraded":2,"win_rate":0,"timestamp":1543177700,"path_taken":["M","M","M","$","M","E","R","?","T","E","M","M","R","$","R","BOSS"],"build_version":"2018-11-15","purchased_purges":0,"victory":false,"max_hp_per_floor":[80,80,80,80,80,80,80,80,80,80,80,80,80,80,80,80],"card_choices":[{"not_picked":["Thunderclap","Havoc"],"picked":"Twin Strike","floor":1},{"not_picked":["Havoc","Clash"],"picked":"Shrug It Off","floor":2},{"not_picked":["Headbutt","Twin Strike"],"picked":"Thunderclap","floor":3},{"not_picked":["Pommel Strike","Headbutt"],"picked":"Infernal Blade","floor":5},{"not_picked":["Double Tap","Clothesline","Sever Soul"],"picked":"SKIP","floor":6},{"not_picked":["Seeing Red","Rupture"],"picked":"Shrug It Off","floor":10},{"not_picked":["Blood for Blood","Iron Wave"],"picked":"Uppercut","floor":11},{"not_picked":["Twin Strike","Headbutt","Clash"],"picked":"SKIP","floor":12}],"player_experience":59667,"relics_obtained":[{"floor":6,"key":"MawBank"},{"floor":10,"key":"Ice Cream"}],"event_choices":[{"damage_healed":0,"gold_gain":79,"player_choice":"Gained Gold","damage_taken":0,"max_hp_gain":0,"max_hp_loss":0,"event_name":"Golden Wing","floor":8,"gold_loss":0}],"is_beta":false,"boss_relics":[],"items_purged_floors":[],"is_endless":false,"potions_floor_spawned":[5,6,10],"killed_by":"Slime Boss","ascension_level":2}