{"gold_per_floor":[111,61,61,61,80,80,111,36,108,183,62,62,82,82,82,187,187,207,11,11,11,87,87,99,124,124,138,138],"floor_reached":28,"playtime":1279,"items_purged":["Regret","Defend_G","Defend_G"],"score":255,"play_id":"7b799dcf-b727-4bb2-94b4-49725529d488","local_time":"20181225215222","is_ascension_mode":true,"campfire_choices":[{"data":"Neutralize","floor":6,"key":"SMITH"},{"data":"Acrobatics","floor":12,"key":"SMITH"},{"floor":15,"key":"REST"},{"data":"Storm of Steel","floor":23,"key":"SMITH"}],"neow_cost":"NONE","seed_source_timestamp":36414350604220,"circlet_count":0,"master_deck":["Defend_G","Defend_G","Strike_G","Strike_G","Survivor","Neutralize+1","Acrobatics+1","Prepared","Reflex","Storm of Steel+1","Reflex","PiercingWail"],"relics":["Ring of the Snake","Potion Belt","Blood Vial","Ancient Tea Set","Tingsha","The Courier","Empty Cage","Pear","Peace Pipe","Mercury Hourglass"],"potions_floor_usage":[7,16,25],"damage_taken":[{"damage":2,"enemies":"Jaw Worm","floor":1,"turns":6},{"damage":4,"enemies":"2 Louse","floor":5,"turns":4},{"damage":38,"enemies":"Gremlin Nob","floor":7,"turns":7},{"damage":0,"enemies":"Small Slimes","floor":13,"turns":3},{"damage":25,"enemies":"The Guardian","floor":16,"turns":17},{"damage":0,"enemies":"3 Byrds","floor":18,"turns":2},{"damage":0,"enemies":"Shell Parasite","floor":24,"turns":2},{"damage":39,"enemies":"Book of Stabbing","floor":25,"turns":5},{"damage":16,"enemies":"Cultist and Chosen","floor":27,"turns":3},{"damage":18,"enemies":"Snake Plant","floor":28,"turns":1}],"seed_played":"8922566506781539005","potions_obtained":[{"floor":5,"key":"GhostInAJar"},{"floor":13,"key":"Fire Potion"},{"floor":24,"key":"Poison Potion"}],"is_trial":false,"path_per_floor":["M","?","?","?","M","R","E","$","T","?","$","R","M","$","R","B",null,"M","$","?","?","T","R","M","E","T","M","M"],"character_chosen":"THE_SILENT","items_purchased":["Prepared","Reflex","PiercingWail"],"campfire_rested":1,"item_purchase_floors":[11,19,19],"current_hp_per_floor":[68,68,68,68,66,66,30,30,30,19,19,19,21,21,42,19,70,70,70,54,54,64,64,66,29,29,15,0],"gold":138,"neow_bonus":"RANDOM_COMMON_RELIC","is_prod":false,"is_daily":false,"chose_seed":false,"campfire_upgraded":3,"win_rate":0,"timestamp":1545745942,"path_taken":["M","?","?","?","?","R","E","$","T","?","$","R","M","?","R","BOSS","M","$","?","?","?","R","M","E","T","M","M"],"build_version":"2018-12-20","purchased_purges":3,"victory":false,"max_hp_per_floor":[70,70,70,70,70,70,70,70,70,70,70,70,70,70,70,70,70,70,70,70,70,80,80,80,80,80,80,80],"card_choices":[{"not_picked":["Bane","Flying Knee"],"picked":"Backflip","floor":1},{"not_picked":["Flechettes","Skewer","Underhanded Strike"],"picked":"SKIP","floor":5},{"not_picked":["Backstab","Heel Hook"],"picked":"Acrobatics","floor":7},{"not_picked":["Skewer","Flying Knee"],"picked":"Reflex","floor":13},{"not_picked":["Doppelganger","Phantasmal Killer"],"picked":"Storm of Steel","floor":16},{"not_picked":["Blur","Well Laid Plans","Flying Knee"],"picked":"SKIP","floor":18},{"not_picked":["Deflect","Leg Sweep","Flying Knee"],"picked":"SKIP","floor":24},{"not_picked":["Bouncing Flask","Flying Knee","Terror"],"picked":"SKIP","floor":25},{"not_picked":["Masterful Stab","Glass Knife","Predator"],"picked":"SKIP","floor":27}],"player_experience":361421,"relics_obtained":[{"floor":7,"key":"Tingsha"},{"floor":9,"key":"The Courier"},{"floor":22,"key":"Pear"},{"floor":25,"key":"Peace Pipe"},{"floor":26,"key":"Mercury Hourglass"}],"event_choices":[{"cards_removed":["Strike_G"],"damage_healed":0,"gold_gain":0,"player_choice":"Card Removal","damage_taken":0,"max_hp_gain":0,"max_hp_loss":0,"event_name":"The Cleric","floor":2,"gold_loss":50},{"damage_healed":0,"gold_gain":0,"player_choice":"Box","damage_taken":0,"relics_obtained":["Blood Vial"],"max_hp_gain":0,"max_hp_loss":0,"event_name":"Big Fish","floor":3,"gold_loss":0,"cards_obtained":["Regret"]},{"cards_removed":["Backflip"],"damage_healed":0,"gold_gain":0,"player_choice":"Gave Card","damage_taken":0,"relics_obtained":["Ancient Tea Set"],"max_hp_gain":0,"max_hp_loss":0,"event_name":"WeMeetAgain","floor":4,"gold_loss":0},{"damage_healed":0,"gold_gain":75,"player_choice":"Gather Gold","damage_taken":11,"max_hp_gain":0,"max_hp_loss":0,"event_name":"World of Goop","floor":10,"gold_loss":0},{"damage_healed":0,"gold_gain":0,"player_choice":"Obtained Book","damage_taken":16,"max_hp_gain":0,"max_hp_loss":0,"event_name":"Cursed Tome","floor":20,"gold_loss":0},{"cards_removed":["Defend_G"],"damage_healed":0,"gold_gain":0,"player_choice":"Elegance","damage_taken":0,"max_hp_gain":0,"max_hp_loss":0,"event_name":"Back to Basics","floor":21,"gold_loss":0}],"is_beta":false,"boss_relics":[{"not_picked":["White Beast Statue","Runic Dome"],"picked":"Empty Cage"}],"items_purged_floors":[8,11,19],"is_endless":false,"potions_floor_spawned":[5,13,24],"killed_by":"Snake Plant","ascension_level":2}