{"gold_per_floor":[113,133,133,58,72,104,4,4,31,59,59,9,57,72,72,174,174,186,61,80,40,50,50,50,50,50,10,41,51,61,95,95,199,199,217,217,142,161,161,192,192,292,319,319,63,77,77,88,88,88,88,88,13,40,40],"floor_reached":55,"playtime":3239,"items_purged":["Strike_G","Defend_G","Strike_G"],"score":783,"play_id":"ee35a730-5574-4d09-977b-f202d232aa1e","local_time":"20190503221412","is_ascension_mode":true,"campfire_choices":[{"data":"After Image","floor":8,"key":"SMITH"},{"data":"Dash","floor":11,"key":"SMITH"},{"data":"Infinite Blades","floor":15,"key":"SMITH"},{"data":"Poisoned Stab","floor":23,"key":"SMITH"},{"data":"Neutralize","floor":25,"key":"SMITH"},{"floor":32,"key":"REST"},{"floor":41,"key":"REST"},{"data":"Survivor","floor":44,"key":"SMITH"},{"data":"Quick Slash","floor":47,"key":"SMITH"},{"floor":49,"key":"RECALL"},{"data":"Defend_G","floor":52,"key":"SMITH"}],"neow_cost":"NONE","seed_source_timestamp":32481663564677,"circlet_count":0,"master_deck":["Defend_G","Defend_G+1","Strike_G","Strike_G","Survivor+1","Neutralize+1","Infinite Blades+1","Quick Slash+1","Poisoned Stab+1","After Image+1","Dash+1","After Image+1","Slice+1","Deflect+1","Noxious Fumes+1","Accuracy+1","Cloak And Dagger+1","Night Terror+1","Infinite Blades+1","Skewer+1","After Image+1","Blade Dance+1","Madness+1","Madness+1","Caltrops+1","Deadly Poison+1","Cloak And Dagger+1","Parasite","Dodge and Roll+1","Cloak And Dagger+1","Setup+1"],"relics":["Ring of the Snake","Bag of Preparation","Frozen Egg 2","Regal Pillow","Lizard Tail","Dodecahedron","Toxic Egg 2","Pantograph","Red Mask","Cursed Key","Ancient Tea Set","FossilizedHelix","Juzu Bracelet","Mummified Hand","Happy Flower"],"potions_floor_usage":[6,16,28,31,31,54,54,55],"damage_taken":[{"damage":0,"enemies":"Small Slimes","floor":1,"turns":4},{"damage":7,"enemies":"Cultist","floor":2,"turns":4},{"damage":12,"enemies":"Jaw Worm","floor":5,"turns":4},{"damage":30,"enemies":"Gremlin Nob","floor":6,"turns":5},{"damage":1,"enemies":"3 Sentries","floor":10,"turns":10},{"damage":0,"enemies":"Exordium Wildlife","floor":14,"turns":3},{"damage":14,"enemies":"Slime Boss","floor":16,"turns":11},{"damage":8,"enemies":"3 Byrds","floor":18,"turns":7},{"damage":0,"enemies":"Chosen","floor":20,"turns":6},{"damage":11,"enemies":"Shelled Parasite and Fungi","floor":22,"turns":6},{"damage":15,"enemies":"Book of Stabbing","floor":28,"turns":7},{"damage":5,"enemies":"Snake Plant","floor":29,"turns":7},{"damage":20,"enemies":"Cultist and Chosen","floor":30,"turns":7},{"damage":14,"enemies":"Masked Bandits","floor":31,"turns":5},{"damage":18,"enemies":"Automaton","floor":33,"turns":9},{"damage":2,"enemies":"Orb Walker","floor":35,"turns":4},{"damage":16,"enemies":"3 Shapes","floor":38,"turns":6},{"damage":18,"enemies":"Nemesis","floor":40,"turns":7},{"damage":3,"enemies":"Mind Bloom Boss Battle","floor":42,"turns":6},{"damage":0,"enemies":"Spire Growth","floor":46,"turns":3},{"damage":0,"enemies":"Maw","floor":48,"turns":6},{"damage":0,"enemies":"Awakened One","floor":50,"turns":10},{"damage":0,"enemies":"Shield and Spear","floor":54,"turns":7},{"damage":106,"enemies":"The Heart","floor":55,"turns":8}],"seed_played":"8093007850977192023","potions_obtained":[{"floor":5,"key":"Fire Potion"},{"floor":6,"key":"Strength Potion"},{"floor":18,"key":"Fire Potion"},{"floor":20,"key":"Regen Potion"},{"floor":28,"key":"Poison Potion"},{"floor":33,"key":"GhostInAJar"},{"floor":42,"key":"SkillPotion"},{"floor":46,"key":"Explosive Potion"}],"is_trial":false,"path_per_floor":["M","M","?","$","M","E","$","R","T","E","R","?","T","M","R","B",null,"M","$","M","$","M","R","?","R","T","$","E","M","M","?","R","B",null,"M","?","$","M","?","E","R","?","T","R","$","M","R","M","R","B",null,"R","$","E","B"],"character_chosen":"THE_SILENT","items_purchased":["Noxious Fumes+1","Accuracy+1","Caltrops+1","Mummified Hand","Setup+1"],"campfire_rested":2,"item_purchase_floors":[21,27,37,45,53],"current_hp_per_floor":[70,63,70,70,58,28,28,28,28,27,27,27,27,27,27,13,70,62,62,62,62,51,51,51,51,51,51,51,46,26,12,48,52,70,68,59,59,43,43,25,61,67,67,67,67,67,67,67,67,70,70,70,70,70,0],"gold":40,"neow_bonus":"REMOVE_CARD","is_prod":false,"is_daily":false,"chose_seed":false,"campfire_upgraded":8,"win_rate":0,"timestamp":1556892852,"path_taken":["M","M","?","?","M","E","$","R","T","E","R","?","?","?","R","BOSS","M","?","M","$","M","R","?","R","T","?","E","?","M","?","R","BOSS","M","?","$","M","?","E","R","?","T","R","$","M","R","M","R","BOSS","R","$","E","BOSS"],"build_version":"2019-01-23","purchased_purges":3,"victory":false,"max_hp_per_floor":[70,70,70,70,70,70,70,70,70,70,70,70,70,70,70,70,70,70,70,70,70,70,70,70,70,70,70,70,70,70,70,70,70,70,70,70,70,70,70,70,70,70,70,70,70,70,70,70,70,70,70,70,70,70,70],"card_choices":[{"not_picked":["Slice","Acrobatics"],"picked":"Infinite Blades","floor":1},{"not_picked":["Footwork","Dodge and Roll"],"picked":"Quick Slash","floor":2},{"not_picked":["Dagger Spray","Backflip"],"picked":"Poisoned Stab","floor":5},{"not_picked":["Eviscerate","Prepared"],"picked":"After Image","floor":6},{"not_picked":["Catalyst","Outmaneuver"],"picked":"Dash","floor":10},{"not_picked":["Sucker Punch","Underhanded Strike","Finisher"],"picked":"SKIP","floor":14},{"not_picked":["Malaise","Glass Knife"],"picked":"After Image+1","floor":16},{"not_picked":["Dash","Calculated Gamble"],"picked":"Slice+1","floor":18},{"not_picked":["Sucker Punch+1","Underhanded Strike"],"picked":"Deflect+1","floor":20},{"not_picked":["Bane","Deflect","Expertise"],"picked":"SKIP","floor":22},{"not_picked":["Outmaneuver+1","Bane+1"],"picked":"Cloak And Dagger+1","floor":28},{"not_picked":["Setup+1","Distraction+1"],"picked":"Night Terror+1","floor":29},{"not_picked":["Calculated Gamble+1","Deadly Poison+1"],"picked":"Infinite Blades+1","floor":30},{"not_picked":["Backflip+1","Escape Plan+1"],"picked":"Skewer+1","floor":31},{"not_picked":["Unload","Venomology+1"],"picked":"After Image+1","floor":33},{"not_picked":["Backflip+1","Quick Slash+1"],"picked":"Blade Dance+1","floor":35},{"not_picked":["Underhanded Strike+1","Sucker Punch"],"picked":"Deadly Poison+1","floor":38},{"not_picked":["Deflect+1","Leg Sweep+1","Unload"],"picked":"SKIP","floor":40},{"not_picked":["Underhanded Strike+1","Poisoned Stab+1"],"picked":"Cloak And Dagger+1","floor":42},{"not_picked":["Quick Slash+1","Poisoned Stab+1"],"picked":"Dodge and Roll+1","floor":46},{"not_picked":["Quick Slash+1","Prepared+1"],"picked":"Cloak And Dagger+1","floor":48},{"not_picked":["Skewer","Flechettes+1","Finisher"],"picked":"SKIP","floor":54}],"player_experience":479729,"relics_obtained":[{"floor":6,"key":"Bag of Preparation"},{"floor":10,"key":"Frozen Egg 2"},{"floor":13,"key":"Regal Pillow"},{"floor":26,"key":"Toxic Egg 2"},{"floor":28,"key":"Pantograph"},{"floor":31,"key":"Red Mask"},{"floor":40,"key":"Ancient Tea Set"},{"floor":42,"key":"FossilizedHelix"},{"floor":43,"key":"Juzu Bracelet"},{"floor":54,"key":"Happy Flower"}],"event_choices":[{"damage_healed":7,"gold_gain":0,"player_choice":"Full Heal","damage_taken":0,"max_hp_gain":0,"max_hp_loss":0,"event_name":"Wheel of Change","floor":3,"gold_loss":0},{"cards_removed":["Strike_G"],"damage_healed":0,"gold_gain":0,"player_choice":"Card Removal","damage_taken":0,"max_hp_gain":0,"max_hp_loss":0,"event_name":"The Cleric","floor":12,"gold_loss":50},{"damage_healed":0,"gold_gain":0,"player_choice":"Opened","damage_taken":0,"relics_obtained":["Dodecahedron"],"max_hp_gain":0,"max_hp_loss":0,"event_name":"The Mausoleum","floor":24,"gold_loss":0},{"damage_healed":0,"gold_gain":0,"player_choice":"Fought Bandits","damage_taken":0,"max_hp_gain":0,"max_hp_loss":0,"event_name":"Masked Bandits","floor":31,"gold_loss":0},{"damage_healed":0,"gold_gain":0,"player_choice":"Embrace Madness","damage_taken":9,"max_hp_gain":0,"max_hp_loss":0,"event_name":"Winding Halls","floor":36,"gold_loss":0,"cards_obtained":["Madness","Madness"]},{"cards_removed":["Defend_G"],"damage_healed":0,"gold_gain":0,"player_choice":"Removed Skill","damage_taken":0,"max_hp_gain":0,"max_hp_loss":0,"event_name":"Falling","floor":39,"gold_loss":0},{"damage_healed":0,"gold_gain":0,"player_choice":"Fight","damage_taken":0,"max_hp_gain":0,"max_hp_loss":0,"event_name":"MindBloom","floor":42,"gold_loss":0}],"is_beta":false,"boss_relics":[{"not_picked":["White Beast Statue","Orrery"],"picked":"Lizard Tail"},{"not_picked":["Astrolabe","Sozu"],"picked":"Cursed Key"}],"items_purged_floors":[4,7,19],"is_endless":false,"potions_floor_spawned":[5,6,18,20,28,33,42,46,48],"killed_by":"The Heart","ascension_level":1}