{"gold_per_floor":[115,135,135,145,158,158,184,204,229,245,264,29,29,47,47,124,124,139,154,172,190,210,210,224,224],"floor_reached":25,"playtime":1458,"items_purged":["Strike_G"],"score":426,"play_id":"4d5b80f3-c5fa-4251-875b-239e500531f4","local_time":"20190422093843","is_ascension_mode":true,"campfire_choices":[{"data":"Dagger Spray","floor":6,"key":"SMITH"},{"floor":13,"key":"REST"},{"data":"Deadly Poison","floor":15,"key":"SMITH"},{"floor":23,"key":"REST"}],"neow_cost":"NONE","seed_source_timestamp":263235646492051,"circlet_count":0,"master_deck":["AscendersBane","Defend_G","Defend_G","Defend_G","Defend_G","Defend_G","Strike_G","Strike_G","Strike_G","Strike_G","Survivor","Neutralize","Predator","Blur","Dagger Spray+1","Skewer","Deadly Poison+1","Deadly Poison","Backflip","Well Laid Plans","After Image","PiercingWail","Leg Sweep","Leg Sweep","Crippling Poison","Catalyst","Footwork","Calculated Gamble+1"],"relics":["Ring of the Snake","Smiling Mask","Mercury Hourglass","Question Card","Bronze Scales","Orrery"],"potions_floor_usage":[7,7,10,11,14,16,20,22,25],"damage_taken":[{"damage":4,"enemies":"Cultist","floor":1,"turns":4},{"damage":7,"enemies":"Small Slimes","floor":2,"turns":3},{"damage":0,"enemies":"Jaw Worm","floor":4,"turns":4},{"damage":6,"enemies":"3 Louse","floor":5,"turns":3},{"damage":35,"enemies":"Lagavulin","floor":7,"turns":7},{"damage":0,"enemies":"Red Slaver","floor":8,"turns":4},{"damage":0,"enemies":"Looter","floor":10,"turns":2},{"damage":1,"enemies":"3 Louse","floor":11,"turns":2},{"damage":8,"enemies":"Lots of Slimes","floor":14,"turns":3},{"damage":10,"enemies":"Hexaghost","floor":16,"turns":9},{"damage":0,"enemies":"3 Byrds","floor":18,"turns":2},{"damage":4,"enemies":"Shell Parasite","floor":19,"turns":7},{"damage":13,"enemies":"Shelled Parasite and Fungi","floor":20,"turns":10},{"damage":17,"enemies":"Snake Plant","floor":21,"turns":5},{"damage":14,"enemies":"Centurion and Healer","floor":22,"turns":11},{"damage":6,"enemies":"Snecko","floor":24,"turns":7},{"damage":22,"enemies":"3 Cultists","floor":25,"turns":3}],"seed_played":"2087862530227832691","potions_obtained":[{"floor":1,"key":"Swift Potion"},{"floor":5,"key":"SkillPotion"},{"floor":8,"key":"Explosive Potion"},{"floor":10,"key":"GamblersBrew"},{"floor":19,"key":"Dexterity Potion"},{"floor":20,"key":"EssenceOfSteel"},{"floor":22,"key":"GamblersBrew"}],"is_trial":false,"path_per_floor":["M","M","T","M","M","R","E","M","T","M","M","$","R","M","R","B",null,"M","M","M","M","M","R","M","M"],"character_chosen":"THE_SILENT","items_purchased":["Well Laid Plans","Strength Potion","AttackPotion"],"campfire_rested":2,"item_purchase_floors":[12,12,12],"current_hp_per_floor":[55,48,48,48,42,42,7,7,7,7,6,6,25,17,17,7,51,51,47,34,17,3,22,16,0],"gold":224,"neow_bonus":"RANDOM_COMMON_RELIC","is_prod":false,"is_daily":false,"chose_seed":false,"campfire_upgraded":2,"win_rate":0,"timestamp":1555893523,"path_taken":["M","?","?","?","M","R","E","M","T","M","M","$","R","?","R","BOSS","M","?","M","?","M","R","M","M"],"build_version":"2019-01-23","purchased_purges":1,"victory":false,"max_hp_per_floor":[66,66,66,66,66,66,66,66,66,66,66,66,66,66,66,66,66,66,66,66,66,66,66,66,66],"card_choices":[{"not_picked":["Flying Knee","Concentrate"],"picked":"Predator","floor":1},{"not_picked":["Distraction","Endless Agony","Deflect"],"picked":"SKIP","floor":2},{"not_picked":["Flying Knee","Outmaneuver"],"picked":"Blur","floor":4},{"not_picked":["Predator","Dodge and Roll"],"picked":"Dagger Spray","floor":5},{"not_picked":["Quick Slash","Acrobatics"],"picked":"Skewer","floor":7},{"not_picked":["Cloak And Dagger","Dodge and Roll","Night Terror"],"picked":"Deadly Poison","floor":8},{"not_picked":["Deflect","Acrobatics","Masterful Stab"],"picked":"Deadly Poison","floor":10},{"not_picked":["Predator","Dodge and Roll","Heel Hook"],"picked":"Backflip","floor":11},{"not_picked":["Dodge and Roll","Distraction","Prepared","Bane"],"picked":"SKIP","floor":14},{"not_picked":["Burst","Wraith Form v2","Grand Finale"],"picked":"After Image","floor":16},{"not_picked":["Choke","Eviscerate","Outmaneuver"],"picked":"PiercingWail","floor":17},{"not_picked":["Slice","Dash","Acrobatics"],"picked":"Leg Sweep","floor":17},{"not_picked":["All Out Attack","Deadly Poison","Underhanded Strike"],"picked":"Leg Sweep","floor":17},{"not_picked":["Poisoned Stab","Sucker Punch","Deflect"],"picked":"Crippling Poison","floor":17},{"not_picked":["Heel Hook","Quick Slash","Dagger Throw","Dodge and Roll"],"picked":"SKIP","floor":18},{"not_picked":["Dodge and Roll","Skewer","Eviscerate","Finisher+1"],"picked":"SKIP","floor":19},{"not_picked":["Bane","Quick Slash","Leg Sweep"],"picked":"Catalyst","floor":20},{"not_picked":["Choke","Acrobatics","Noxious Fumes+1"],"picked":"Footwork","floor":21},{"not_picked":["Expertise","Poisoned Stab","Eviscerate","Setup"],"picked":"SKIP","floor":22},{"not_picked":["Storm of Steel","Leg Sweep","Backflip"],"picked":"Calculated Gamble+1","floor":24}],"player_experience":1040974,"relics_obtained":[{"floor":3,"key":"Mercury Hourglass"},{"floor":7,"key":"Question Card"},{"floor":9,"key":"Bronze Scales"}],"event_choices":[],"is_beta":false,"boss_relics":[{"not_picked":["HoveringKite","Tiny House"],"picked":"Orrery"}],"items_purged_floors":[12],"is_endless":false,"potions_floor_spawned":[1,5,8,10,19,20,22],"killed_by":"3 Cultists","ascension_level":20}