{"gold_per_floor":[114,133,152,152,9,9,29,29,80,80,91,104,8,26,26,127,127,127],"floor_reached":18,"playtime":731,"items_purged":["Strike_B"],"score":193,"play_id":"947e282b-dd8a-4a17-93df-b7574eda973a","local_time":"20181103220507","is_ascension_mode":true,"campfire_choices":[{"data":"Doom and Gloom","floor":6,"key":"SMITH"},{"data":"Loop","floor":8,"key":"SMITH"},{"data":"Capacitor","floor":10,"key":"SMITH"},{"floor":15,"key":"REST"}],"neow_cost":"NONE","seed_source_timestamp":1755993822261,"circlet_count":0,"master_deck":["Strike_B","Strike_B","Strike_B","Defend_B","Defend_B","Defend_B","Defend_B","Zap","Dualcast","Steam","Rip and Tear","Loop+1","Doom and Gloom+1","Capacitor+1","Steam","Sunder","Loop","Coolheaded","Core Surge"],"relics":["Cracked Core","Centennial Puzzle","Eternal Feather"],"potions_floor_usage":[11,16,16],"damage_taken":[{"damage":12,"enemies":"Jaw Worm","floor":1,"turns":3},{"damage":0,"enemies":"Cultist","floor":2,"turns":3},{"damage":6,"enemies":"Small Slimes","floor":3,"turns":3},{"damage":13,"enemies":"Exordium Wildlife","floor":7,"turns":4},{"damage":4,"enemies":"Large Slime","floor":11,"turns":5},{"damage":6,"enemies":"Looter","floor":12,"turns":3},{"damage":4,"enemies":"3 Louse","floor":14,"turns":2},{"damage":40,"enemies":"Hexaghost","floor":16,"turns":10},{"damage":46,"enemies":"3 Byrds","floor":18,"turns":4}],"seed_played":"4103128157212730240","potions_obtained":[{"floor":1,"key":"Weak Potion"},{"floor":4,"key":"SteroidPotion"},{"floor":4,"key":"Fire Potion"},{"floor":7,"key":"EssenceOfSteel"},{"floor":14,"key":"Weak Potion"}],"is_trial":false,"path_per_floor":["M","M","M","?","$","R","M","R","T","R","M","M","$","M","R","B",null,"M"],"character_chosen":"DEFECT","items_purchased":["Capacitor","Loop","Coolheaded"],"campfire_rested":1,"item_purchase_floors":[5,13,13],"current_hp_per_floor":[63,63,57,57,57,57,44,44,44,44,40,34,34,30,52,12,59,13],"gold":127,"neow_bonus":"THREE_CARDS","is_prod":false,"is_daily":false,"chose_seed":false,"campfire_upgraded":3,"win_rate":0,"timestamp":1541279107,"path_taken":["M","M","M","?","$","R","M","R","T","R","?","M","$","M","R","BOSS","M"],"build_version":"2018-11-01","purchased_purges":1,"victory":false,"max_hp_per_floor":[75,75,75,75,75,75,75,75,75,75,75,75,75,75,75,75,75,75],"card_choices":[{"not_picked":["Streamline","Coolheaded"],"picked":"Steam","floor":0},{"not_picked":["Force Field","Rebound"],"picked":"Rip and Tear","floor":1},{"not_picked":["Coolheaded","Force Field"],"picked":"Loop","floor":2},{"not_picked":["Conserve Battery","Ball Lightning"],"picked":"Doom and Gloom","floor":3},{"not_picked":["Compile Driver","Seek"],"picked":"Steam","floor":7},{"not_picked":["Force Field","Heatsinks","Doom and Gloom"],"picked":"SKIP","floor":11},{"not_picked":["Force Field","Heatsinks","Doom and Gloom"],"picked":"SKIP","floor":11},{"not_picked":["Coolheaded","Beam Cell"],"picked":"Sunder","floor":12},{"not_picked":["Scrape","Sunder","Capacitor"],"picked":"SKIP","floor":14},{"not_picked":["Echo Form","Machine Learning"],"picked":"Core Surge","floor":16}],"player_experience":277953,"relics_obtained":[{"floor":9,"key":"Centennial Puzzle"}],"event_choices":[{"damage_healed":0,"gold_gain":0,"player_choice":"Got Potions","damage_taken":0,"max_hp_gain":0,"max_hp_loss":0,"event_name":"Lab","floor":4,"gold_loss":0}],"is_beta":false,"boss_relics":[{"not_picked":["Runic Pyramid","Fusion Hammer"],"picked":"Eternal Feather"}],"items_purged_floors":[5],"is_endless":false,"potions_floor_spawned":[1,7,14],"killed_by":"3 Byrds","ascension_level":5}