{"gold_per_floor":[117,137,137,150,325,325,100,132,132,132,145,68,81,98,98,193,193,207,61,61,77,94,94,40,54,105,105,115,115,127,145,145,145],"floor_reached":33,"playtime":1685,"items_purged":["Doubt","Strike_R"],"score":301,"play_id":"c9e73139-2416-4ae9-a06e-8ad46589452e","local_time":"20190303103238","is_ascension_mode":true,"campfire_choices":[{"data":"Inflame","floor":6,"key":"SMITH"},{"data":"True Grit","floor":10,"key":"SMITH"},{"floor":15,"key":"REST"},{"floor":23,"key":"REST"},{"data":"Armaments","floor":27,"key":"SMITH"},{"data":"Rage","floor":29,"key":"SMITH"},{"floor":32,"key":"REST"}],"neow_cost":"NONE","seed_source_timestamp":1537106417735360,"circlet_count":0,"master_deck":["Strike_R","Defend_R","Defend_R","Defend_R+1","Defend_R","Bash+1","Body Slam+1","Intimidate+1","Inflame+1","True Grit+1","Cleave","Feel No Pain","Warcry","Flex","Anger","Exhume","Bludgeon+1","Flame Barrier+1","Body Slam+1","Rage+1","Anger","Anger+1","Armaments+1","Warcry+1"],"relics":["Burning Blood","Kunai","Dodecahedron","Astrolabe","Bronze Scales"],"potions_floor_usage":[16,16,22,22,33],"damage_taken":[{"damage":21,"enemies":"Small Slimes","floor":1,"turns":5},{"damage":0,"enemies":"2 Louse","floor":2,"turns":2},{"damage":2,"enemies":"Cultist","floor":4,"turns":5},{"damage":22,"enemies":"Gremlin Nob","floor":8,"turns":4},{"damage":5,"enemies":"2 Fungi Beasts","floor":11,"turns":4},{"damage":11,"enemies":"Red Slaver","floor":13,"turns":4},{"damage":5,"enemies":"3 Louse","floor":14,"turns":5},{"damage":40,"enemies":"Slime Boss","floor":16,"turns":13},{"damage":47,"enemies":"Spheric Guardian","floor":18,"turns":6},{"damage":12,"enemies":"2 Thieves","floor":21,"turns":4},{"damage":20,"enemies":"Snake Plant","floor":22,"turns":3},{"damage":2,"enemies":"Snecko","floor":25,"turns":5},{"damage":3,"enemies":"3 Cultists","floor":28,"turns":5},{"damage":5,"enemies":"Snake Plant","floor":30,"turns":4},{"damage":34,"enemies":"Shelled Parasite and Fungi","floor":31,"turns":4},{"damage":80,"enemies":"Collector","floor":33,"turns":6}],"seed_played":"-4893831717947984868","potions_obtained":[{"floor":1,"key":"LiquidBronze"},{"floor":2,"key":"SpeedPotion"},{"floor":11,"key":"Energy Potion"},{"floor":18,"key":"PowerPotion"},{"floor":22,"key":"LiquidBronze"},{"floor":31,"key":"Fruit Juice"}],"is_trial":false,"path_per_floor":["M","M","?","M","?","R","$","E","T","R","M","$","M","M","R","B",null,"M","$","?","M","M","R","$","M","T","R","M","R","M","M","R","B"],"character_chosen":"IRONCLAD","items_purchased":["True Grit","Cleave","Feel No Pain","Flex","Anger","Anger","Armaments"],"campfire_rested":3,"item_purchase_floors":[7,7,7,12,12,19,24],"current_hp_per_floor":[65,71,55,59,59,59,59,43,43,43,44,44,39,40,64,30,80,39,39,39,33,19,43,43,47,47,47,50,50,51,23,47,0],"gold":145,"neow_bonus":"UPGRADE_CARD","is_prod":false,"is_daily":false,"chose_seed":false,"campfire_upgraded":4,"win_rate":0,"timestamp":1551605558,"path_taken":["M","M","?","M","?","R","$","E","T","R","M","$","M","M","R","BOSS","M","$","?","M","M","R","$","M","T","R","M","R","M","M","R","BOSS"],"build_version":"2019-01-23","purchased_purges":2,"victory":false,"max_hp_per_floor":[80,80,80,80,80,80,80,80,80,80,80,80,80,80,80,80,80,80,80,80,80,80,80,80,80,80,80,80,80,80,80,80,80],"card_choices":[{"not_picked":["Armaments","Perfected Strike"],"picked":"Body Slam","floor":1},{"not_picked":["Headbutt","Sword Boomerang"],"picked":"Intimidate","floor":2},{"not_picked":["Combust","Shrug It Off"],"picked":"Inflame","floor":4},{"not_picked":["Wild Strike","Dual Wield"],"picked":"Warcry","floor":8},{"not_picked":["Perfected Strike","Ghostly Armor","Iron Wave"],"picked":"SKIP","floor":11},{"not_picked":["Cleave","Iron Wave"],"picked":"Exhume","floor":13},{"not_picked":["Feel No Pain","Thunderclap","Cleave"],"picked":"SKIP","floor":14},{"not_picked":["Pommel Strike","Flex"],"picked":"Rage","floor":18},{"not_picked":["Flex","Wild Strike"],"picked":"Anger+1","floor":21},{"not_picked":["Double Tap","Searing Blow","Seeing Red"],"picked":"SKIP","floor":22},{"not_picked":["Iron Wave","Pummel","Shockwave"],"picked":"SKIP","floor":25},{"not_picked":["Entrench","Twin Strike"],"picked":"Warcry+1","floor":28},{"not_picked":["Body Slam","Combust","Twin Strike+1"],"picked":"SKIP","floor":30},{"not_picked":["Corruption","Pommel Strike","Havoc"],"picked":"SKIP","floor":31}],"player_experience":338768,"relics_obtained":[{"floor":8,"key":"Kunai"},{"floor":9,"key":"Dodecahedron"},{"floor":26,"key":"Bronze Scales"}],"event_choices":[{"damage_healed":0,"gold_gain":0,"player_choice":"Entered Light","damage_taken":16,"max_hp_gain":0,"max_hp_loss":0,"event_name":"Shining Light","floor":3,"gold_loss":0,"cards_upgraded":["Intimidate","Defend_R"]},{"damage_healed":0,"gold_gain":175,"player_choice":"AGREE","damage_taken":0,"max_hp_gain":0,"max_hp_loss":0,"event_name":"Liars Game","floor":5,"gold_loss":0,"cards_obtained":["Doubt"]},{"damage_healed":0,"gold_gain":0,"player_choice":"Upgraded","damage_taken":0,"max_hp_gain":0,"max_hp_loss":0,"event_name":"Upgrade Shrine","floor":20,"gold_loss":0,"cards_upgraded":["Body Slam"]}],"is_beta":false,"boss_relics":[{"not_picked":["Fusion Hammer","Philosopher\u0027s Stone"],"picked":"Astrolabe"}],"items_purged_floors":[7,19],"is_endless":false,"potions_floor_spawned":[1,2,11,18,22,31],"killed_by":"Collector","ascension_level":4}