{"path_per_floor":["M","M","M","M","M","E","R","M","T","M","R","?","R","$","R","B",null,"M","M","M","M","?","R","?","E","T","M","M","M","R","?","R","B",null,"M","M","?","M","?","E","$","R","T","R","M","$","R"],"character_chosen":"IRONCLAD","items_purchased":["Shuriken","Dramatic Entrance","Calipers","War Paint","SkillPotion"],"gold_per_floor":[109,123,139,151,163,197,197,213,267,283,283,458,458,25,25,126,126,139,153,164,177,177,177,202,227,227,239,251,270,270,270,270,366,366,383,402,449,468,468,493,179,179,204,204,214,18,18,18],"floor_reached":48,"campfire_rested":1,"playtime":4249,"item_purchase_floors":[],"current_hp_per_floor":[71,72,72,67,59,57,57,54,54,47,47,47,47,47,47,24,72,72,72,66,33,57,57,63,48,48,51,51,49,49,49,49,41,72,72,68,68,69,59,7,7,55,55,67,64,64,72,0],"items_purged":["Doubt"],"gold":18,"score":536,"play_id":"7cab8d8d-0af3-4e3c-824e-a2032588482a","local_time":"20180528214212","is_prod":false,"is_daily":false,"chose_seed":false,"is_ascension_mode":false,"campfire_upgraded":9,"win_rate":0,"timestamp":1527561732,"campfire_choices":[{"data":"Combust","floor":7.0,"key":"SMITH"},{"data":"Barricade","floor":11.0,"key":"SMITH"},{"data":"Flame Barrier","floor":13.0,"key":"SMITH"},{"data":"Dramatic Entrance","floor":15.0,"key":"SMITH"},{"data":"Immolate","floor":23.0,"key":"SMITH"},{"data":"Immolate","floor":30,"key":"SMITH"},{"data":"Entrench","floor":32,"key":"SMITH"},{"floor":42,"key":"REST"},{"data":"Double Tap","floor":44,"key":"SMITH"},{"data":"Combust","floor":47,"key":"SMITH"}],"path_taken":["M","M","M","M","M","E","R","M","T","M","R","?","R","$","R","BOSS","M","M","M","M","?","R","?","E","T","M","?","M","R","?","R","BOSS","M","?","?","?","?","E","$","R","T","R","M","$","R","E"],"build_version":"2018-05-24","seed_source_timestamp":0,"purchased_purges":1,"victory":false,"master_deck":["Strike_R","Strike_R","Strike_R","Strike_R","Strike_R","Defend_R","Defend_R","Defend_R","Defend_R+1","Impervious","Shrug It Off","Thunderclap","Shrug It Off+1","Flame Barrier+1","Combust+1","Barricade+1","Iron Wave","Dramatic Entrance+1","Immolate+1","Clash+1","Pommel Strike+1","Combust+1","Shrug It Off+1","Entrench+1","Immolate+1","Double Tap+1","Entrench+1","Battle Trance+1","Apotheosis","Dramatic Entrance","Master of Strategy","Reaper","Blood for Blood+1"],"max_hp_per_floor":[72,72,72,72,72,72,72,72,72,72,72,72,72,72,72,72,72,72,72,72,72,72,72,72,72,72,72,72,72,72,72,72,72,72,72,72,72,72,72,72,72,72,72,72,72,72,72,72],"relics":["Burning Blood","Bag of Marbles","Regal Pillow","Shuriken","Velvet Choker","Red Mask","Question Card","Letter Opener","Eternal Feather","Ginger","Dodecahedron","Calipers","Boot","War Paint"],"card_choices":[{"not_picked":["Juggernaut","Barricade"],"picked":"Impervious","floor":0.0},{"not_picked":["Thunderclap","Heavy Blade"],"picked":"Shrug It Off","floor":1.0},{"not_picked":["Uppercut","Anger","Armaments"],"picked":"SKIP","floor":2.0},{"not_picked":["Clothesline","Wild Strike"],"picked":"Thunderclap","floor":3.0},{"not_picked":["Warcry","Perfected Strike"],"picked":"Shrug It Off","floor":4.0},{"not_picked":["Warcry","Perfected Strike"],"picked":"Flame Barrier","floor":5.0},{"not_picked":["Pommel Strike","Havoc"],"picked":"Combust","floor":6.0},{"not_picked":["Heavy Blade","Sentinel"],"picked":"Barricade","floor":8.0},{"not_picked":["Flex","Heavy Blade"],"picked":"Iron Wave","floor":10.0},{"not_picked":["Bludgeon","Limit Break"],"picked":"Immolate","floor":16.0},{"not_picked":["Wild Strike","Twin Strike"],"picked":"Clash+1","floor":18.0},{"not_picked":["Cleave","Hemokinesis","Uppercut"],"picked":"SKIP","floor":19.0},{"not_picked":["Disarm+1","Spot Weakness"],"picked":"Pommel Strike+1","floor":20.0},{"not_picked":["Cleave","Armaments"],"picked":"Combust","floor":21.0},{"not_picked":["Rupture","Flex"],"picked":"Shrug It Off+1","floor":24.0},{"not_picked":["Battle Trance","Wild Strike","Metallicize"],"picked":"SKIP","floor":25.0},{"not_picked":["Anger","Rage","Cleave"],"picked":"Entrench","floor":27},{"not_picked":["Pommel Strike","Twin Strike","Havoc","Hemokinesis"],"picked":"SKIP","floor":28},{"not_picked":["Fire Breathing","Carnage","Flame Barrier+1"],"picked":"Immolate","floor":29},{"not_picked":["Juggernaut","Dark Embrace","Barricade"],"picked":"Double Tap","floor":33},{"not_picked":["Clash","Perfected Strike","Clothesline","Burning Pact"],"picked":"SKIP","floor":35},{"not_picked":["Heavy Blade+1","Metallicize","Disarm+1","True Grit"],"picked":"SKIP","floor":36},{"not_picked":["Blood for Blood+1","Flame Barrier+1","Rampage"],"picked":"Entrench+1","floor":37},{"not_picked":["Headbutt","Armaments","Shrug It Off"],"picked":"Battle Trance+1","floor":38},{"not_picked":["Madness","Purity","Trip"],"picked":"Apotheosis","floor":39},{"not_picked":["Dark Shackles","Finesse","Swift Strike"],"picked":"Dramatic Entrance","floor":39},{"not_picked":["Bandage Up","Panacea","Flash of Steel"],"picked":"Master of Strategy","floor":39},{"not_picked":["Anger+1","Bloodletting+1","Hemokinesis"],"picked":"Reaper","floor":40},{"not_picked":["Warcry+1","Iron Wave+1","Clash"],"picked":"Blood for Blood+1","floor":45}],"player_experience":46420,"potions_floor_usage":[28,33,33,37,48,48,48],"damage_taken":[{"damage":7.0,"enemies":"2 Louse","floor":1.0,"turns":2.0},{"damage":2.0,"enemies":"Small Slimes","floor":2.0,"turns":3.0},{"damage":1.0,"enemies":"Jaw Worm","floor":3.0,"turns":4.0},{"damage":11.0,"enemies":"Looter","floor":4.0,"turns":4.0},{"damage":14.0,"enemies":"Exordium Wildlife","floor":5.0,"turns":5.0},{"damage":8.0,"enemies":"3 Sentries","floor":6.0,"turns":9.0},{"damage":9.0,"enemies":"Gremlin Gang","floor":8.0,"turns":3.0},{"damage":13.0,"enemies":"3 Louse","floor":10.0,"turns":3.0},{"damage":29.0,"enemies":"Hexaghost","floor":16.0,"turns":12.0},{"damage":3.0,"enemies":"Spheric Guardian","floor":18.0,"turns":4.0},{"damage":3.0,"enemies":"Chosen","floor":19.0,"turns":3.0},{"damage":12.0,"enemies":"Snake Plant","floor":20.0,"turns":5.0},{"damage":39.0,"enemies":"Centurion and Healer","floor":21.0,"turns":4.0},{"damage":0.0,"enemies":"Masked Bandits","floor":24.0,"turns":2.0},{"damage":21.0,"enemies":"Book of Stabbing","floor":25.0,"turns":6.0},{"damage":3,"enemies":"Sentry and Sphere","floor":27,"turns":4},{"damage":6,"enemies":"3 Cultists","floor":28,"turns":4},{"damage":8,"enemies":"Cultist and Chosen","floor":29,"turns":5},{"damage":14,"enemies":"Champ","floor":33,"turns":13},{"damage":0,"enemies":"3 Shapes","floor":35,"turns":1},{"damage":10,"enemies":"3 Darklings","floor":36,"turns":5},{"damage":6,"enemies":"Mysterious Sphere","floor":37,"turns":3},{"damage":5,"enemies":"Sphere and 2 Shapes","floor":38,"turns":5},{"damage":58,"enemies":"2 Orb Walkers","floor":40,"turns":7},{"damage":9,"enemies":"4 Shapes","floor":45,"turns":1},{"damage":92,"enemies":"Giant Head","floor":48,"turns":10}],"relics_obtained":[{"floor":6.0,"key":"Bag of Marbles"},{"floor":9.0,"key":"Regal Pillow"},{"floor":24.0,"key":"Red Mask"},{"floor":25.0,"key":"Question Card"},{"floor":26.0,"key":"Letter Opener"},{"floor":37,"key":"Ginger"},{"floor":40,"key":"Dodecahedron"},{"floor":43,"key":"Boot"}],"event_choices":[{"event_name":"Liars Game","player_choice":"agreed","floor":12.0,"damage_taken":0.0},{"event_name":"The Library","player_choice":"Heal","floor":22.0,"damage_taken":0.0},{"event_name":"Masked Bandits","player_choice":"Fought over 177 gold","floor":24.0,"damage_taken":0.0},{"event_name":"Purifier","player_choice":"One Purge","floor":31,"damage_taken":0},{"event_name":"Mysterious Sphere","player_choice":"Fight","floor":37,"damage_taken":0},{"event_name":"SensoryStone","player_choice":"Memory 3","floor":39,"damage_taken":0}],"boss_relics":[{"not_picked":["Snecko Eye","Calling Bell"],"picked":"Eternal Feather"}],"items_purged_floors":[],"potions_floor_spawned":[2,4,5,6,20,21,27,29,33,35,45],"seed_played":"-6327624453699134238","killed_by":"Giant Head","ascension_level":0,"potions_obtained":[{"floor":2.0,"key":"Ancient Potion"},{"floor":4.0,"key":"Strength Potion"},{"floor":5.0,"key":"Swift Potion"},{"floor":6.0,"key":"SteroidPotion"},{"floor":20.0,"key":"Strength Potion"},{"floor":21.0,"key":"Strength Potion"},{"floor":27,"key":"AttackPotion"},{"floor":29,"key":"Ancient Potion"},{"floor":33,"key":"Strength Potion"},{"floor":35,"key":"Strength Potion"},{"floor":45,"key":"Dexterity Potion"}],"is_trial":false}