{"gold_per_floor":[119,194,194,194,209,209,247,212,236,257,272,47,47,60,60,188,251,239,262,262,279,279,279,279],"floor_reached":24,"playtime":1106,"items_purged":["Strike_B"],"score":235,"play_id":"231c9a0a-3981-4f77-b890-8ed453927a57","local_time":"20181024115347","is_ascension_mode":true,"campfire_choices":[{"data":"Gash","floor":6.0,"key":"SMITH"},{"floor":13.0,"key":"REST"},{"data":"Glacier","floor":15.0,"key":"SMITH"},{"data":"Electrodynamics","floor":23,"key":"SMITH"}],"neow_cost":"NONE","seed_source_timestamp":0,"circlet_count":0,"master_deck":["Strike_B","Strike_B","Defend_B","Defend_B","Defend_B","Defend_B","Zap","Dualcast+1","Gash+1","Cold Snap","Conserve Battery+1","Steam","Stack","Machine Learning","Glacier+1","Electrodynamics+1","Barrage","Self Repair+1"],"special_seed":0,"relics":["Cracked Core","Bloody Idol","Boot","Oddly Smooth Stone","Tiny House"],"potions_floor_usage":[24,24,24],"damage_taken":[{"damage":11.0,"enemies":"Cultist","floor":1.0,"turns":4.0},{"damage":0.0,"enemies":"Small Slimes","floor":5.0,"turns":2.0},{"damage":32.0,"enemies":"Gremlin Nob","floor":7.0,"turns":5.0},{"damage":0.0,"enemies":"2 Louse","floor":10.0,"turns":2.0},{"damage":6.0,"enemies":"Exordium Wildlife","floor":11.0,"turns":5.0},{"damage":3.0,"enemies":"Looter","floor":14.0,"turns":3.0},{"damage":27.0,"enemies":"Slime Boss","floor":16.0,"turns":20.0},{"damage":18.0,"enemies":"2 Thieves","floor":18.0,"turns":4.0},{"damage":6,"enemies":"3 Byrds","floor":19,"turns":3},{"damage":18,"enemies":"Snecko","floor":21,"turns":9},{"damage":19,"enemies":"Colosseum Slavers","floor":22,"turns":4},{"damage":39,"enemies":"Book of Stabbing","floor":24,"turns":5}],"seed_played":"-777991866091522936","potions_obtained":[{"floor":1.0,"key":"Energy Potion"},{"floor":7.0,"key":"SteroidPotion"},{"floor":14.0,"key":"Swift Potion"},{"floor":17.0,"key":"EssenceOfSteel"},{"floor":18.0,"key":"Dexterity Potion"}],"is_trial":false,"path_per_floor":["M","?","?","?","M","R","E","?","T","M","M","$","R","M","R","B",null,"M","M","?","M","?","R"],"character_chosen":"DEFECT","items_purchased":["Machine Learning"],"campfire_rested":1,"item_purchase_floors":[12],"current_hp_per_floor":[64,53,53,46,46,46,14,31,31,31,25,25,45,42,42,15,74,56,50,50,47,38,38,0],"gold":279,"neow_bonus":"UPGRADE_CARD","is_prod":false,"is_daily":false,"chose_seed":false,"campfire_upgraded":3,"win_rate":0,"timestamp":1540374827,"path_taken":["M","?","?","?","M","R","E","?","T","M","?","$","R","M","R","BOSS","M","M","?","M","?","R","E"],"build_version":"2018-10-18","purchased_purges":1,"victory":false,"max_hp_per_floor":[75,75,69,69,69,69,69,69,69,69,69,69,69,69,69,69,74,74,74,74,74,74,74,74],"card_choices":[{"not_picked":["Cold Snap","Tempest"],"picked":"Gash","floor":1.0},{"not_picked":["Rebound","Ball Lightning"],"picked":"Cold Snap","floor":5.0},{"not_picked":["Leap","Compile Driver"],"picked":"Conserve Battery","floor":7.0},{"not_picked":["Gash","BootSequence"],"picked":"Steam","floor":10.0},{"not_picked":["Sweeping Beam","Beam Cell"],"picked":"Stack","floor":11.0},{"not_picked":["Reprogram","Leap"],"picked":"Glacier","floor":14.0},{"not_picked":["Biased Cognition","Core Surge"],"picked":"Electrodynamics","floor":16.0},{"not_picked":["Turbo","Rebound"],"picked":"Barrage","floor":17.0},{"not_picked":["Turbo","All For One","Cold Snap"],"picked":"SKIP","floor":18.0},{"not_picked":["Compile Driver+1","Melter"],"picked":"Self Repair+1","floor":19},{"not_picked":["Stack","FTL","Beam Cell"],"picked":"SKIP","floor":21}],"player_experience":233065,"relics_obtained":[{"floor":7.0,"key":"Boot"},{"floor":9.0,"key":"Oddly Smooth Stone"}],"event_choices":[{"damage_healed":0.0,"max_hp_gain":0.0,"max_hp_loss":0.0,"gold_gain":75.0,"event_name":"World of Goop","player_choice":"Gather Gold","floor":2.0,"gold_loss":0.0,"damage_taken":11.0},{"damage_healed":0.0,"max_hp_gain":0.0,"max_hp_loss":6.0,"gold_gain":0.0,"event_name":"Golden Idol","player_choice":"Lose Max HP","floor":3.0,"gold_loss":0.0,"damage_taken":0.0,"relics_obtained":["Golden Idol"]},{"cards_removed":["Strike_B"],"damage_healed":0.0,"max_hp_gain":0.0,"max_hp_loss":0.0,"gold_gain":0.0,"event_name":"Golden Wing","player_choice":"Card Removal","floor":4.0,"gold_loss":0.0,"damage_taken":7.0},{"damage_healed":17.0,"max_hp_gain":0.0,"max_hp_loss":0.0,"gold_gain":0.0,"event_name":"The Cleric","player_choice":"Healed","floor":8.0,"gold_loss":35.0,"damage_taken":0.0},{"damage_healed":0,"gold_gain":0,"player_choice":"Gave Idol","damage_taken":0,"relics_obtained":["Bloody Idol"],"max_hp_gain":0,"max_hp_loss":0,"event_name":"Forgotten Altar","floor":20,"relics_lost":["Golden Idol"],"gold_loss":0},{"damage_healed":0,"gold_gain":0,"player_choice":"Fight","damage_taken":0,"max_hp_gain":0,"max_hp_loss":0,"event_name":"Colosseum","floor":22,"gold_loss":0},{"damage_healed":0,"gold_gain":0,"player_choice":"Fled From Nobs","damage_taken":0,"max_hp_gain":0,"max_hp_loss":0,"event_name":"Colosseum","floor":22,"gold_loss":0}],"is_beta":false,"boss_relics":[{"not_picked":["Snecko Eye","Astrolabe"],"picked":"Tiny House"}],"items_purged_floors":[12],"is_endless":false,"potions_floor_spawned":[1,7,14,18,22],"killed_by":"Book of Stabbing","ascension_level":4}