{"gold_per_floor":[363,54,64,84,97,129,129,139,139,151,165,36,36,36,36,140,140,155,123,213,225,225],"floor_reached":22,"playtime":2364,"items_purged":[],"score":200,"play_id":"7fdac73f-1f09-4cb8-a121-0c4a87a3635e","local_time":"20190420004932","is_ascension_mode":true,"campfire_choices":[{"floor":7,"key":"RECALL"},{"data":"Inflame","floor":13,"key":"SMITH"},{"data":"Heavy Blade","floor":15,"key":"SMITH"}],"neow_cost":"PERCENT_DAMAGE","seed_source_timestamp":136342782161999,"circlet_count":0,"master_deck":["Strike_R","Strike_R","Strike_R","Strike_R","Strike_R","Defend_R","Defend_R","Defend_R","Defend_R","Bash","Heavy Blade+1","Disarm","Dropkick","Inflame+1","Iron Wave","Metallicize","Uppercut","Seeing Red","Pummel","Rage+1","Reaper","Anger","Carnage","Deep Breath","Inflame"],"relics":["Burning Blood","Vajra","Regal Pillow","Eternal Feather"],"potions_floor_usage":[6,6,10,10,16,22],"damage_taken":[{"damage":1,"enemies":"Cultist","floor":1,"turns":4},{"damage":6,"enemies":"Jaw Worm","floor":3,"turns":4},{"damage":0,"enemies":"2 Louse","floor":4,"turns":2},{"damage":7,"enemies":"Red Slaver","floor":5,"turns":3},{"damage":8,"enemies":"Gremlin Nob","floor":6,"turns":4},{"damage":2,"enemies":"Looter","floor":8,"turns":4},{"damage":11,"enemies":"Large Slime","floor":10,"turns":4},{"damage":16,"enemies":"3 Louse","floor":11,"turns":4},{"damage":19,"enemies":"Slime Boss","floor":16,"turns":7},{"damage":6,"enemies":"Chosen","floor":18,"turns":3},{"damage":19,"enemies":"2 Thieves","floor":19,"turns":5},{"damage":35,"enemies":"Centurion and Healer","floor":21,"turns":8},{"damage":13,"enemies":"Shelled Parasite and Fungi","floor":22,"turns":6}],"seed_played":"8272397540910259681","potions_obtained":[{"floor":1,"key":"Swift Potion"},{"floor":3,"key":"Block Potion"},{"floor":6,"key":"SkillPotion"}],"is_trial":false,"path_per_floor":["M","$","M","M","M","E","R","M","T","M","M","$","R","?","R","B",null,"M","M","?","M","M"],"character_chosen":"IRONCLAD","items_purchased":["Disarm","Dropkick","Vajra","Strength Potion","Rage","Strength Potion"],"campfire_rested":0,"item_purchase_floors":[2,2,2,2,12,12],"current_hp_per_floor":[61,61,61,67,66,64,64,68,68,63,53,53,53,53,53,40,80,80,67,35,11,0],"gold":225,"neow_bonus":"TWO_FIFTY_GOLD","is_prod":false,"is_daily":false,"chose_seed":false,"campfire_upgraded":2,"win_rate":0,"timestamp":1555714172,"path_taken":["M","$","M","M","?","E","R","?","T","M","M","$","R","?","R","BOSS","M","M","?","M","?"],"build_version":"2019-01-23","purchased_purges":0,"victory":false,"max_hp_per_floor":[80,80,80,80,80,80,80,80,80,80,80,80,80,80,80,80,80,80,80,80,80,80],"card_choices":[{"not_picked":["Burning Pact","Pummel"],"picked":"Heavy Blade","floor":1},{"not_picked":["Power Through","Headbutt"],"picked":"Inflame","floor":3},{"not_picked":["Havoc","Twin Strike"],"picked":"Iron Wave","floor":4},{"not_picked":["Hemokinesis","Flame Barrier"],"picked":"Metallicize","floor":5},{"not_picked":["Burning Pact","Uppercut","Wild Strike"],"picked":"SKIP","floor":6},{"not_picked":["Burning Pact","Wild Strike"],"picked":"Uppercut","floor":6},{"not_picked":["Twin Strike","Fire Breathing"],"picked":"Seeing Red","floor":8},{"not_picked":["Perfected Strike","Clash","Power Through"],"picked":"SKIP","floor":10},{"not_picked":["Whirlwind","Feel No Pain"],"picked":"Pummel","floor":11},{"not_picked":["Dark Embrace","Limit Break"],"picked":"Reaper","floor":16},{"not_picked":["Entrench+1","Sentinel"],"picked":"Anger","floor":18},{"not_picked":["Pummel","Hemokinesis"],"picked":"Carnage","floor":19},{"not_picked":["Uppercut","True Grit"],"picked":"Inflame","floor":21}],"player_experience":122251,"relics_obtained":[{"floor":6,"key":"Regal Pillow"}],"event_choices":[{"damage_healed":0,"gold_gain":0,"player_choice":"Grow","damage_taken":0,"max_hp_gain":0,"max_hp_loss":0,"event_name":"Living Wall","floor":14,"gold_loss":0,"cards_upgraded":["Rage"]},{"damage_healed":0,"gold_gain":90,"player_choice":"GOLD CARD POTION ","damage_taken":32,"max_hp_gain":0,"max_hp_loss":0,"event_name":"Knowing Skull","floor":20,"potions_obtained":["Swift Potion"],"gold_loss":0,"cards_obtained":["Deep Breath"]}],"is_beta":false,"boss_relics":[{"not_picked":["Sozu","Astrolabe"],"picked":"Eternal Feather"}],"items_purged_floors":[],"is_endless":false,"potions_floor_spawned":[1,3,6],"killed_by":"Shelled Parasite and Fungi","ascension_level":1}