{"gold_per_floor":[114,36,36,36,36,36,61,73,119,133,133,133,160,172,184,273,285,315,342,354,81,81],"floor_reached":22,"playtime":817,"items_purged":["Shame"],"score":430,"play_id":"9b32e852-fa18-4946-8aa4-877e3ca7a1ae","local_time":"20190409073233","is_ascension_mode":true,"campfire_choices":[{"data":"Bash","floor":6,"key":"SMITH"},{"data":"Inflame","floor":12,"key":"SMITH"},{"data":"Blood for Blood","floor":15,"key":"SMITH"}],"neow_cost":"NONE","seed_source_timestamp":946554305530321,"circlet_count":0,"master_deck":["AscendersBane","Strike_R","Strike_R","Strike_R","Strike_R","Defend_R+1","Defend_R+1","Defend_R","Defend_R","Bash+1","Headbutt","Inflame+1","Blood for Blood+1","Feel No Pain","Ghostly Armor","Demon Form","Flame Barrier","Shockwave","Shockwave"],"relics":["Burning Blood","NeowsBlessing","Darkstone Periapt","Meat on the Bone","Juzu Bracelet","War Paint","MawBank","Cursed Key","Sundial","Anchor"],"potions_floor_usage":[16,22],"damage_taken":[{"damage":0,"enemies":"2 Louse","floor":1,"turns":1},{"damage":0,"enemies":"Lagavulin","floor":7,"turns":1},{"damage":0,"enemies":"Jaw Worm","floor":8,"turns":1},{"damage":6,"enemies":"Cultist","floor":10,"turns":3},{"damage":29,"enemies":"Gremlin Nob","floor":13,"turns":4},{"damage":45,"enemies":"Slime Boss","floor":16,"turns":9},{"damage":33,"enemies":"Chosen","floor":18,"turns":6},{"damage":39,"enemies":"3 Byrds","floor":19,"turns":6},{"damage":34,"enemies":"Cultist and Chosen","floor":22,"turns":4}],"seed_played":"5984539841230006982","potions_obtained":[{"floor":1,"key":"PowerPotion"},{"floor":10,"key":"Strength Potion"},{"floor":18,"key":"Swift Potion"},{"floor":19,"key":"Energy Potion"}],"is_trial":false,"path_per_floor":["M","$","?","T","$","R","E","M","T","M","?","R","E","$","R","B",null,"M","M","?","$","M"],"character_chosen":"IRONCLAD","items_purchased":["Inflame","Anchor","Shockwave"],"campfire_rested":0,"item_purchase_floors":[2,21,21],"current_hp_per_floor":[74,74,69,69,69,69,75,75,75,75,75,75,52,52,52,25,63,48,27,33,33,0],"gold":81,"neow_bonus":"THREE_ENEMY_KILL","is_prod":false,"is_daily":false,"chose_seed":false,"campfire_upgraded":3,"win_rate":0,"timestamp":1554762753,"path_taken":["M","$","?","?","$","R","E","M","T","M","?","R","E","?","R","BOSS","M","M","?","$","M"],"build_version":"2019-01-23","purchased_purges":1,"victory":false,"max_hp_per_floor":[75,75,75,75,75,75,75,75,75,75,75,75,75,75,75,75,75,75,75,81,81,81],"card_choices":[{"not_picked":["Burning Pact","Sword Boomerang"],"picked":"Headbutt","floor":1},{"not_picked":["Reckless Charge","Headbutt","Thunderclap"],"picked":"SKIP","floor":7},{"not_picked":["Reckless Charge","Dual Wield"],"picked":"Blood for Blood","floor":8},{"not_picked":["True Grit","Bloodletting"],"picked":"Feel No Pain","floor":10},{"not_picked":["Wild Strike","Dual Wield"],"picked":"Ghostly Armor","floor":13},{"not_picked":["Berserk","Barricade"],"picked":"Demon Form","floor":16},{"not_picked":["Corruption","Sever Soul"],"picked":"Flame Barrier","floor":18},{"not_picked":["Body Slam","Clothesline"],"picked":"Shockwave","floor":19}],"player_experience":872593,"relics_obtained":[{"floor":4,"key":"Meat on the Bone"},{"floor":7,"key":"Juzu Bracelet"},{"floor":9,"key":"War Paint"},{"floor":13,"key":"MawBank"}],"event_choices":[{"damage_healed":0,"gold_gain":0,"player_choice":"Success","damage_taken":5,"relics_obtained":["Darkstone Periapt"],"max_hp_gain":0,"max_hp_loss":0,"event_name":"Scrap Ooze","floor":3,"gold_loss":0},{"cards_removed":["Strike_R"],"damage_healed":0,"gold_gain":0,"player_choice":"Offered Basic","damage_taken":0,"max_hp_gain":0,"max_hp_loss":0,"event_name":"Bonfire Elementals","floor":11,"gold_loss":0},{"damage_healed":0,"gold_gain":0,"player_choice":"Stole Relic","damage_taken":0,"relics_obtained":["Sundial"],"max_hp_gain":0,"max_hp_loss":0,"event_name":"Addict","floor":20,"gold_loss":0,"cards_obtained":["Shame"]}],"is_beta":false,"boss_relics":[{"not_picked":["Tiny House","Runic Dome"],"picked":"Cursed Key"}],"items_purged_floors":[21],"is_endless":false,"potions_floor_spawned":[1,10,18,19],"killed_by":"Cultist and Chosen","ascension_level":20}