{"gold_per_floor":[210,210,3,20,40,73,248,248,248,267,7,24,24,24,24,123,123,133,151,151,8,8,8,19,38,63,63,93,104,104],"floor_reached":30,"playtime":855,"items_purged":["Doubt"],"score":250,"play_id":"2a5c4164-4c14-4ace-8a32-85d10aa7cbe4","local_time":"20190504213058","is_ascension_mode":false,"campfire_choices":[{"data":"Deadly Poison","floor":8,"key":"SMITH"},{"floor":15,"key":"REST"},{"floor":23,"key":"REST"},{"floor":27,"key":"REST"}],"neow_cost":"NONE","seed_source_timestamp":99761432049700,"circlet_count":0,"master_deck":["Defend_G","Defend_G","Defend_G","Defend_G","Defend_G","Strike_G","Strike_G","Strike_G","Strike_G","Strike_G","Survivor","Neutralize","Deadly Poison","Deadly Poison+1","Caltrops","Dash","Catalyst","After Image","Well Laid Plans","Dagger Spray+1","Dodge and Roll"],"relics":["Ring of the Snake","Membership Card","Happy Flower","Question Card","Regal Pillow","OrangePellets","Snake Skull","Fusion Hammer","Calipers","Ancient Tea Set","Blood Vial"],"potions_floor_usage":[6,16,16,25,28,28,28,29],"damage_taken":[{"damage":5,"enemies":"Jaw Worm","floor":1,"turns":4},{"damage":6,"enemies":"Cultist","floor":4,"turns":4},{"damage":6,"enemies":"2 Louse","floor":5,"turns":3},{"damage":24,"enemies":"3 Sentries","floor":6,"turns":8},{"damage":19,"enemies":"Blue Slaver","floor":10,"turns":3},{"damage":5,"enemies":"Red Slaver","floor":12,"turns":3},{"damage":11,"enemies":"The Guardian","floor":16,"turns":7},{"damage":6,"enemies":"Chosen","floor":18,"turns":4},{"damage":15,"enemies":"3 Byrds","floor":19,"turns":5},{"damage":11,"enemies":"Colosseum Slavers","floor":22,"turns":5},{"damage":33,"enemies":"3 Cultists","floor":24,"turns":7},{"damage":11,"enemies":"Snecko","floor":25,"turns":5},{"damage":35,"enemies":"Gremlin Leader","floor":28,"turns":6},{"damage":16,"enemies":"Snake Plant","floor":29,"turns":3},{"damage":25,"enemies":"Cultist and Chosen","floor":30,"turns":4}],"seed_played":"5605635524640463750","potions_obtained":[{"floor":5,"key":"Fire Potion"},{"floor":6,"key":"Poison Potion"},{"floor":24,"key":"EntropicBrew"},{"floor":28,"key":"Fire Potion"}],"is_trial":false,"path_per_floor":["M","?","$","M","M","E","?","R","T","M","$","M","?","T","R","B",null,"M","M","?","$","?","R","M","M","T","R","E","M","M"],"character_chosen":"THE_SILENT","items_purchased":["Membership Card","Catalyst","Regal Pillow","OrangePellets","Fire Potion","Calipers"],"campfire_rested":3,"item_purchase_floors":[3,11,11,11,11,21],"current_hp_per_floor":[65,65,65,59,53,29,29,29,29,10,10,5,5,5,41,30,70,64,49,49,49,38,70,37,26,26,62,27,13,0],"gold":104,"neow_bonus":"HUNDRED_GOLD","is_prod":false,"is_daily":false,"chose_seed":false,"campfire_upgraded":1,"win_rate":0,"timestamp":1557019858,"path_taken":["M","?","$","?","M","E","?","R","T","M","$","M","?","?","R","BOSS","M","M","?","$","?","R","M","M","T","R","E","M","M"],"build_version":"2019-01-23","purchased_purges":1,"victory":false,"max_hp_per_floor":[70,70,70,70,70,70,70,70,70,70,70,70,70,70,70,70,70,70,70,70,70,70,70,70,70,70,70,70,70,70],"card_choices":[{"not_picked":["Outmaneuver","Distraction","Bane"],"picked":"SKIP","floor":1},{"not_picked":["Bane","Sucker Punch"],"picked":"Deadly Poison","floor":4},{"not_picked":["Escape Plan","Outmaneuver"],"picked":"Deadly Poison","floor":5},{"not_picked":["Deadly Poison","Skewer"],"picked":"Caltrops","floor":6},{"not_picked":["Tools of the Trade","Accuracy","Dagger Throw"],"picked":"Dash","floor":10},{"not_picked":["Prepared","Outmaneuver","Slice","Dagger Throw"],"picked":"SKIP","floor":12},{"not_picked":["Unload","Venomology","Bullet Time"],"picked":"After Image","floor":16},{"not_picked":["Dagger Spray","Escape Plan","Deflect","Blade Dance+1"],"picked":"SKIP","floor":18},{"not_picked":["Blade Dance","Riddle With Holes","Dash","Deflect"],"picked":"SKIP","floor":19},{"not_picked":["Slice+1","Infinite Blades","Distraction"],"picked":"Dagger Spray+1","floor":24},{"not_picked":["Cloak And Dagger","Choke","Reflex+1","Blade Dance+1"],"picked":"SKIP","floor":25},{"not_picked":["Acrobatics","Dagger Throw","Blade Dance","Quick Slash"],"picked":"SKIP","floor":28},{"not_picked":["Heel Hook","Finisher+1","Phantasmal Killer"],"picked":"Dodge and Roll","floor":29}],"player_experience":94579,"relics_obtained":[{"floor":6,"key":"Happy Flower"},{"floor":9,"key":"Question Card"},{"floor":14,"key":"Snake Skull"},{"floor":26,"key":"Ancient Tea Set"},{"floor":28,"key":"Blood Vial"}],"event_choices":[{"damage_healed":0,"gold_gain":0,"player_choice":"0 cards matched","damage_taken":0,"max_hp_gain":0,"max_hp_loss":0,"event_name":"Match and Keep!","floor":2,"gold_loss":0,"cards_obtained":[]},{"damage_healed":0,"gold_gain":175,"player_choice":"AGREE","damage_taken":0,"max_hp_gain":0,"max_hp_loss":0,"event_name":"Liars Game","floor":7,"gold_loss":0,"cards_obtained":["Doubt"]},{"damage_healed":0,"gold_gain":0,"player_choice":"Ignored","damage_taken":0,"max_hp_gain":0,"max_hp_loss":0,"event_name":"Shining Light","floor":13,"gold_loss":0},{"damage_healed":0,"gold_gain":0,"player_choice":"Read","damage_taken":0,"max_hp_gain":0,"max_hp_loss":0,"event_name":"The Library","floor":20,"gold_loss":0,"cards_obtained":["Well Laid Plans"]},{"damage_healed":0,"gold_gain":0,"player_choice":"Fight","damage_taken":0,"max_hp_gain":0,"max_hp_loss":0,"event_name":"Colosseum","floor":22,"gold_loss":0},{"damage_healed":0,"gold_gain":0,"player_choice":"Fled From Nobs","damage_taken":0,"max_hp_gain":0,"max_hp_loss":0,"event_name":"Colosseum","floor":22,"gold_loss":0}],"is_beta":false,"boss_relics":[{"not_picked":["Runic Pyramid","WristBlade"],"picked":"Fusion Hammer"}],"items_purged_floors":[11],"is_endless":false,"potions_floor_spawned":[5,6,24,25,28],"killed_by":"Cultist and Chosen","ascension_level":0}