{"gold_per_floor":[111,111,125,144,155,155,80,96,96,96,111,111,130,130,130,235,235,250,262,262,162,182,182],"floor_reached":23,"playtime":856,"items_purged":["Defend_B","Defend_B"],"score":185,"play_id":"ef866932-bb9e-4701-bd42-9d8d963193a4","local_time":"20180809005741","is_ascension_mode":false,"campfire_choices":[{"data":"Zap","floor":6,"key":"SMITH"},{"data":"Streamline","floor":12,"key":"SMITH"},{"floor":15,"key":"REST"}],"neow_cost":"NONE","seed_source_timestamp":7835625198724,"circlet_count":0,"master_deck":["Strike_B","Strike_B","Defend_B","Defend_B","Zap+1","Dualcast","Genetic Algorithm+1","Streamline+1","Parasite","Seek"],"relics":["Cracked Core","Blue Candle","Frozen Egg 2","Sozu"],"potions_floor_usage":[16,16,16],"damage_taken":[{"damage":2,"enemies":"Small Slimes","floor":1,"turns":3},{"damage":4,"enemies":"2 Louse","floor":3,"turns":2},{"damage":1,"enemies":"Jaw Worm","floor":4,"turns":3},{"damage":6,"enemies":"2 Fungi Beasts","floor":5,"turns":3},{"damage":21,"enemies":"Exordium Thugs","floor":8,"turns":4},{"damage":9,"enemies":"Lots of Slimes","floor":11,"turns":3},{"damage":0,"enemies":"Looter","floor":13,"turns":2},{"damage":32,"enemies":"Hexaghost","floor":16,"turns":9},{"damage":11,"enemies":"3 Byrds","floor":18,"turns":4},{"damage":10,"enemies":"Chosen","floor":19,"turns":5},{"damage":11,"enemies":"3 Cultists","floor":22,"turns":5},{"damage":45,"enemies":"Book of Stabbing","floor":23,"turns":5}],"seed_played":"8547257207827833161","potions_obtained":[{"floor":3,"key":"LiquidBronze"},{"floor":8,"key":"Swift Potion"},{"floor":11,"key":"Weak Potion"},{"floor":16,"key":"SteroidPotion"}],"is_trial":false,"path_per_floor":["M","?","M","M","M","R","$","M","T","?","M","R","M","?","R","B",null,"M","M","?","$","M"],"character_chosen":"DEFECT","items_purchased":[],"campfire_rested":1,"item_purchase_floors":[],"current_hp_per_floor":[73,73,69,68,62,62,62,41,41,41,32,32,32,20,42,10,75,64,54,54,54,43,0],"gold":182,"neow_bonus":"TRANSFORM_CARD","is_prod":false,"is_daily":false,"chose_seed":false,"campfire_upgraded":2,"win_rate":0,"timestamp":1533747461,"path_taken":["M","?","M","M","M","R","$","M","T","?","M","R","M","?","R","BOSS","M","M","?","$","M","E"],"build_version":"2018-08-02","purchased_purges":2,"victory":false,"max_hp_per_floor":[75,75,75,75,75,75,75,75,75,75,75,75,75,75,75,75,75,75,75,75,75,75,75],"card_choices":[{"not_picked":["Coolheaded","Cold Snap","Storm"],"picked":"SKIP","floor":1},{"not_picked":["Chaos","Cold Snap","Melter"],"picked":"SKIP","floor":3},{"not_picked":["Heatsinks","Compile Driver","Barrage"],"picked":"SKIP","floor":4},{"not_picked":["Redo","White Noise","Lockon"],"picked":"SKIP","floor":5},{"not_picked":["Tempest","Beam Cell","Loop"],"picked":"SKIP","floor":8},{"not_picked":["Redo","Stack","Coolheaded"],"picked":"SKIP","floor":11},{"not_picked":["Cold Snap","Coolheaded"],"picked":"Seek","floor":13},{"not_picked":["Ball Lightning","Cold Snap","Undo"],"picked":"SKIP","floor":18},{"not_picked":["Stack","Heatsinks+1","Leap"],"picked":"SKIP","floor":19},{"not_picked":["Leap","Sweeping Beam","Recycle"],"picked":"SKIP","floor":22}],"player_experience":295753,"relics_obtained":[{"floor":9,"key":"Blue Candle"}],"event_choices":[{"event_name":"Living Wall","player_choice":"Forget","floor":2,"damage_taken":0},{"event_name":"Match and Keep!","player_choice":"2 cards matched","floor":10,"damage_taken":0},{"event_name":"Scrap Ooze","player_choice":"success","floor":14,"damage_taken":12},{"event_name":"Upgrade Shrine","player_choice":"Upgraded","floor":20,"damage_taken":0}],"is_beta":false,"boss_relics":[{"not_picked":["Inserter","Philosopher\u0027s Stone"],"picked":"Sozu"}],"items_purged_floors":[7,21],"is_endless":false,"potions_floor_spawned":[3,8,11,13,16,18],"killed_by":"Book of Stabbing","ascension_level":0}