{"path_per_floor":["M","?","?","M","M","$","E","$","T","R","?","R","?","M","R"],"character_chosen":"IRONCLAD","items_purchased":["Dramatic Entrance","Omamori","Reaper"],"gold_per_floor":[359,359,434,451,467,139,167,13,37,37,2,2,2,21,21,21],"floor_reached":16,"campfire_rested":0,"playtime":856,"item_purchase_floors":[6,6,8],"current_hp_per_floor":[72,72,61,63,62,62,20,20,20,20,38,38,35,56,56,0],"items_purged":["Metallicize"],"gold":21,"score":98,"play_id":"e665fdad-ef29-4bab-9a96-b2a87631e6d6","local_time":"20180529223228","is_prod":false,"is_daily":false,"chose_seed":false,"is_ascension_mode":false,"campfire_upgraded":3,"win_rate":0,"timestamp":1527651148,"campfire_choices":[{"data":"Shockwave","floor":10,"key":"SMITH"},{"data":"Reaper","floor":12,"key":"SMITH"},{"data":"Dramatic Entrance","floor":15,"key":"SMITH"}],"path_taken":["M","?","?","M","?","$","E","?","T","R","?","R","?","M","R","BOSS"],"build_version":"2018-05-24","seed_source_timestamp":600755658529086,"purchased_purges":1,"victory":false,"master_deck":["Strike_R","Strike_R","Strike_R","Strike_R","Defend_R","Defend_R","Defend_R","Defend_R","Bash","Infernal Blade","Shockwave+1","Flex","Dramatic Entrance+1","Iron Wave","Reaper+1"],"max_hp_per_floor":[72,72,72,72,72,72,72,72,72,72,72,72,72,72,72,72],"relics":["Burning Blood","Omamori","Pen Nib","Oddly Smooth Stone"],"card_choices":[{"not_picked":["Perfected Strike","Clash"],"picked":"Infernal Blade","floor":1},{"not_picked":["Twin Strike","Clothesline"],"picked":"Shockwave","floor":4},{"not_picked":["Warcry","Sword Boomerang"],"picked":"Flex","floor":5},{"not_picked":["Dual Wield","Second Wind"],"picked":"Iron Wave","floor":7},{"not_picked":["Headbutt","Anger","Wild Strike"],"picked":"SKIP","floor":14}],"player_experience":63507,"potions_floor_usage":[16,16],"damage_taken":[{"damage":1,"enemies":"2 Louse","floor":1,"turns":3},{"damage":4,"enemies":"Cultist","floor":4,"turns":3},{"damage":7,"enemies":"Small Slimes","floor":5,"turns":4},{"damage":48,"enemies":"Gremlin Nob","floor":7,"turns":5},{"damage":4,"enemies":"2 Fungi Beasts","floor":14,"turns":3},{"damage":72,"enemies":"Slime Boss","floor":16,"turns":9}],"relics_obtained":[{"floor":7,"key":"Pen Nib"},{"floor":9,"key":"Oddly Smooth Stone"}],"event_choices":[{"event_name":"Transmorgrifier","player_choice":"Transform","floor":2,"damage_taken":0},{"event_name":"World of Goop","player_choice":"Gather Gold","floor":3,"damage_taken":0},{"event_name":"The Cleric","player_choice":"Healed","floor":11,"damage_taken":0},{"event_name":"Scrap Ooze","player_choice":"unsuccessful","floor":13,"damage_taken":3}],"boss_relics":[],"items_purged_floors":[6],"potions_floor_spawned":[4,14],"seed_played":"-4994675515194984794","killed_by":"Slime Boss","ascension_level":0,"potions_obtained":[{"floor":4,"key":"GamblersBrew"},{"floor":14,"key":"LiquidBronze"}],"is_trial":false}