{"gold_per_floor":[116,127,302,313,388,100,100,100,100,100,111,11,30,40,40,136,136,146,161,111,124,135,135,135],"floor_reached":24,"playtime":2560,"items_purged":["Strike_G","Strike_G"],"score":257,"play_id":"0d2a8f48-9598-4458-af70-833f93be6c54","local_time":"20181208102242","is_ascension_mode":true,"campfire_choices":[{"data":"Neutralize","floor":8.0,"key":"SMITH"},{"data":"Dagger Spray","floor":10.0,"key":"SMITH"},{"data":"Leg Sweep","floor":15,"key":"SMITH"},{"floor":23,"key":"REST"}],"neow_cost":"NONE","seed_source_timestamp":0,"circlet_count":0,"master_deck":["Defend_G","Defend_G","Defend_G","Defend_G","Defend_G","Strike_G","Strike_G","Strike_G","Survivor","Neutralize+1","Flying Knee","PiercingWail","Dagger Spray+1","Leg Sweep+1","Dagger Throw","Sucker Punch","Venomology","Noxious Fumes","Backstab"],"special_seed":0,"relics":["Ring of the Snake","Omamori","Turnip","Eternal Feather"],"potions_floor_usage":[13,16,16,18,19,19,21,21,21,22,24],"damage_taken":[{"damage":1.0,"enemies":"Cultist","floor":1.0,"turns":5.0},{"damage":2.0,"enemies":"2 Louse","floor":2.0,"turns":3.0},{"damage":7.0,"enemies":"Small Slimes","floor":4.0,"turns":7.0},{"damage":0.0,"enemies":"Exordium Thugs","floor":11.0,"turns":5.0},{"damage":0,"enemies":"Exordium Wildlife","floor":13,"turns":5},{"damage":0,"enemies":"2 Fungi Beasts","floor":14,"turns":2},{"damage":17,"enemies":"Slime Boss","floor":16,"turns":13},{"damage":13,"enemies":"Shell Parasite","floor":18,"turns":14},{"damage":9,"enemies":"Spheric Guardian","floor":19,"turns":6},{"damage":11,"enemies":"Centurion and Healer","floor":21,"turns":11},{"damage":36,"enemies":"Snake Plant","floor":22,"turns":10},{"damage":42,"enemies":"Slavers","floor":24,"turns":5}],"seed_played":"4982014541203856510","potions_obtained":[{"floor":11.0,"key":"Fire Potion"},{"floor":13,"key":"EntropicBrew"},{"floor":14,"key":"AttackPotion"},{"floor":18,"key":"LiquidBronze"},{"floor":19,"key":"SteroidPotion"},{"floor":22,"key":"SkillPotion"}],"is_trial":false,"path_per_floor":["M","M","?","M","?","$","?","R","T","R","M","$","M","M","R","B",null,"M","M","?","M","M","R","E"],"character_chosen":"THE_SILENT","items_purchased":["Leg Sweep","Dagger Throw","GhostInAJar","Energy Potion"],"campfire_rested":1,"item_purchase_floors":[6,6,6,6],"current_hp_per_floor":[62,60,60,53,42,42,42,42,42,42,42,42,42,42,42,25,59,46,37,37,26,5,35,0],"gold":135,"neow_bonus":"RANDOM_COMMON_RELIC","is_prod":false,"is_daily":false,"chose_seed":false,"campfire_upgraded":3,"win_rate":0,"timestamp":1544286162,"path_taken":["M","M","?","M","?","$","?","R","T","R","M","$","?","M","R","BOSS","M","M","?","?","M","R","E"],"build_version":"2018-12-06","purchased_purges":2,"victory":false,"max_hp_per_floor":[70,70,70,70,70,70,70,70,70,70,70,70,70,70,70,70,70,70,70,70,70,70,70,70],"card_choices":[{"not_picked":["Dagger Throw","Quick Slash"],"picked":"Flying Knee","floor":1.0},{"not_picked":["Quick Slash","Flying Knee"],"picked":"PiercingWail","floor":2.0},{"not_picked":["Underhanded Strike","PiercingWail"],"picked":"Dagger Spray","floor":4.0},{"not_picked":["Setup","Masterful Stab"],"picked":"Sucker Punch","floor":11.0},{"not_picked":["Blade Dance","Quick Slash","Envenom"],"picked":"SKIP","floor":13},{"not_picked":["Prepared","Underhanded Strike","Bouncing Flask"],"picked":"SKIP","floor":14},{"not_picked":["Doppelganger","Storm of Steel"],"picked":"Venomology","floor":16},{"not_picked":["Eviscerate+1","Poisoned Stab","Infinite Blades"],"picked":"SKIP","floor":18},{"not_picked":["Bouncing Flask+1","Sucker Punch"],"picked":"Noxious Fumes","floor":19},{"not_picked":["Blur","Catalyst"],"picked":"Backstab","floor":21},{"not_picked":["Deadly Poison","Dagger Throw","Blade Dance"],"picked":"SKIP","floor":22}],"player_experience":276167,"relics_obtained":[{"floor":9.0,"key":"Turnip"}],"event_choices":[{"damage_healed":0.0,"max_hp_gain":0.0,"max_hp_loss":0.0,"gold_gain":175.0,"event_name":"Liars Game","player_choice":"AGREE","floor":3.0,"gold_loss":0.0,"damage_taken":0.0,"cards_obtained":["Doubt"]},{"damage_healed":0.0,"max_hp_gain":0.0,"max_hp_loss":0.0,"gold_gain":75.0,"event_name":"World of Goop","player_choice":"Gather Gold","floor":5.0,"gold_loss":0.0,"damage_taken":11.0},{"damage_healed":0.0,"max_hp_gain":0.0,"max_hp_loss":0.0,"gold_gain":0.0,"event_name":"Transmorgrifier","player_choice":"Ignored","floor":7.0,"gold_loss":0.0,"damage_taken":0.0},{"damage_healed":0,"gold_gain":0,"player_choice":"Bet on Owner","damage_taken":0,"max_hp_gain":0,"max_hp_loss":0,"event_name":"The Joust","floor":20,"gold_loss":50}],"is_beta":false,"boss_relics":[{"not_picked":["Ring of the Serpent","White Beast Statue"],"picked":"Eternal Feather"}],"items_purged_floors":[6,12],"is_endless":false,"potions_floor_spawned":[11,13,14,18,19,22],"killed_by":"Slavers","ascension_level":7}