{"gold_per_floor":[117,132,150,168,243,275,275,228,228,228],"floor_reached":10,"playtime":492,"items_purged":[],"score":105,"play_id":"4d48bc6e-a3cf-4888-bc70-59c2f9e90842","local_time":"20190428210006","is_ascension_mode":true,"campfire_choices":[{"floor":7,"key":"REST"}],"neow_cost":"TEN_PERCENT_HP_LOSS","seed_source_timestamp":177142114113440,"circlet_count":0,"master_deck":["AscendersBane","Defend_G","Defend_G","Defend_G","Defend_G","Defend_G","Strike_G","Strike_G","Strike_G","Strike_G","Strike_G","Survivor","Neutralize","Dodge and Roll","Leg Sweep","Catalyst","Dagger Spray"],"relics":["Ring of the Snake","The Specimen","Boot","Regal Pillow"],"potions_floor_usage":[6,6],"damage_taken":[{"damage":2,"enemies":"Jaw Worm","floor":1,"turns":6},{"damage":3,"enemies":"Cultist","floor":2,"turns":5},{"damage":1,"enemies":"2 Louse","floor":3,"turns":3},{"damage":0,"enemies":"2 Fungi Beasts","floor":4,"turns":7},{"damage":32,"enemies":"Gremlin Nob","floor":6,"turns":5},{"damage":37,"enemies":"Gremlin Gang","floor":10,"turns":5}],"seed_played":"2478689132676227486","potions_obtained":[{"floor":3,"key":"AttackPotion"},{"floor":4,"key":"AttackPotion"}],"is_trial":false,"path_per_floor":["M","M","M","M","?","E","R","$","T","M"],"character_chosen":"THE_SILENT","items_purchased":["Dagger Spray"],"campfire_rested":1,"item_purchase_floors":[8],"current_hp_per_floor":[61,58,57,57,51,19,37,37,37,0],"gold":228,"neow_bonus":"ONE_RARE_RELIC","is_prod":false,"is_daily":false,"chose_seed":false,"campfire_upgraded":0,"win_rate":0,"timestamp":1556478006,"path_taken":["M","M","M","M","?","E","R","$","T","M"],"build_version":"2019-01-23","purchased_purges":0,"victory":false,"max_hp_per_floor":[63,63,63,63,63,63,63,63,63,63],"card_choices":[{"not_picked":["Slice","Infinite Blades","Blade Dance"],"picked":"SKIP","floor":1},{"not_picked":["Flechettes","All Out Attack","Reflex"],"picked":"SKIP","floor":2},{"not_picked":["Flying Knee","Deflect"],"picked":"Dodge and Roll","floor":3},{"not_picked":["Outmaneuver","Accuracy"],"picked":"Leg Sweep","floor":4},{"not_picked":["Grand Finale","Outmaneuver"],"picked":"Catalyst","floor":6}],"player_experience":504809,"relics_obtained":[{"floor":6,"key":"Boot"},{"floor":9,"key":"Regal Pillow"}],"event_choices":[{"damage_healed":0,"gold_gain":75,"player_choice":"Touch","damage_taken":6,"max_hp_gain":0,"max_hp_loss":0,"event_name":"FaceTrader","floor":5,"gold_loss":0}],"is_beta":false,"boss_relics":[],"items_purged_floors":[],"is_endless":false,"potions_floor_spawned":[3,4],"killed_by":"Gremlin Gang","ascension_level":11}