{"gold_per_floor":[113,113,125,125,137,137,147,166,190,190,190,201,201,236,236,236],"floor_reached":16,"playtime":586,"items_purged":[],"score":204,"play_id":"b603eaa6-5606-435e-9fdf-dd706d9d170d","local_time":"20190427171638","is_ascension_mode":true,"campfire_choices":[{"data":"Anger","floor":6,"key":"SMITH"},{"data":"Whirlwind","floor":11,"key":"SMITH"},{"floor":13,"key":"REST"},{"data":"Bash","floor":15,"key":"SMITH"}],"neow_cost":"PERCENT_DAMAGE","seed_source_timestamp":33740265611327,"circlet_count":0,"master_deck":["AscendersBane","Strike_R","Strike_R","Strike_R","Defend_R","Defend_R","Defend_R","Defend_R+1","Bash+1","Fire Breathing+1","Rage","Sword Boomerang","Anger+1","Shrug It Off","Feel No Pain","Whirlwind+1","Shrug It Off"],"relics":["Burning Blood","Ancient Tea Set","Bronze Scales"],"potions_floor_usage":[14,16],"damage_taken":[{"damage":0,"enemies":"Cultist","floor":1,"turns":4},{"damage":18,"enemies":"Jaw Worm","floor":3,"turns":6},{"damage":0,"enemies":"2 Louse","floor":5,"turns":4},{"damage":6,"enemies":"Lots of Slimes","floor":7,"turns":4},{"damage":8,"enemies":"Exordium Thugs","floor":8,"turns":5},{"damage":16,"enemies":"Large Slime","floor":12,"turns":6},{"damage":31,"enemies":"Gremlin Nob","floor":14,"turns":4},{"damage":12,"enemies":"The Guardian","floor":16,"turns":4}],"seed_played":"-8607605050416129329","potions_obtained":[{"floor":3,"key":"LiquidBronze"},{"floor":8,"key":"PowerPotion"},{"floor":12,"key":"AttackPotion"}],"is_trial":false,"path_per_floor":["M","T","M","?","M","R","M","M","T","?","R","M","R","E","R","B"],"character_chosen":"IRONCLAD","items_purchased":[],"campfire_rested":1,"item_purchase_floors":[],"current_hp_per_floor":[56,56,44,21,27,27,27,25,25,25,25,15,37,12,12,0],"gold":236,"neow_bonus":"TRANSFORM_TWO_CARDS","is_prod":false,"is_daily":false,"chose_seed":false,"campfire_upgraded":3,"win_rate":0,"timestamp":1556352998,"path_taken":["M","?","M","?","M","R","M","M","T","?","R","?","R","E","R","BOSS"],"build_version":"2019-01-23","purchased_purges":0,"victory":false,"max_hp_per_floor":[75,75,75,75,75,75,75,75,75,75,75,75,75,75,75,75],"card_choices":[{"not_picked":["Body Slam","Entrench"],"picked":"Sword Boomerang","floor":1},{"not_picked":["Sever Soul","Sentinel"],"picked":"Anger","floor":3},{"not_picked":["Carnage","Hemokinesis"],"picked":"Shrug It Off","floor":5},{"not_picked":["Anger","Cleave"],"picked":"Feel No Pain","floor":7},{"not_picked":["Body Slam","Fire Breathing"],"picked":"Whirlwind","floor":8},{"not_picked":["Headbutt","Body Slam"],"picked":"Shrug It Off","floor":12},{"not_picked":["Second Wind","Anger","Body Slam"],"picked":"SKIP","floor":14}],"player_experience":1103377,"relics_obtained":[{"floor":9,"key":"Ancient Tea Set"},{"floor":14,"key":"Bronze Scales"}],"event_choices":[{"damage_healed":0,"gold_gain":0,"player_choice":"Entered Light","damage_taken":23,"max_hp_gain":0,"max_hp_loss":0,"event_name":"Shining Light","floor":4,"gold_loss":0,"cards_upgraded":["Fire Breathing","Defend_R"]},{"damage_healed":0,"gold_gain":0,"player_choice":"0 cards matched","damage_taken":0,"max_hp_gain":0,"max_hp_loss":0,"event_name":"Match and Keep!","floor":10,"gold_loss":0,"cards_obtained":[]}],"is_beta":false,"boss_relics":[],"items_purged_floors":[],"is_endless":false,"potions_floor_spawned":[3,8,12],"killed_by":"The Guardian","ascension_level":20}