{"gold_per_floor":[116,132,146,163,187,187,214,214,287,287,14,14,27,42,42,115,115,129,149,169,119,119],"floor_reached":22,"playtime":1016,"items_purged":[],"score":376,"play_id":"112e00af-d853-4e24-8809-565838c2eace","local_time":"20190219225607","is_ascension_mode":true,"campfire_choices":[{"data":"Zap","floor":6,"key":"SMITH"},{"floor":8,"key":"REST"},{"data":"Hologram","floor":15,"key":"SMITH"}],"neow_cost":"NONE","seed_source_timestamp":2379932445697597,"circlet_count":0,"master_deck":["AscendersBane","Strike_B","Strike_B","Strike_B","Defend_B","Defend_B","Defend_B","Defend_B","Zap+1","Dualcast","Defragment+1","Coolheaded","Sweeping Beam","Hologram+1","FTL","Reinforced Body+1","Machine Learning","Go for the Eyes","Conserve Battery+1","Gash","Scrape+1"],"relics":["Cracked Core","NeowsBlessing","Bag of Marbles","Blood Vial","Matryoshka","Toxic Egg 2","Orrery"],"potions_floor_usage":[7,14,16,19,20],"damage_taken":[{"damage":0,"enemies":"Cultist","floor":1,"turns":1},{"damage":0,"enemies":"Small Slimes","floor":2,"turns":1},{"damage":0,"enemies":"2 Louse","floor":3,"turns":1},{"damage":9,"enemies":"Exordium Thugs","floor":4,"turns":6},{"damage":26,"enemies":"Gremlin Nob","floor":7,"turns":4},{"damage":9,"enemies":"3 Louse","floor":13,"turns":2},{"damage":18,"enemies":"Gremlin Gang","floor":14,"turns":3},{"damage":9,"enemies":"The Guardian","floor":16,"turns":12},{"damage":0,"enemies":"Spheric Guardian","floor":18,"turns":5},{"damage":4,"enemies":"3 Byrds","floor":19,"turns":3},{"damage":33,"enemies":"Shelled Parasite and Fungi","floor":20,"turns":6},{"damage":31,"enemies":"Centurion and Healer","floor":22,"turns":5}],"seed_played":"-7917305761955647547","potions_obtained":[{"floor":2,"key":"SteroidPotion"},{"floor":4,"key":"Energy Potion"},{"floor":14,"key":"PowerPotion"},{"floor":16,"key":"LiquidBronze"},{"floor":19,"key":"Explosive Potion"}],"is_trial":false,"path_per_floor":["M","M","M","M","T","R","E","R","T","?","$","?","M","M","R","B",null,"M","M","M","?","M"],"character_chosen":"DEFECT","items_purchased":["Toxic Egg 2"],"campfire_rested":1,"item_purchase_floors":[11],"current_hp_per_floor":[64,64,64,55,55,55,29,50,50,50,50,50,43,27,27,20,58,60,58,27,27,0],"gold":119,"neow_bonus":"THREE_ENEMY_KILL","is_prod":false,"is_daily":false,"chose_seed":false,"campfire_upgraded":2,"win_rate":0,"timestamp":1550584567,"path_taken":["M","M","M","M","?","R","E","R","T","?","$","?","M","?","R","BOSS","M","M","M","?","?"],"build_version":"2019-01-23","purchased_purges":0,"victory":false,"max_hp_per_floor":[71,71,71,71,71,71,71,71,71,71,71,71,71,71,71,71,71,71,71,71,71,71],"card_choices":[{"not_picked":["Barrage","Stack"],"picked":"Defragment","floor":1},{"not_picked":["Conserve Battery","Go for the Eyes"],"picked":"Coolheaded","floor":2},{"not_picked":["Leap","Turbo"],"picked":"Sweeping Beam","floor":3},{"not_picked":["Ball Lightning","Coolheaded"],"picked":"Hologram","floor":4},{"not_picked":["Melter","Steam"],"picked":"FTL","floor":7},{"not_picked":["Meteor Strike","Sweeping Beam","Reprogram+1"],"picked":"SKIP","floor":13},{"not_picked":["Barrage","Ball Lightning"],"picked":"Reinforced Body+1","floor":14},{"not_picked":["Meteor Strike","Buffer"],"picked":"Machine Learning","floor":16},{"not_picked":["Stack+1","Hologram+1"],"picked":"Go for the Eyes","floor":17},{"not_picked":["Steam+1","Go for the Eyes"],"picked":"Conserve Battery+1","floor":17},{"not_picked":["Redo+1","Meteor Strike"],"picked":"Gash","floor":17},{"not_picked":["Rebound","Barrage","Redo+1"],"picked":"SKIP","floor":18},{"not_picked":["Steam+1","Barrage"],"picked":"Scrape+1","floor":19},{"not_picked":["Stack+1","Turbo+1","Hologram+1"],"picked":"SKIP","floor":20}],"player_experience":571408,"relics_obtained":[{"floor":5,"key":"Bag of Marbles"},{"floor":7,"key":"Blood Vial"},{"floor":9,"key":"Matryoshka"}],"event_choices":[{"damage_healed":0,"gold_gain":0,"player_choice":"Grow","damage_taken":0,"max_hp_gain":0,"max_hp_loss":0,"event_name":"Living Wall","floor":10,"gold_loss":0,"cards_upgraded":["Defragment"]},{"cards_removed":["Strike_B"],"damage_healed":0,"gold_gain":0,"player_choice":"Purged","damage_taken":0,"max_hp_gain":0,"max_hp_loss":0,"event_name":"Purifier","floor":12,"gold_loss":0},{"damage_healed":0,"gold_gain":0,"player_choice":"Bet on Murderer","damage_taken":0,"max_hp_gain":0,"max_hp_loss":0,"event_name":"The Joust","floor":21,"gold_loss":50}],"is_beta":false,"boss_relics":[{"not_picked":["Tiny House","Runic Pyramid"],"picked":"Orrery"}],"items_purged_floors":[],"is_endless":false,"potions_floor_spawned":[2,4,14,16,19],"killed_by":"Centurion and Healer","ascension_level":20}