{"gold_per_floor":[214,225,225,45,45,45,63,63,63,95,95,130,130,30,30,129,129,148,167,117,131,6,6,41,59,59,77,77,97,110,144,144,245,245,263,62,74,0,18,52,52,66,66,66,86,98,112,112,112,112],"floor_reached":51,"playtime":4428,"items_purged":["Strike_G","Strike_G","Strike_G","Strike_G"],"score":984,"play_id":"1db54547-2040-482c-bd2c-f2fc74d2efac","local_time":"20181208141646","is_ascension_mode":true,"campfire_choices":[{"data":"Neutralize","floor":6,"key":"SMITH"},{"data":"Dagger Spray","floor":8,"key":"SMITH"},{"data":"Footwork","floor":11,"key":"SMITH"},{"data":"PiercingWail","floor":15,"key":"SMITH"},{"floor":23,"key":"REST"},{"floor":28,"key":"REST"},{"floor":32,"key":"REST"},{"floor":41,"key":"REST"},{"floor":44,"key":"REST"},{"floor":49,"key":"REST"}],"neow_cost":"NONE","seed_source_timestamp":70019372953266,"circlet_count":0,"master_deck":["Defend_G","Defend_G","Defend_G","Defend_G","Defend_G","Survivor","Neutralize+1","Dagger Spray+1","Slice","PiercingWail+1","Dagger Throw","Flash of Steel","Dagger Throw","Footwork+1","A Thousand Cuts+1","Sucker Punch+1","Skewer+1","Dagger Throw+1","Dagger Spray+1","Acrobatics+1","Infinite Blades+1","Crippling Poison+1","Cloak And Dagger+1","Slice+1","Slice+1"],"relics":["Ring of the Snake","Bronze Scales","Darkstone Periapt","Shuriken","Fusion Hammer","Gremlin Horn","Bottled Flame","Tough Bandages","Eternal Feather","PreservedInsect","Unceasing Top"],"potions_floor_usage":[10,12,16,24,29,29,31,33,39,40,40,46,50,50],"damage_taken":[{"damage":2,"enemies":"Cultist","floor":1,"turns":4},{"damage":0,"enemies":"Jaw Worm","floor":2,"turns":4},{"damage":0,"enemies":"2 Louse","floor":7,"turns":4},{"damage":6,"enemies":"Gremlin Nob","floor":10,"turns":3},{"damage":4,"enemies":"Lagavulin","floor":12,"turns":6},{"damage":0,"enemies":"Slime Boss","floor":16,"turns":7},{"damage":0,"enemies":"3 Byrds","floor":18,"turns":3},{"damage":0,"enemies":"Chosen","floor":19,"turns":3},{"damage":4,"enemies":"Centurion and Healer","floor":21,"turns":6},{"damage":1,"enemies":"Gremlin Leader","floor":24,"turns":5},{"damage":10,"enemies":"Snake Plant","floor":25,"turns":3},{"damage":2,"enemies":"Shelled Parasite and Fungi","floor":27,"turns":4},{"damage":7,"enemies":"Cultist and Chosen","floor":29,"turns":4},{"damage":23,"enemies":"Centurion and Healer","floor":30,"turns":4},{"damage":24,"enemies":"Book of Stabbing","floor":31,"turns":6},{"damage":25,"enemies":"Collector","floor":33,"turns":8},{"damage":3,"enemies":"3 Shapes","floor":35,"turns":4},{"damage":0,"enemies":"Orb Walker","floor":37,"turns":4},{"damage":8,"enemies":"Maw","floor":39,"turns":8},{"damage":28,"enemies":"Giant Head","floor":40,"turns":7},{"damage":35,"enemies":"Transient","floor":42,"turns":5},{"damage":9,"enemies":"Spire Growth","floor":45,"turns":5},{"damage":4,"enemies":"Jaw Worm Horde","floor":46,"turns":4},{"damage":0,"enemies":"Sphere and 2 Shapes","floor":47,"turns":3},{"damage":66,"enemies":"Time Eater","floor":50,"turns":9}],"seed_played":"-1637986888104105805","potions_obtained":[{"floor":2,"key":"SteroidPotion"},{"floor":7,"key":"Ancient Potion"},{"floor":12,"key":"Explosive Potion"},{"floor":19,"key":"Energy Potion"},{"floor":21,"key":"Strength Potion"},{"floor":25,"key":"PowerPotion"},{"floor":30,"key":"Dexterity Potion"},{"floor":31,"key":"Dexterity Potion"},{"floor":35,"key":"Strength Potion"},{"floor":42,"key":"Weak Potion"},{"floor":45,"key":"LiquidBronze"},{"floor":46,"key":"SkillPotion"}],"is_trial":false,"path_per_floor":["M","M","?","$","$","R","M","R","T","E","R","E","?","$","R","B",null,"M","M","?","M","$","R","E","M","T","M","R","M","M","E","R","B",null,"M","$","M","$","M","E","R","M","T","R","M","M","M","?","R","B",null],"character_chosen":"THE_SILENT","items_purchased":["Dagger Throw","Flash of Steel","Energy Potion","GhostInAJar"],"campfire_rested":6,"item_purchase_floors":[4,4,36,38],"current_hp_per_floor":[61,61,61,61,61,61,61,61,61,55,55,51,51,51,51,51,65,65,65,65,61,61,70,69,59,59,57,70,63,40,16,37,12,56,53,53,53,53,45,17,50,15,15,48,39,35,35,35,70,4],"gold":112,"neow_bonus":"HUNDRED_GOLD","is_prod":false,"is_daily":false,"chose_seed":false,"campfire_upgraded":4,"win_rate":0,"timestamp":1544300206,"path_taken":["M","?","?","?","$","R","M","R","T","E","R","E","?","$","R","BOSS","M","M","?","M","$","R","E","M","T","M","R","M","?","E","R","BOSS","M","$","M","$","?","E","R","M","T","R","M","M","M","?","R","BOSS"],"build_version":"2018-12-06","purchased_purges":4,"victory":true,"max_hp_per_floor":[70,70,70,70,70,70,70,70,70,70,70,70,70,70,70,70,70,70,70,70,70,70,70,70,70,70,70,70,70,70,70,70,70,70,70,70,70,70,70,70,70,70,70,70,70,70,70,70,70,70],"card_choices":[{"not_picked":["Flying Knee","Crippling Poison"],"picked":"Dagger Spray","floor":1},{"not_picked":["Eviscerate","Prepared"],"picked":"Slice","floor":2},{"not_picked":["Underhanded Strike","Setup"],"picked":"Dagger Throw","floor":7},{"not_picked":["Noxious Fumes","Prepared"],"picked":"Footwork","floor":10},{"not_picked":["Underhanded Strike","Predator","Flying Knee"],"picked":"SKIP","floor":12},{"not_picked":["Storm of Steel","Tools of the Trade"],"picked":"A Thousand Cuts","floor":16},{"not_picked":["Dodge and Roll","Quick Slash","Prepared+1"],"picked":"SKIP","floor":18},{"not_picked":["Dagger Throw","Poisoned Stab"],"picked":"Sucker Punch+1","floor":19},{"not_picked":["Dagger Spray","Catalyst"],"picked":"Skewer+1","floor":21},{"not_picked":["Calculated Gamble+1","Concentrate+1","Sucker Punch"],"picked":"SKIP","floor":24},{"not_picked":["Deflect+1","Predator"],"picked":"Dagger Throw+1","floor":25},{"not_picked":["Expertise","Setup","Corpse Explosion"],"picked":"SKIP","floor":27},{"not_picked":["Deadly Poison","Backflip"],"picked":"Dagger Spray+1","floor":29},{"not_picked":["Dodge and Roll","Flying Knee"],"picked":"Acrobatics+1","floor":30},{"not_picked":["Tools of the Trade","Bane","Quick Slash"],"picked":"SKIP","floor":31},{"not_picked":["Catalyst+1","Prepared"],"picked":"Infinite Blades+1","floor":35},{"not_picked":["Heel Hook","Blade Dance"],"picked":"Crippling Poison+1","floor":37},{"not_picked":["Finisher+1","Leg Sweep"],"picked":"Cloak And Dagger+1","floor":39},{"not_picked":["Tactician","Expertise","Phantasmal Killer"],"picked":"SKIP","floor":40},{"not_picked":["Acrobatics+1","Deadly Poison+1","Terror"],"picked":"SKIP","floor":42},{"not_picked":["Crippling Poison","Poisoned Stab","Acrobatics+1"],"picked":"SKIP","floor":45},{"not_picked":["Setup","Quick Slash+1"],"picked":"Slice+1","floor":46},{"not_picked":["Blade Dance+1","Riddle With Holes"],"picked":"Slice+1","floor":47}],"player_experience":281445,"relics_obtained":[{"floor":9,"key":"Bronze Scales"},{"floor":10,"key":"Darkstone Periapt"},{"floor":12,"key":"Shuriken"},{"floor":24,"key":"Gremlin Horn"},{"floor":26,"key":"Bottled Flame"},{"floor":31,"key":"Tough Bandages"},{"floor":40,"key":"PreservedInsect"},{"floor":43,"key":"Unceasing Top"}],"event_choices":[{"damage_healed":0,"gold_gain":0,"player_choice":"1 cards matched","damage_taken":0,"max_hp_gain":0,"max_hp_loss":0,"event_name":"Match and Keep!","floor":3,"gold_loss":0,"cards_obtained":["PiercingWail"]},{"cards_removed":["Strike_G"],"damage_healed":0,"gold_gain":0,"player_choice":"Forget","damage_taken":0,"max_hp_gain":0,"max_hp_loss":0,"event_name":"Living Wall","floor":13,"gold_loss":0},{"damage_healed":0,"gold_gain":0,"player_choice":"Bet on Owner","damage_taken":0,"max_hp_gain":0,"max_hp_loss":0,"event_name":"The Joust","floor":20,"gold_loss":50},{"damage_healed":0,"gold_gain":0,"player_choice":"Upgraded","damage_taken":0,"max_hp_gain":0,"max_hp_loss":0,"event_name":"Upgrade Shrine","floor":48,"gold_loss":0,"cards_upgraded":["A Thousand Cuts"]}],"is_beta":false,"boss_relics":[{"not_picked":["Busted Crown","Philosopher\u0027s Stone"],"picked":"Fusion Hammer"},{"not_picked":["Black Star","Tiny House"],"picked":"Eternal Feather"}],"items_purged_floors":[4,14,22,36],"is_endless":false,"potions_floor_spawned":[2,7,12,19,21,25,30,31,35,42,45,46],"ascension_level":7}