{"gold_per_floor":[118,118,136,150,23,23,54,54,54,85,34,34,46,58,58,160,160,174,114,14,30,30,30,129,129,129,129,57,76,4,4],"floor_reached":31,"playtime":1392,"items_purged":["Defend_B","Strike_B"],"score":289,"play_id":"4be0079c-1ef7-4ca8-8d8d-1041a2568764","local_time":"20181024142420","is_ascension_mode":true,"campfire_choices":[{"data":"Static Discharge","floor":6,"key":"SMITH"},{"data":"Gash","floor":8,"key":"SMITH"},{"floor":15,"key":"REST"},{"data":"Rainbow","floor":23,"key":"SMITH"},{"data":"Gash","floor":25,"key":"SMITH"}],"neow_cost":"NONE","seed_source_timestamp":318492017141701,"circlet_count":0,"master_deck":["Strike_B+1","Strike_B+1","Defend_B","Defend_B","Defend_B","Zap","Dualcast","Gash+1","Conserve Battery","Static Discharge+1","Chill","Leap","Auto Shields","Leap","Conserve Battery","Rainbow+1","Redo+1","Gash+1","Capacitor","Undo","Self Repair"],"relics":["Cracked Core","Dodecahedron","Whetstone","Bag of Preparation","Inserter","Strawberry","Darkstone Periapt"],"potions_floor_usage":[10,16,16,16,31],"damage_taken":[{"damage":0,"enemies":"Small Slimes","floor":1,"turns":3},{"damage":0,"enemies":"Cultist","floor":3,"turns":4},{"damage":9,"enemies":"2 Louse","floor":4,"turns":2},{"damage":21,"enemies":"3 Sentries","floor":7,"turns":9},{"damage":29,"enemies":"Lagavulin","floor":10,"turns":6},{"damage":2,"enemies":"Large Slime","floor":13,"turns":7},{"damage":0,"enemies":"2 Fungi Beasts","floor":14,"turns":3},{"damage":28,"enemies":"Slime Boss","floor":16,"turns":12},{"damage":10,"enemies":"Chosen","floor":18,"turns":4},{"damage":17,"enemies":"2 Thieves","floor":19,"turns":4},{"damage":13,"enemies":"Centurion and Healer","floor":21,"turns":7},{"damage":15,"enemies":"Chosen and Byrds","floor":29,"turns":6},{"damage":27,"enemies":"Shelled Parasite and Fungi","floor":31,"turns":4}],"seed_played":"-2889731993896859486","potions_obtained":[{"floor":4,"key":"Dexterity Potion"},{"floor":7,"key":"Dexterity Potion"},{"floor":10,"key":"Fire Potion"},{"floor":18,"key":"Explosive Potion"},{"floor":21,"key":"Ancient Potion"},{"floor":29,"key":"Weak Potion"}],"is_trial":false,"path_per_floor":["M","?","M","M","$","R","E","R","T","E","$","$","M","M","R","B",null,"M","M","$","M","?","R","?","R","T","?","$","M","$"],"character_chosen":"DEFECT","items_purchased":["Leap","Block Potion","Capacitor","Self Repair"],"campfire_rested":1,"item_purchase_floors":[5,11,28,30],"current_hp_per_floor":[75,75,75,66,66,66,45,45,45,16,16,16,14,14,36,8,75,65,48,48,35,35,35,35,35,42,42,42,27,27,0],"gold":4,"neow_bonus":"THREE_CARDS","is_prod":false,"is_daily":false,"chose_seed":false,"campfire_upgraded":4,"win_rate":0,"timestamp":1540383860,"path_taken":["M","?","?","M","$","R","E","R","T","E","?","$","M","M","R","BOSS","M","M","$","M","?","R","?","R","T","?","?","?","$","M"],"build_version":"2018-10-18","purchased_purges":2,"victory":false,"max_hp_per_floor":[75,75,75,75,75,75,75,75,75,75,75,75,75,75,75,75,75,75,75,75,75,75,75,75,75,82,82,82,82,82,82],"card_choices":[{"not_picked":["Coolheaded","Beam Cell"],"picked":"Gash","floor":0},{"not_picked":["Sweeping Beam","Rebound"],"picked":"Conserve Battery","floor":1},{"not_picked":["White Noise","Loop"],"picked":"Static Discharge","floor":3},{"not_picked":["Barrage","Reprogram"],"picked":"Chill","floor":4},{"not_picked":["Rebound","Aggregate","Go for the Eyes"],"picked":"SKIP","floor":7},{"not_picked":["Reboot","Fusion"],"picked":"Auto Shields","floor":10},{"not_picked":["Ball Lightning","Skim"],"picked":"Leap","floor":13},{"not_picked":["Auto Shields","Fusion"],"picked":"Conserve Battery","floor":14},{"not_picked":["Echo Form","Meteor Strike"],"picked":"Rainbow","floor":16},{"not_picked":["Chaos","Turbo+1"],"picked":"Redo+1","floor":18},{"not_picked":["Compile Driver","Skim","Beam Cell"],"picked":"SKIP","floor":19},{"not_picked":["Streamline","Rebound"],"picked":"Gash","floor":21},{"not_picked":["FTL","Genetic Algorithm"],"picked":"Undo","floor":29}],"player_experience":237296,"relics_obtained":[{"floor":7,"key":"Dodecahedron"},{"floor":9,"key":"Whetstone"},{"floor":10,"key":"Bag of Preparation"},{"floor":26,"key":"Strawberry"}],"event_choices":[{"cards_removed":["Strike_B"],"damage_healed":0,"gold_gain":0,"player_choice":"Forget","damage_taken":0,"max_hp_gain":0,"max_hp_loss":0,"event_name":"Living Wall","floor":2,"gold_loss":0},{"damage_healed":0,"gold_gain":0,"player_choice":"Ignored","damage_taken":0,"max_hp_gain":0,"max_hp_loss":0,"event_name":"Beggar","floor":22,"gold_loss":0},{"damage_healed":0,"gold_gain":99,"player_choice":"Stole From Cult","damage_taken":0,"max_hp_gain":0,"max_hp_loss":0,"event_name":"Nest","floor":24,"gold_loss":0},{"damage_healed":0,"gold_gain":0,"player_choice":"Opened","damage_taken":0,"relics_obtained":["Darkstone Periapt"],"max_hp_gain":0,"max_hp_loss":0,"event_name":"The Mausoleum","floor":27,"gold_loss":0}],"is_beta":false,"boss_relics":[{"not_picked":["White Beast Statue","Fusion Hammer"],"picked":"Inserter"}],"items_purged_floors":[5,20],"is_endless":false,"potions_floor_spawned":[4,7,10,18,21,29],"killed_by":"Shelled Parasite and Fungi","ascension_level":4}