{"gold_per_floor":[116,116,116,71,88,88,116,129,152,165,165,178,197,217,217,289,289,306,68,83,83],"floor_reached":21,"playtime":1115,"items_purged":["Dualcast"],"score":348,"play_id":"13b6a9b9-5bda-496c-bee6-41e305838949","local_time":"20190422032229","is_ascension_mode":true,"campfire_choices":[{"floor":6.0,"key":"REST"},{"floor":11.0,"key":"REST"},{"data":"Buffer","floor":15.0,"key":"SMITH"}],"neow_cost":"NONE","seed_source_timestamp":74243585184398,"circlet_count":0,"master_deck":["AscendersBane","Strike_B","Strike_B","Strike_B","Defend_B","Defend_B","Defend_B","Defend_B","Zap","Go for the Eyes","Reboot","Sunder","Cold Snap","Cold Snap","Biased Cognition","Defragment","Hologram","Buffer+1","Biased Cognition"],"special_seed":0,"relics":["Cracked Core","Bag of Preparation","Centennial Puzzle","Snecko Eye","DataDisk"],"potions_floor_usage":[16,18,21],"damage_taken":[{"damage":27.0,"enemies":"Small Slimes","floor":1.0,"turns":4.0},{"damage":2.0,"enemies":"2 Louse","floor":5.0,"turns":2.0},{"damage":19.0,"enemies":"3 Sentries","floor":7.0,"turns":8.0},{"damage":0.0,"enemies":"Cultist","floor":8.0,"turns":3.0},{"damage":10.0,"enemies":"Gremlin Gang","floor":10.0,"turns":5.0},{"damage":0.0,"enemies":"Lots of Slimes","floor":12.0,"turns":2.0},{"damage":1.0,"enemies":"Looter","floor":13.0,"turns":3.0},{"damage":12.0,"enemies":"Exordium Wildlife","floor":14.0,"turns":6.0},{"damage":17,"enemies":"Slime Boss","floor":16,"turns":12},{"damage":11,"enemies":"Spheric Guardian","floor":18,"turns":4},{"damage":0,"enemies":"Chosen","floor":20,"turns":3},{"damage":46,"enemies":"Centurion and Healer","floor":21,"turns":10}],"seed_played":"4023315345169676830","potions_obtained":[{"floor":0.0,"key":"Explosive Potion"},{"floor":0.0,"key":"SkillPotion"},{"floor":10.0,"key":"Ancient Potion"},{"floor":12.0,"key":"Poison Potion"},{"floor":13.0,"key":"Swift Potion"},{"floor":20,"key":"EssenceOfSteel"}],"is_trial":false,"path_per_floor":["M","?","?","$","M","R","E","M","T","M","R","M","M","M","R","B",null,"M","$","M","M"],"character_chosen":"DEFECT","items_purchased":["Sunder","DataDisk"],"campfire_rested":2,"item_purchase_floors":[4,19],"current_hp_per_floor":[37,30,30,30,28,49,30,30,30,20,41,41,40,28,28,11,56,45,45,45,0],"gold":83,"neow_bonus":"THREE_SMALL_POTIONS","is_prod":false,"is_daily":false,"chose_seed":false,"campfire_upgraded":1,"win_rate":0,"timestamp":1555896149,"path_taken":["M","?","?","$","M","R","E","M","T","?","R","M","?","M","R","BOSS","M","$","M","?"],"build_version":"2019-01-23","purchased_purges":1,"victory":false,"max_hp_per_floor":[71,71,71,71,71,71,71,71,71,71,71,71,71,71,71,71,71,71,71,71,71],"card_choices":[{"not_picked":["Redo","Rebound"],"picked":"Go for the Eyes","floor":1.0},{"not_picked":["Sweeping Beam","Leap"],"picked":"Cold Snap","floor":5.0},{"not_picked":["Sweeping Beam","Turbo"],"picked":"Cold Snap","floor":7.0},{"not_picked":["Streamline","Scrape","Heatsinks"],"picked":"SKIP","floor":8.0},{"not_picked":["Sweeping Beam","Double Energy"],"picked":"Biased Cognition","floor":10.0},{"not_picked":["Sweeping Beam","Consume"],"picked":"Defragment","floor":12.0},{"not_picked":["Barrage","Sweeping Beam"],"picked":"Hologram","floor":13.0},{"not_picked":["Turbo","Cold Snap"],"picked":"Buffer","floor":14.0},{"not_picked":["Hyperbeam","Creative AI"],"picked":"Biased Cognition","floor":16},{"not_picked":["Coolheaded","Redo","Hologram+1"],"picked":"SKIP","floor":18},{"not_picked":["Rip and Tear+1","Barrage","Go for the Eyes"],"picked":"SKIP","floor":20}],"player_experience":688513,"relics_obtained":[{"floor":7.0,"key":"Bag of Preparation"},{"floor":9.0,"key":"Centennial Puzzle"}],"event_choices":[{"cards_removed":["Strike_B"],"damage_healed":0.0,"max_hp_gain":0.0,"max_hp_loss":0.0,"gold_gain":0.0,"event_name":"Golden Wing","player_choice":"Card Removal","floor":2.0,"gold_loss":0.0,"damage_taken":7.0},{"damage_healed":0.0,"max_hp_gain":0.0,"max_hp_loss":0.0,"gold_gain":0.0,"event_name":"Match and Keep!","player_choice":"1 cards matched","floor":3.0,"gold_loss":0.0,"damage_taken":0.0,"cards_obtained":["Reboot"]}],"is_beta":false,"boss_relics":[{"not_picked":["FrozenCore","Runic Dome"],"picked":"Snecko Eye"}],"items_purged_floors":[19],"is_endless":false,"potions_floor_spawned":[1,10,12,13,14,20],"killed_by":"Centurion and Healer","ascension_level":18}