{"gold_per_floor":[111,127,127,137,137,137,153,179,179,179],"floor_reached":10,"playtime":1154,"items_purged":[],"score":82,"play_id":"8f94a359-9dda-4a3f-8fec-046f86fc3165","local_time":"20181122215338","is_ascension_mode":true,"campfire_choices":[{"data":"Dodge and Roll","floor":6.0,"key":"SMITH"}],"neow_cost":"NONE","seed_source_timestamp":0,"circlet_count":0,"master_deck":["Defend_G","Defend_G","Defend_G","Defend_G","Defend_G","Strike_G","Strike_G","Strike_G","Strike_G","Strike_G","Survivor","Neutralize","Adrenaline","Cloak And Dagger+1","Dodge and Roll+1","Cloak And Dagger","Blade Dance"],"special_seed":0,"relics":["Ring of the Snake","Singing Bowl"],"potions_floor_usage":[8,8],"damage_taken":[{"damage":0.0,"enemies":"Small Slimes","floor":1.0,"turns":4.0},{"damage":0.0,"enemies":"2 Louse","floor":2.0,"turns":2.0},{"damage":1.0,"enemies":"Jaw Worm","floor":4.0,"turns":3.0},{"damage":1.0,"enemies":"Red Slaver","floor":7.0,"turns":4.0},{"damage":16,"enemies":"3 Sentries","floor":8,"turns":13},{"damage":12,"enemies":"Gremlin Nob","floor":10,"turns":3}],"seed_played":"-5605816933012725274","potions_obtained":[{"floor":1.0,"key":"SpeedPotion"},{"floor":7.0,"key":"SteroidPotion"}],"is_trial":false,"path_per_floor":["M","M","?","M","?","R","M","E","T","E"],"character_chosen":"THE_SILENT","items_purchased":[],"campfire_rested":0,"item_purchase_floors":[],"current_hp_per_floor":[70,70,70,69,74,74,73,57,57,45],"gold":179,"neow_bonus":"ONE_RANDOM_RARE_CARD","is_prod":false,"is_daily":false,"chose_seed":false,"campfire_upgraded":1,"win_rate":0,"timestamp":1542945218,"path_taken":["M","M","?","M","?","R","M","E","T","E"],"build_version":"2018-11-15","purchased_purges":0,"victory":false,"max_hp_per_floor":[70,70,70,70,75,75,75,75,75,75],"card_choices":[{"not_picked":["Accuracy","Deflect","Calculated Gamble"],"picked":"SKIP","floor":1.0},{"not_picked":["Outmaneuver","Bane"],"picked":"Cloak And Dagger","floor":2.0},{"not_picked":["Poisoned Stab","Deflect"],"picked":"Dodge and Roll","floor":4.0},{"not_picked":["Deflect","Backflip"],"picked":"Cloak And Dagger","floor":7.0},{"not_picked":["Choke","Quick Slash"],"picked":"Blade Dance","floor":8}],"player_experience":234279,"relics_obtained":[{"floor":8,"key":"Singing Bowl"}],"event_choices":[{"damage_healed":0.0,"max_hp_gain":0.0,"max_hp_loss":0.0,"gold_gain":0.0,"event_name":"Living Wall","player_choice":"Grow","floor":3.0,"gold_loss":0.0,"damage_taken":0.0,"cards_upgraded":["Cloak And Dagger"]},{"damage_healed":0.0,"max_hp_gain":5.0,"max_hp_loss":0.0,"gold_gain":0.0,"event_name":"Big Fish","player_choice":"Donut","floor":5.0,"gold_loss":0.0,"damage_taken":0.0}],"is_beta":false,"boss_relics":[],"items_purged_floors":[],"is_endless":false,"potions_floor_spawned":[1,7],"killed_by":"Gremlin Nob","ascension_level":4}