{"gold_per_floor":[15,35,45,59,74,74,107,107,133,21,21,21,55,68,68,166,166,184,283,169,181,208,238,238],"floor_reached":24,"playtime":1052,"items_purged":["Regret"],"score":237,"play_id":"4bc7358e-108d-4795-a3f0-816732e76650","local_time":"20190407155148","is_ascension_mode":true,"campfire_choices":[{"data":"Fiend Fire","floor":6,"key":"SMITH"},{"data":"Armaments","floor":12,"key":"SMITH"},{"data":"Seeing Red","floor":15,"key":"SMITH"}],"neow_cost":"NO_GOLD","seed_source_timestamp":77187058732084,"circlet_count":0,"master_deck":["Strike_R","Strike_R","Strike_R","Strike_R","Strike_R","Defend_R","Defend_R","Defend_R","Defend_R","Bash","Fiend Fire+1","Feel No Pain","Pummel","Burning Pact","Flame Barrier","Armaments+1","Seeing Red+1","Metallicize","Pommel Strike","Offering+1","Shrug It Off+1","Shrug It Off+1","Feel No Pain","Warcry+1","Havoc+1","Seeing Red+1"],"relics":["Burning Blood","Blood Vial","Oddly Smooth Stone","Bag of Preparation","Regal Pillow","Toxic Egg 2","White Beast Statue","Red Mask","Boot"],"potions_floor_usage":[7,7,16,22,23,23],"damage_taken":[{"damage":0,"enemies":"Small Slimes","floor":1,"turns":3},{"damage":6,"enemies":"Jaw Worm","floor":2,"turns":3},{"damage":3,"enemies":"2 Louse","floor":3,"turns":3},{"damage":7,"enemies":"Looter","floor":4,"turns":3},{"damage":5,"enemies":"Large Slime","floor":5,"turns":5},{"damage":10,"enemies":"Lagavulin","floor":7,"turns":8},{"damage":2,"enemies":"Gremlin Nob","floor":13,"turns":3},{"damage":6,"enemies":"3 Louse","floor":14,"turns":5},{"damage":50,"enemies":"Hexaghost","floor":16,"turns":8},{"damage":6,"enemies":"Chosen","floor":18,"turns":3},{"damage":6,"enemies":"Spheric Guardian","floor":21,"turns":1},{"damage":26,"enemies":"Masked Bandits","floor":22,"turns":9},{"damage":85,"enemies":"Gremlin Leader","floor":23,"turns":9}],"seed_played":"-2080053400173431346","potions_obtained":[{"floor":1,"key":"Block Potion"},{"floor":4,"key":"Block Potion"},{"floor":7,"key":"BloodPotion"},{"floor":14,"key":"Energy Potion"},{"floor":18,"key":"FairyPotion"},{"floor":21,"key":"PowerPotion"},{"floor":22,"key":"LiquidBronze"},{"floor":23,"key":"FearPotion"}],"is_trial":false,"path_per_floor":["M","M","M","M","M","R","E","?","T","$","?","R","E","M","R","B",null,"M","?","$","M","?","E","?"],"character_chosen":"IRONCLAD","items_purchased":["Seeing Red","Shrug It Off+1","Feel No Pain"],"campfire_rested":0,"item_purchase_floors":[10,20,20],"current_hp_per_floor":[80,80,80,79,80,80,76,76,76,76,73,73,79,80,80,36,80,80,80,80,80,68,14,0],"gold":238,"neow_bonus":"THREE_RARE_CARDS","is_prod":false,"is_daily":false,"chose_seed":false,"campfire_upgraded":3,"win_rate":0,"timestamp":1554670308,"path_taken":["M","M","M","M","M","R","E","?","T","$","?","R","E","M","R","BOSS","M","?","$","M","?","E","?"],"build_version":"2019-01-23","purchased_purges":1,"victory":false,"max_hp_per_floor":[80,80,80,80,80,80,80,80,80,80,80,80,80,80,80,80,80,80,80,80,80,80,80,80],"card_choices":[{"not_picked":["Dark Embrace","Exhume"],"picked":"Fiend Fire","floor":0},{"not_picked":["Seeing Red","Iron Wave"],"picked":"Feel No Pain","floor":1},{"not_picked":["Pommel Strike","Rupture"],"picked":"Pummel","floor":2},{"not_picked":["Headbutt","Pommel Strike"],"picked":"Burning Pact","floor":3},{"not_picked":["Clash","Flex","Iron Wave"],"picked":"SKIP","floor":4},{"not_picked":["Dual Wield","Heavy Blade"],"picked":"Flame Barrier","floor":5},{"not_picked":["Body Slam","Fire Breathing"],"picked":"Armaments","floor":7},{"not_picked":["Armaments","Twin Strike"],"picked":"Metallicize","floor":13},{"not_picked":["Sword Boomerang","Rampage"],"picked":"Pommel Strike","floor":14},{"not_picked":["Immolate","Fiend Fire"],"picked":"Offering+1","floor":16},{"not_picked":["Sword Boomerang","Iron Wave"],"picked":"Shrug It Off+1","floor":18},{"not_picked":["Heavy Blade","Entrench+1"],"picked":"Warcry+1","floor":21},{"not_picked":["Heavy Blade","Pommel Strike+1"],"picked":"Havoc+1","floor":22},{"not_picked":["Blood for Blood+1","Dual Wield+1"],"picked":"Seeing Red+1","floor":23}],"player_experience":1224784,"relics_obtained":[{"floor":7,"key":"Blood Vial"},{"floor":9,"key":"Bag of Preparation"},{"floor":13,"key":"Toxic Egg 2"},{"floor":22,"key":"Red Mask"},{"floor":23,"key":"Boot"}],"event_choices":[{"damage_healed":0,"gold_gain":0,"player_choice":"Box","damage_taken":0,"relics_obtained":["Oddly Smooth Stone"],"max_hp_gain":0,"max_hp_loss":0,"event_name":"Big Fish","floor":8,"gold_loss":0,"cards_obtained":["Regret"]},{"damage_healed":0,"gold_gain":0,"player_choice":"Success","damage_taken":3,"relics_obtained":["Regal Pillow"],"max_hp_gain":0,"max_hp_loss":0,"event_name":"Scrap Ooze","floor":11,"gold_loss":0},{"damage_healed":0,"gold_gain":99,"player_choice":"Stole From Cult","damage_taken":0,"max_hp_gain":0,"max_hp_loss":0,"event_name":"Nest","floor":19,"gold_loss":0},{"damage_healed":0,"gold_gain":0,"player_choice":"Fought Bandits","damage_taken":0,"max_hp_gain":0,"max_hp_loss":0,"event_name":"Masked Bandits","floor":22,"gold_loss":0}],"is_beta":false,"boss_relics":[{"not_picked":["Velvet Choker","Astrolabe"],"picked":"White Beast Statue"}],"items_purged_floors":[10],"is_endless":false,"potions_floor_spawned":[1,4,7,14,18,21,22,23],"ascension_level":1}