{"gold_per_floor":[114,39,55,130,143,143,169,169,222,172,172,230,264,13,13,13],"floor_reached":16,"playtime":653,"items_purged":["Strike_G","Defend_G"],"score":144,"play_id":"de023ab9-6cc2-4f39-b6b6-e1afb2c9a7e7","local_time":"20190217183421","is_ascension_mode":true,"campfire_choices":[{"data":"Neutralize","floor":6.0,"key":"SMITH"},{"data":"Well Laid Plans","floor":8.0,"key":"SMITH"},{"data":"Backstab","floor":11.0,"key":"SMITH"},{"data":"Flying Knee","floor":15,"key":"SMITH"}],"neow_cost":"NONE","seed_source_timestamp":31822649954156,"circlet_count":0,"master_deck":["Defend_G","Defend_G","Defend_G","Defend_G","Strike_G","Strike_G","Strike_G","Survivor","Neutralize+1","Well Laid Plans+1","Backstab+1","Flying Knee+1","Quick Slash"],"special_seed":0,"relics":["Ring of the Snake","Juzu Bracelet","Orichalcum","Tiny Chest","Pen Nib","Toxic Egg 2","Lantern"],"potions_floor_usage":[13],"damage_taken":[{"damage":1.0,"enemies":"2 Louse","floor":1.0,"turns":3.0},{"damage":0.0,"enemies":"Cultist","floor":3.0,"turns":4.0},{"damage":2.0,"enemies":"Jaw Worm","floor":5.0,"turns":5.0},{"damage":12.0,"enemies":"Gremlin Nob","floor":7.0,"turns":5.0},{"damage":9.0,"enemies":"Gremlin Nob","floor":12.0,"turns":6.0},{"damage":0,"enemies":"Lagavulin","floor":13,"turns":6},{"damage":45,"enemies":"Hexaghost","floor":16,"turns":14}],"seed_played":"8678546397220137034","potions_obtained":[{"floor":1.0,"key":"GhostInAJar"},{"floor":7.0,"key":"PowerPotion"}],"is_trial":false,"path_per_floor":["M","$","M","?","M","R","E","R","T","?","R","?","E","$","R","B"],"character_chosen":"THE_SILENT","items_purchased":["Lantern"],"campfire_rested":0,"item_purchase_floors":[14],"current_hp_per_floor":[69,69,69,62,60,60,48,48,48,48,48,39,39,39,39,0],"gold":13,"neow_bonus":"RANDOM_COMMON_RELIC","is_prod":false,"is_daily":false,"chose_seed":false,"campfire_upgraded":4,"win_rate":0,"timestamp":1550399661,"path_taken":["M","$","M","?","M","R","E","R","T","?","R","?","E","$","R","BOSS"],"build_version":"2019-01-23","purchased_purges":2,"victory":false,"max_hp_per_floor":[70,70,70,70,70,70,70,70,70,70,70,70,70,70,70,70],"card_choices":[{"not_picked":["Underhanded Strike","Leg Sweep","Footwork"],"picked":"SKIP","floor":1.0},{"not_picked":["Caltrops","Tactician"],"picked":"Well Laid Plans","floor":3.0},{"not_picked":["Choke","Accuracy"],"picked":"Backstab","floor":5.0},{"not_picked":["Bane","Blur","Predator"],"picked":"SKIP","floor":7.0},{"not_picked":["Choke","Bouncing Flask"],"picked":"Flying Knee","floor":12.0},{"not_picked":["Caltrops","Riddle With Holes"],"picked":"Quick Slash","floor":13}],"player_experience":402945,"relics_obtained":[{"floor":7.0,"key":"Orichalcum"},{"floor":9.0,"key":"Tiny Chest"},{"floor":12.0,"key":"Pen Nib"},{"floor":13,"key":"Toxic Egg 2"}],"event_choices":[{"damage_healed":0.0,"max_hp_gain":0.0,"max_hp_loss":0.0,"gold_gain":75.0,"event_name":"FaceTrader","player_choice":"Touch","floor":4.0,"gold_loss":0.0,"damage_taken":7.0},{"cards_removed":["Strike_G"],"damage_healed":0.0,"max_hp_gain":0.0,"max_hp_loss":0.0,"gold_gain":0.0,"event_name":"The Cleric","player_choice":"Card Removal","floor":10.0,"gold_loss":50.0,"damage_taken":0.0},{"damage_healed":0.0,"max_hp_gain":0.0,"max_hp_loss":0.0,"gold_gain":0.0,"event_name":"Dead Adventurer","player_choice":"Searched \u00272\u0027 times","floor":12.0,"gold_loss":0.0,"damage_taken":0.0}],"is_beta":false,"boss_relics":[],"items_purged_floors":[2,14],"is_endless":false,"potions_floor_spawned":[1,7],"killed_by":"Hexaghost","ascension_level":2}