{"gold_per_floor":[117,137,137,137,38,70,85,95,95,95,95,95,108,9,9,9],"floor_reached":16,"playtime":562,"items_purged":[],"score":156,"play_id":"d0071455-84a7-4734-9de0-9bf16f0bc47c","local_time":"20181102210323","is_ascension_mode":true,"campfire_choices":[{"data":"Noxious Fumes","floor":10,"key":"SMITH"},{"data":"Deflect","floor":12,"key":"SMITH"},{"data":"Dodge and Roll","floor":15,"key":"SMITH"}],"neow_cost":"NONE","seed_source_timestamp":273777197872167,"circlet_count":0,"master_deck":["Defend_G","Defend_G","Defend_G","Defend_G","Defend_G","Strike_G","Strike_G","Strike_G","Strike_G","Survivor","Neutralize","Deadly Poison","Deadly Poison","Noxious Fumes+1","Deflect+1","PiercingWail","Dodge and Roll+1","Parasite","Adrenaline","Dodge and Roll","Deflect"],"relics":["Ring of the Snake","NeowsBlessing","Vajra","Bottled Tornado","Mummified Hand"],"potions_floor_usage":[16,16],"damage_taken":[{"damage":0,"enemies":"Cultist","floor":1,"turns":1},{"damage":0,"enemies":"Jaw Worm","floor":2,"turns":1},{"damage":0,"enemies":"3 Sentries","floor":6,"turns":2},{"damage":0,"enemies":"Small Slimes","floor":7,"turns":3},{"damage":11,"enemies":"3 Louse","floor":8,"turns":3},{"damage":3,"enemies":"Blue Slaver","floor":13,"turns":3},{"damage":66,"enemies":"Slime Boss","floor":16,"turns":11}],"seed_played":"1659212712568301294","potions_obtained":[{"floor":8,"key":"Regen Potion"},{"floor":13,"key":"Dexterity Potion"}],"is_trial":false,"path_per_floor":["M","M","?","?","$","E","M","M","T","R","?","R","M","$","R","B"],"character_chosen":"THE_SILENT","items_purchased":["Noxious Fumes","Deflect","Dodge and Roll","Deflect"],"campfire_rested":0,"item_purchase_floors":[5,5,14,14],"current_hp_per_floor":[70,70,52,52,52,52,52,41,41,41,58,58,55,55,55,0],"gold":9,"neow_bonus":"THREE_ENEMY_KILL","is_prod":false,"is_daily":false,"chose_seed":false,"campfire_upgraded":3,"win_rate":0,"timestamp":1541189003,"path_taken":["M","?","?","?","$","E","M","M","T","R","?","R","M","?","R","BOSS"],"build_version":"2018-11-01","purchased_purges":0,"victory":false,"max_hp_per_floor":[70,70,70,70,70,70,70,70,70,70,70,70,70,70,70,70],"card_choices":[{"not_picked":["Blade Dance","Accuracy"],"picked":"Deadly Poison","floor":1},{"not_picked":["Leg Sweep","Poisoned Stab"],"picked":"Deadly Poison","floor":2},{"not_picked":["Choke","Storm of Steel"],"picked":"PiercingWail","floor":6},{"not_picked":["Outmaneuver","Flying Knee"],"picked":"Dodge and Roll","floor":7},{"not_picked":["Cloak And Dagger","Flying Knee","Quick Slash"],"picked":"SKIP","floor":8},{"not_picked":["PiercingWail","Poisoned Stab"],"picked":"Adrenaline","floor":13}],"player_experience":265039,"relics_obtained":[{"floor":6,"key":"Bottled Tornado"},{"floor":9,"key":"Mummified Hand"}],"event_choices":[{"damage_healed":0,"gold_gain":0,"player_choice":"Success","damage_taken":18,"relics_obtained":["Vajra"],"max_hp_gain":0,"max_hp_loss":0,"event_name":"Scrap Ooze","floor":3,"gold_loss":0},{"cards_removed":["Strike_G"],"damage_healed":0,"gold_gain":0,"player_choice":"Forget","damage_taken":0,"max_hp_gain":0,"max_hp_loss":0,"event_name":"Living Wall","floor":4,"gold_loss":0},{"damage_healed":17,"gold_gain":0,"player_choice":"Healed and dodged fight","damage_taken":0,"max_hp_gain":0,"max_hp_loss":0,"event_name":"Mushrooms","floor":11,"gold_loss":0,"cards_obtained":["Parasite"]}],"is_beta":false,"boss_relics":[],"items_purged_floors":[],"is_endless":false,"potions_floor_spawned":[8,13],"killed_by":"Slime Boss","ascension_level":5}