{"gold_per_floor":[110,110,130,55,69,69,69,144,169,169,169,169,201,151,151,256,256,269,282,282,282,232,232,182,182,182,182,211,211,240,252,252,354,354,372,372,322,337,356,356,368,368,368,318,318,334,348,368,368,368],"floor_reached":51,"playtime":1836,"items_purged":["Strike_R","Strike_R","Defend_R","Defend_R","Defend_R+1","Hemokinesis+1"],"score":856,"play_id":"d64cb2ef-6a6b-4201-a925-d0c79bf2de38","local_time":"20180813234742","is_ascension_mode":false,"campfire_choices":[{"floor":6.0,"key":"REST"},{"floor":10.0,"key":"REST"},{"data":"Rampage","floor":12.0,"key":"SMITH"},{"data":"Dropkick","floor":15.0,"key":"SMITH"},{"data":"Defend_R","floor":23.0,"key":"SMITH"},{"floor":25.0,"key":"REST"},{"floor":32.0,"key":"REST"},{"floor":40.0,"key":"REST"},{"floor":42.0,"key":"REST"},{"floor":45,"key":"REST"},{"floor":49,"key":"REST"}],"neow_cost":"NONE","seed_source_timestamp":3490303312737,"circlet_count":0,"master_deck":["Dropkick+1","Rampage+1","Body Slam+1","Power Through+1","Thunderclap+1"],"special_seed":0,"relics":["Runic Pyramid","Orichalcum","Smiling Mask","Astrolabe","Blue Candle","Turnip","Mummified Hand","Eternal Feather","Bottled Flame"],"potions_floor_usage":[50,50,50],"damage_taken":[{"damage":5.0,"enemies":"2 Louse","floor":1.0,"turns":3.0},{"damage":11.0,"enemies":"Jaw Worm","floor":3.0,"turns":2.0},{"damage":6.0,"enemies":"Cultist","floor":5.0,"turns":3.0},{"damage":8.0,"enemies":"Gremlin Nob","floor":13.0,"turns":3.0},{"damage":6.0,"enemies":"The Guardian","floor":16.0,"turns":10.0},{"damage":2.0,"enemies":"Shell Parasite","floor":18.0,"turns":3.0},{"damage":15.0,"enemies":"Spheric Guardian","floor":19.0,"turns":4.0},{"damage":16.0,"enemies":"Gremlin Leader","floor":28.0,"turns":4.0},{"damage":2.0,"enemies":"Slavers","floor":30.0,"turns":4.0},{"damage":20.0,"enemies":"Snecko","floor":31.0,"turns":6.0},{"damage":56.0,"enemies":"Champ","floor":33.0,"turns":7.0},{"damage":19.0,"enemies":"Flame Bruiser 1 Orb","floor":35.0,"turns":4.0},{"damage":0.0,"enemies":"3 Shapes","floor":38.0,"turns":4.0},{"damage":25.0,"enemies":"Sphere and 2 Shapes","floor":39.0,"turns":4.0},{"damage":8.0,"enemies":"3 Darklings","floor":41.0,"turns":3.0},{"damage":0,"enemies":"Flame Bruiser 2 Orb","floor":46,"turns":3},{"damage":0,"enemies":"Spire Growth","floor":47,"turns":3},{"damage":0,"enemies":"3 Darklings","floor":48,"turns":3},{"damage":66,"enemies":"Donu and Deca","floor":50,"turns":8}],"seed_played":"-665652958820765323","potions_obtained":[{"floor":1.0,"key":"Block Potion"},{"floor":3.0,"key":"Poison Potion"},{"floor":16.0,"key":"Block Potion"},{"floor":18.0,"key":"Regen Potion"},{"floor":28.0,"key":"Dexterity Potion"},{"floor":31.0,"key":"PowerPotion"},{"floor":39.0,"key":"Ancient Potion"},{"floor":46,"key":"FearPotion"}],"is_trial":false,"path_per_floor":["M","?","M","$","M","R","$","?","T","R","?","R","E","$","R","B",null,"M","M","?","?","$","R","$","R","T","?","E","?","E","M","R","B",null,"M","?","$","M","M","R","M","R","T","$","R","M","M","M","R","B"],"character_chosen":"IRONCLAD","items_purchased":[],"campfire_rested":8,"item_purchase_floors":[],"current_hp_per_floor":[75,59,48,48,42,66,66,55,55,79,79,79,71,71,71,65,80,78,63,63,80,80,80,80,80,80,80,73,73,71,51,75,19,80,61,61,61,61,36,63,55,80,80,80,80,80,80,80,80,14],"gold":368,"neow_bonus":"BOSS_RELIC","is_prod":false,"is_daily":false,"chose_seed":false,"campfire_upgraded":3,"win_rate":0,"timestamp":1534175262,"path_taken":["M","?","M","$","M","R","$","?","T","R","?","R","E","$","R","BOSS","M","M","?","?","$","R","$","R","T","?","E","?","E","M","R","BOSS","M","?","$","M","M","R","M","R","T","$","R","M","?","M","R","BOSS"],"build_version":"2018-08-09","purchased_purges":6,"victory":true,"max_hp_per_floor":[80,80,80,80,80,80,80,80,80,80,80,80,80,80,80,80,80,80,80,80,80,80,80,80,80,80,80,80,80,80,80,80,80,80,80,80,80,80,80,80,80,80,80,80,80,80,80,80,80,80],"card_choices":[{"not_picked":["Armaments","Flex"],"picked":"Dropkick","floor":1.0},{"not_picked":["Twin Strike","Shrug It Off"],"picked":"Rampage","floor":3.0},{"not_picked":["Iron Wave","Cleave","Clash"],"picked":"SKIP","floor":5.0},{"not_picked":["Flex","Fire Breathing","Bludgeon"],"picked":"SKIP","floor":13.0},{"not_picked":["Power Through","True Grit","Sentinel"],"picked":"SKIP","floor":18.0},{"not_picked":["Armaments","Clothesline","Anger"],"picked":"SKIP","floor":19.0},{"not_picked":["Flame Barrier","Clash","Dual Wield"],"picked":"SKIP","floor":28.0},{"not_picked":["Cleave+1","Havoc","Sentinel+1"],"picked":"SKIP","floor":30.0},{"not_picked":["Armaments","Disarm"],"picked":"Thunderclap+1","floor":31.0},{"not_picked":["Intimidate+1","Thunderclap+1","Flex+1"],"picked":"SKIP","floor":35.0},{"not_picked":["Sentinel","Iron Wave+1","True Grit"],"picked":"SKIP","floor":38.0},{"not_picked":["Wild Strike","Second Wind+1","Dropkick"],"picked":"SKIP","floor":39.0},{"not_picked":["Uppercut","Dual Wield","Second Wind"],"picked":"SKIP","floor":41.0},{"not_picked":["Wild Strike","Rampage+1","Heavy Blade"],"picked":"SKIP","floor":46},{"not_picked":["Warcry","Wild Strike","True Grit"],"picked":"SKIP","floor":47},{"not_picked":["Dual Wield","Flex+1","True Grit"],"picked":"SKIP","floor":48}],"player_experience":304824,"relics_obtained":[{"floor":9.0,"key":"Orichalcum"},{"floor":13.0,"key":"Smiling Mask"},{"floor":26.0,"key":"Blue Candle"},{"floor":28.0,"key":"Turnip"},{"floor":30.0,"key":"Mummified Hand"},{"floor":43.0,"key":"Bottled Flame"}],"event_choices":[{"event_name":"Shining Light","player_choice":"Entered Light","floor":2.0,"damage_taken":0.0},{"event_name":"World of Goop","player_choice":"Gather Gold","floor":8.0,"damage_taken":0.0},{"event_name":"Match and Keep!","player_choice":"0 cards matched","floor":11.0,"damage_taken":0.0},{"event_name":"Ghosts","player_choice":"Ignored","floor":20.0,"damage_taken":0.0},{"event_name":"The Library","player_choice":"Heal","floor":21.0,"damage_taken":0.0},{"event_name":"Purifier","player_choice":"One Purge","floor":27.0,"damage_taken":0.0},{"event_name":"Match and Keep!","player_choice":"0 cards matched","floor":29.0,"damage_taken":0.0},{"event_name":"Wheel of Change","player_choice":"Card Removal","floor":36.0,"damage_taken":0.0}],"is_beta":false,"boss_relics":[{"not_picked":["Runic Cube","Snecko Eye"],"picked":"Astrolabe"},{"not_picked":["Velvet Choker","Pandora\u0027s Box"],"picked":"Eternal Feather"}],"items_purged_floors":[4,14,22,24,37,44],"is_endless":false,"potions_floor_spawned":[1,3,16,18,28,31,39,46,47],"ascension_level":0}