{"gold_per_floor":[113,131,144,156,88,120,120,137,137,137],"floor_reached":10,"playtime":366,"items_purged":[],"score":123,"play_id":"a85f221f-a115-4d94-9d6b-37528637d250","local_time":"20190326182811","is_ascension_mode":true,"campfire_choices":[{"data":"Defragment","floor":7,"key":"SMITH"}],"neow_cost":"NONE","seed_source_timestamp":321277014783680,"circlet_count":0,"master_deck":["AscendersBane","Strike_B","Strike_B","Strike_B","Strike_B","Defend_B","Defend_B","Defend_B","Defend_B","Zap","Dualcast","Cold Snap","Hologram","Coolheaded","White Noise","Defragment+1","Capacitor","Sweeping Beam"],"relics":["Cracked Core","NeowsBlessing","Boot","Bottled Tornado"],"potions_floor_usage":[6,10],"damage_taken":[{"damage":0,"enemies":"Cultist","floor":1,"turns":1},{"damage":0,"enemies":"Jaw Worm","floor":2,"turns":1},{"damage":0,"enemies":"2 Louse","floor":3,"turns":1},{"damage":19,"enemies":"Exordium Thugs","floor":4,"turns":6},{"damage":5,"enemies":"Gremlin Nob","floor":6,"turns":6},{"damage":15,"enemies":"Large Slime","floor":8,"turns":9},{"damage":47,"enemies":"Gremlin Gang","floor":10,"turns":3}],"seed_played":"-4071773882457090323","potions_obtained":[{"floor":3,"key":"PowerPotion"},{"floor":4,"key":"Ancient Potion"}],"is_trial":false,"path_per_floor":["M","M","M","M","$","E","R","M","T","M"],"character_chosen":"DEFECT","items_purchased":["Defragment"],"campfire_rested":0,"item_purchase_floors":[5],"current_hp_per_floor":[64,64,64,45,45,40,40,25,25,0],"gold":137,"neow_bonus":"THREE_ENEMY_KILL","is_prod":false,"is_daily":false,"chose_seed":false,"campfire_upgraded":1,"win_rate":0,"timestamp":1553642891,"path_taken":["M","M","M","M","$","E","R","M","T","?"],"build_version":"2019-01-23","purchased_purges":0,"victory":false,"max_hp_per_floor":[71,71,71,71,71,71,71,71,71,71],"card_choices":[{"not_picked":["Go for the Eyes","Reprogram"],"picked":"Cold Snap","floor":1},{"not_picked":["Sweeping Beam","Gash"],"picked":"Hologram","floor":2},{"not_picked":["Aggregate","Steam"],"picked":"Coolheaded","floor":3},{"not_picked":["BootSequence","Rebound"],"picked":"White Noise","floor":4},{"not_picked":["FTL","Steam"],"picked":"Capacitor","floor":6},{"not_picked":["Fusion","Consume"],"picked":"Sweeping Beam","floor":8}],"player_experience":1154943,"relics_obtained":[{"floor":6,"key":"Boot"},{"floor":9,"key":"Bottled Tornado"}],"event_choices":[],"is_beta":false,"boss_relics":[],"items_purged_floors":[],"is_endless":false,"potions_floor_spawned":[3,4],"killed_by":"Gremlin Gang","ascension_level":15}