{"gold_per_floor":[211,90,34,49,24,58,68,68,68,68],"floor_reached":10,"playtime":980,"items_purged":[],"score":69,"play_id":"994452cb-6cf3-41f1-b79a-f939b3274660","local_time":"20190425231320","is_ascension_mode":true,"campfire_choices":[{"floor":8,"key":"REST"}],"neow_cost":"NONE","seed_source_timestamp":177348860853988,"circlet_count":0,"master_deck":["Defend_G","Defend_G","Defend_G","Defend_G","Defend_G","Strike_G","Strike_G","Strike_G","Strike_G","Strike_G","Survivor","Neutralize","Backflip","Caltrops","Cloak And Dagger","Dodge and Roll","Cloak And Dagger","A Thousand Cuts","Backflip"],"relics":["Ring of the Snake","Question Card","Ancient Tea Set","Anchor"],"potions_floor_usage":[],"damage_taken":[{"damage":8,"enemies":"Jaw Worm","floor":1,"turns":7},{"damage":1,"enemies":"Cultist","floor":4,"turns":5},{"damage":27,"enemies":"3 Sentries","floor":6,"turns":12},{"damage":0,"enemies":"Small Slimes","floor":7,"turns":3},{"damage":56,"enemies":"Lagavulin","floor":10,"turns":11}],"seed_played":"5079218540227414278","potions_obtained":[{"floor":6,"key":"LiquidBronze"}],"is_trial":false,"path_per_floor":["M","$","?","M","$","E","M","R","T","E"],"character_chosen":"THE_SILENT","items_purchased":["Caltrops","Cloak And Dagger","Cloak And Dagger"],"campfire_rested":1,"item_purchase_floors":[2,2,5],"current_hp_per_floor":[62,62,62,61,61,34,34,55,55,0],"gold":68,"neow_bonus":"HUNDRED_GOLD","is_prod":false,"is_daily":false,"chose_seed":false,"campfire_upgraded":0,"win_rate":0,"timestamp":1556248400,"path_taken":["M","$","?","M","$","E","M","R","T","E"],"build_version":"2019-01-23","purchased_purges":0,"victory":false,"max_hp_per_floor":[70,70,70,70,70,70,70,70,70,70],"card_choices":[{"not_picked":["Slice","Acrobatics"],"picked":"Backflip","floor":1},{"not_picked":["Flying Knee","Blade Dance","Underhanded Strike"],"picked":"Dodge and Roll","floor":4},{"not_picked":["Flechettes","Escape Plan","Calculated Gamble"],"picked":"A Thousand Cuts","floor":6},{"not_picked":["Underhanded Strike","Riddle With Holes","Terror"],"picked":"Backflip","floor":7}],"player_experience":47662,"relics_obtained":[{"floor":6,"key":"Ancient Tea Set"},{"floor":9,"key":"Anchor"}],"event_choices":[{"damage_healed":0,"gold_gain":0,"player_choice":"Paid Gold","damage_taken":0,"relics_obtained":["Question Card"],"max_hp_gain":0,"max_hp_loss":0,"event_name":"WeMeetAgain","floor":3,"gold_loss":56}],"is_beta":false,"boss_relics":[],"items_purged_floors":[],"is_endless":false,"potions_floor_spawned":[6],"killed_by":"Lagavulin","ascension_level":1}