{"gold_per_floor":[10,160,171,183,11,11,36,56,105,105,105,122,122,141,141,215,215,226,226,43,43,0,0,10,24,48,68,68,68,78,103,103,180,180,180],"floor_reached":35,"playtime":1873,"items_purged":["Doubt","Writhe"],"score":904,"play_id":"7555ddf4-b78f-4cd0-b76e-3d3ad6840493","local_time":"20190416181901","is_ascension_mode":true,"campfire_choices":[{"data":"Well Laid Plans","floor":6,"key":"SMITH"},{"data":"Neutralize","floor":11,"key":"SMITH"},{"data":"Malaise","floor":13,"key":"SMITH"},{"data":"Noxious Fumes","floor":15,"key":"SMITH"},{"floor":23,"key":"REST"},{"floor":29,"key":"REST"},{"floor":32,"key":"REST"}],"neow_cost":"NO_GOLD","seed_source_timestamp":1589090496960919,"circlet_count":0,"master_deck":["AscendersBane","Defend_G","Defend_G","Defend_G","Defend_G","Defend_G","Strike_G","Strike_G","Survivor","Neutralize+1","Glass Knife","Leg Sweep","Poisoned Stab","Well Laid Plans+1","Bane","Deflect","Deadly Poison","Backflip","Malaise+1","Noxious Fumes+1","Corpse Explosion","Footwork","PiercingWail","Choke","Quick Slash","Flechettes","Dodge and Roll","Night Terror"],"relics":["Ring of the Snake","Dodecahedron","Boot","Snecko Eye","Bronze Scales","Nilry\u0027s Codex","PreservedInsect","Question Card","HoveringKite"],"potions_floor_usage":[7,7,18,30,31,33],"damage_taken":[{"damage":2,"enemies":"Small Slimes","floor":1,"turns":4},{"damage":5,"enemies":"Jaw Worm","floor":3,"turns":6},{"damage":0,"enemies":"Cultist","floor":4,"turns":5},{"damage":0,"enemies":"3 Sentries","floor":7,"turns":8},{"damage":1,"enemies":"Large Slime","floor":8,"turns":6},{"damage":13,"enemies":"Exordium Thugs","floor":12,"turns":8},{"damage":0,"enemies":"Blue Slaver","floor":14,"turns":4},{"damage":1,"enemies":"Hexaghost","floor":16,"turns":12},{"damage":11,"enemies":"2 Thieves","floor":18,"turns":4},{"damage":13,"enemies":"Spheric Guardian","floor":24,"turns":6},{"damage":7,"enemies":"Snake Plant","floor":25,"turns":4},{"damage":4,"enemies":"Cultist and Chosen","floor":27,"turns":3},{"damage":19,"enemies":"Sentry and Sphere","floor":30,"turns":5},{"damage":0,"enemies":"Slavers","floor":31,"turns":2},{"damage":12,"enemies":"Champ","floor":33,"turns":14},{"damage":57,"enemies":"3 Shapes","floor":35,"turns":3}],"seed_played":"8945946706816951250","potions_obtained":[{"floor":1,"key":"Explosive Potion"},{"floor":4,"key":"Strength Potion"},{"floor":12,"key":"SpeedPotion"},{"floor":16,"key":"Energy Potion"},{"floor":24,"key":"Poison Potion"},{"floor":30,"key":"Energy Potion"}],"is_trial":false,"path_per_floor":["M","?","M","M","$","R","E","M","T","?","R","M","R","M","R","B",null,"M","?","$","?","?","R","M","M","T","M","?","R","M","E","R","B",null,"M"],"character_chosen":"THE_SILENT","items_purchased":["Well Laid Plans","Bane","Footwork"],"campfire_rested":3,"item_purchase_floors":[5,5,20],"current_hp_per_floor":[57,57,52,52,52,52,52,51,51,51,51,38,38,38,38,37,59,48,48,48,27,27,46,33,26,26,22,22,41,22,22,41,29,57,0],"gold":180,"neow_bonus":"THREE_RARE_CARDS","is_prod":false,"is_daily":false,"chose_seed":false,"campfire_upgraded":4,"win_rate":0,"timestamp":1555406341,"path_taken":["M","?","M","M","$","R","E","M","T","?","R","?","R","M","R","BOSS","M","?","$","?","?","R","M","M","T","M","?","R","M","E","R","BOSS","M"],"build_version":"2019-01-23","purchased_purges":2,"victory":false,"max_hp_per_floor":[66,66,66,66,66,66,66,66,66,66,66,66,66,66,66,66,66,66,66,66,66,66,66,66,66,66,66,66,66,66,66,66,66,66,66],"card_choices":[{"not_picked":["Doppelganger","Venomology"],"picked":"Glass Knife","floor":0},{"not_picked":["Dagger Throw","Catalyst"],"picked":"Leg Sweep","floor":1},{"not_picked":["Flying Knee","Flechettes","Choke"],"picked":"SKIP","floor":3},{"not_picked":["Heel Hook","PiercingWail"],"picked":"Poisoned Stab","floor":4},{"not_picked":["Dash","Masterful Stab"],"picked":"Deflect","floor":7},{"not_picked":["Backflip","Dagger Throw"],"picked":"Deadly Poison","floor":8},{"not_picked":["Bane","Sucker Punch"],"picked":"Malaise","floor":12},{"not_picked":["Leg Sweep","Flying Knee"],"picked":"Noxious Fumes","floor":14},{"not_picked":["Glass Knife","Doppelganger"],"picked":"Corpse Explosion","floor":16},{"not_picked":["Deflect","Slice","Cloak And Dagger"],"picked":"SKIP","floor":18},{"not_picked":["Deflect","Unload"],"picked":"PiercingWail","floor":24},{"not_picked":["Dodge and Roll","Bane","Prepared"],"picked":"SKIP","floor":25},{"not_picked":["Blade Dance","Dagger Throw+1"],"picked":"Choke","floor":27},{"not_picked":["Flying Knee","Bane","Escape Plan"],"picked":"SKIP","floor":30},{"not_picked":["Envenom","Blade Dance"],"picked":"Dodge and Roll","floor":31},{"not_picked":["Burst","Tools of the Trade","A Thousand Cuts"],"picked":"Night Terror","floor":33}],"player_experience":949451,"relics_obtained":[{"floor":7,"key":"Dodecahedron"},{"floor":9,"key":"Boot"},{"floor":21,"key":"Nilry\u0027s Codex"},{"floor":26,"key":"PreservedInsect"},{"floor":31,"key":"Question Card"}],"event_choices":[{"damage_healed":0,"gold_gain":150,"player_choice":"AGREE","damage_taken":0,"max_hp_gain":0,"max_hp_loss":0,"event_name":"Liars Game","floor":2,"gold_loss":0,"cards_obtained":["Doubt"]},{"damage_healed":0,"gold_gain":0,"cards_transformed":["Strike_G"],"player_choice":"Transformed","damage_taken":0,"max_hp_gain":0,"max_hp_loss":0,"event_name":"Transmorgrifier","floor":10,"gold_loss":0,"cards_obtained":["Backflip"]},{"damage_healed":0,"gold_gain":0,"player_choice":"Opened","damage_taken":0,"relics_obtained":["Bronze Scales"],"max_hp_gain":0,"max_hp_loss":0,"event_name":"The Mausoleum","floor":19,"gold_loss":0,"cards_obtained":["Writhe"]},{"damage_healed":0,"gold_gain":0,"player_choice":"Obtained Book","damage_taken":21,"max_hp_gain":0,"max_hp_loss":0,"event_name":"Cursed Tome","floor":21,"gold_loss":0},{"damage_healed":0,"gold_gain":0,"player_choice":"Paid Fearfully","damage_taken":0,"max_hp_gain":0,"max_hp_loss":0,"event_name":"Masked Bandits","floor":22,"gold_loss":43},{"damage_healed":0,"gold_gain":0,"cards_transformed":["Strike_G","Strike_G"],"player_choice":"Became Test Subject","damage_taken":0,"max_hp_gain":0,"max_hp_loss":0,"event_name":"Drug Dealer","floor":28,"gold_loss":0,"cards_obtained":["Quick Slash","Flechettes"]}],"is_beta":false,"boss_relics":[{"not_picked":["Fusion Hammer","Astrolabe"],"picked":"Snecko Eye"},{"not_picked":["Calling Bell","Orrery"],"picked":"HoveringKite"}],"items_purged_floors":[5,20],"is_endless":false,"potions_floor_spawned":[1,4,12,16,24,30],"killed_by":"3 Shapes","ascension_level":20}