{"gold_per_floor":[114,189,205,205,205,205,236,236,259,283,301,301,97,97,97,168,168,182,192,207,225,80,80,80,95,95,20,20,20,50,50,50,50],"floor_reached":33,"playtime":1367,"items_purged":["Strike_B","Strike_B"],"score":572,"play_id":"20f6e406-97fb-4900-a36c-5234ffff2eb4","local_time":"20190419140706","is_ascension_mode":true,"campfire_choices":[{"floor":6.0,"key":"REST"},{"data":"Zap","floor":8.0,"key":"SMITH"},{"data":"Barrage","floor":12.0,"key":"SMITH"},{"data":"Defragment","floor":15.0,"key":"SMITH"},{"data":"Self Repair","floor":23.0,"key":"SMITH"},{"floor":29.0,"key":"REST"},{"floor":32.0,"key":"REST"}],"neow_cost":"NONE","seed_source_timestamp":20199890970185,"circlet_count":0,"master_deck":["AscendersBane","Defend_B","Defend_B","Zap+1","Dualcast","Conserve Battery","BootSequence","Biased Cognition","Barrage+1","Defragment+1","Cold Snap","Steam","Echo Form","Compile Driver","Sweeping Beam","Self Repair+1","Conserve Battery","Amplify","Beam Cell"],"special_seed":0,"relics":["Cracked Core","NeowsBlessing","Juzu Bracelet","Orichalcum","Blood Vial","Smiling Mask","Busted Crown","Gremlin Horn","Art of War"],"potions_floor_usage":[],"damage_taken":[{"damage":0.0,"enemies":"Jaw Worm","floor":1.0,"turns":1.0},{"damage":0.0,"enemies":"Small Slimes","floor":3.0,"turns":1.0},{"damage":0.0,"enemies":"Gremlin Nob","floor":7.0,"turns":1.0},{"damage":0.0,"enemies":"2 Louse","floor":11.0,"turns":2.0},{"damage":14.0,"enemies":"Hexaghost","floor":16.0,"turns":14.0},{"damage":7.0,"enemies":"3 Byrds","floor":18.0,"turns":5.0},{"damage":8.0,"enemies":"Spheric Guardian","floor":19.0,"turns":4.0},{"damage":16.0,"enemies":"Snecko","floor":20.0,"turns":5.0},{"damage":15.0,"enemies":"3 Cultists","floor":21.0,"turns":5.0},{"damage":24.0,"enemies":"Snake Plant","floor":25.0,"turns":6.0},{"damage":18.0,"enemies":"Book of Stabbing","floor":30.0,"turns":6.0},{"damage":79,"enemies":"Champ","floor":33,"turns":13}],"seed_played":"-5502588638809970074","potions_obtained":[{"floor":3.0,"key":"EntropicBrew"},{"floor":16.0,"key":"PowerPotion"},{"floor":20.0,"key":"Fire Potion"},{"floor":21.0,"key":"FearPotion"},{"floor":25.0,"key":"Swift Potion"}],"is_trial":false,"path_per_floor":["M","?","M","?","?","R","E","R","T","T","M","R","$","?","R","B",null,"M","M","M","M","$","R","?","M","T","?","?","R","E","?","R","B"],"character_chosen":"DEFECT","items_purchased":["Defragment","Cold Snap","Steam","Self Repair","Block Potion"],"campfire_rested":3,"item_purchase_floors":[13,13,13,22,22],"current_hp_per_floor":[64,53,53,58,2,24,24,24,24,24,26,26,26,26,26,14,61,56,50,36,23,23,23,23,21,21,21,21,43,47,47,69,0],"gold":50,"neow_bonus":"THREE_ENEMY_KILL","is_prod":false,"is_daily":false,"chose_seed":false,"campfire_upgraded":4,"win_rate":0,"timestamp":1555650426,"path_taken":["M","?","M","?","?","R","E","R","T","?","M","R","?","?","R","BOSS","M","M","M","M","$","R","?","M","T","?","?","R","E","?","R","BOSS"],"build_version":"2019-01-23","purchased_purges":2,"victory":false,"max_hp_per_floor":[71,71,71,76,76,76,76,76,76,76,76,76,76,76,76,76,76,76,76,76,76,76,76,76,76,76,76,76,76,76,76,76,76],"card_choices":[{"not_picked":["Compile Driver","Fusion"],"picked":"Conserve Battery","floor":1.0},{"not_picked":["Compile Driver","Steam"],"picked":"BootSequence","floor":3.0},{"not_picked":["Ball Lightning","Coolheaded"],"picked":"Biased Cognition","floor":7.0},{"not_picked":["Sunder","Hologram"],"picked":"Barrage","floor":11.0},{"not_picked":["Electrodynamics","Buffer"],"picked":"Echo Form","floor":16.0},{"not_picked":["Redo"],"picked":"SKIP","floor":18.0},{"not_picked":[],"picked":"Compile Driver","floor":19.0},{"not_picked":["Leap"],"picked":"SKIP","floor":20.0},{"not_picked":[],"picked":"Sweeping Beam","floor":21.0},{"not_picked":["Stack"],"picked":"SKIP","floor":25.0},{"not_picked":[],"picked":"Beam Cell","floor":30.0}],"player_experience":985517,"relics_obtained":[{"floor":7.0,"key":"Orichalcum"},{"floor":9.0,"key":"Blood Vial"},{"floor":10.0,"key":"Smiling Mask"},{"floor":26.0,"key":"Gremlin Horn"},{"floor":30.0,"key":"Art of War"}],"event_choices":[{"damage_healed":0.0,"max_hp_gain":0.0,"max_hp_loss":0.0,"gold_gain":75.0,"event_name":"World of Goop","player_choice":"Gather Gold","floor":2.0,"gold_loss":0.0,"damage_taken":11.0},{"damage_healed":0.0,"max_hp_gain":5.0,"max_hp_loss":0.0,"gold_gain":0.0,"event_name":"Big Fish","player_choice":"Donut","floor":4.0,"gold_loss":0.0,"damage_taken":0.0},{"damage_healed":0.0,"max_hp_gain":0.0,"max_hp_loss":0.0,"gold_gain":0.0,"event_name":"Scrap Ooze","player_choice":"Success","floor":5.0,"gold_loss":0.0,"damage_taken":56.0,"relics_obtained":["Juzu Bracelet"]},{"damage_healed":0.0,"max_hp_gain":0.0,"max_hp_loss":0.0,"gold_gain":0.0,"event_name":"Liars Game","player_choice":"Ignored","floor":14.0,"gold_loss":0.0,"damage_taken":0.0},{"cards_removed":["Strike_B"],"damage_healed":0.0,"max_hp_gain":0.0,"max_hp_loss":0.0,"gold_gain":0.0,"event_name":"Wheel of Change","player_choice":"Card Removal","floor":24.0,"gold_loss":0.0,"damage_taken":0.0},{"cards_removed":["Strike_B"],"damage_healed":0.0,"max_hp_gain":0.0,"max_hp_loss":0.0,"gold_gain":0.0,"event_name":"Beggar","player_choice":"Gave Gold","floor":27.0,"gold_loss":75.0,"damage_taken":0.0},{"damage_healed":0.0,"max_hp_gain":0.0,"max_hp_loss":0.0,"gold_gain":0.0,"cards_transformed":["Defend_B","Defend_B"],"event_name":"Drug Dealer","player_choice":"Became Test Subject","floor":28.0,"gold_loss":0.0,"damage_taken":0.0,"cards_obtained":["Conserve Battery","Amplify"]}],"is_beta":false,"boss_relics":[{"not_picked":["Astrolabe","Calling Bell"],"picked":"Busted Crown"}],"items_purged_floors":[13,22],"is_endless":false,"potions_floor_spawned":[3,11,16,20,21,25],"killed_by":"Champ","ascension_level":20}