{"gold_per_floor":[110,35,110,124,141,141,474,474,474,486,486,8,8,8,8,80,80,90,90,108,119,119,119,119,148,148,63,63,63,63,79,79,158,158,175,28,28,40,1039,1039,1039,538,538,538,569,569,569,582,582,582],"floor_reached":50,"playtime":2881,"items_purged":["Strike_B"],"score":1089,"play_id":"d978c578-8fd6-4c54-b5ac-c8b40ed7d797","local_time":"20190422002728","is_ascension_mode":true,"campfire_choices":[{"floor":6,"key":"REST"},{"data":"Defragment","floor":8,"key":"SMITH"},{"data":"Zap","floor":11,"key":"SMITH"},{"data":"Hologram","floor":13,"key":"SMITH"},{"data":"Coolheaded","floor":15,"key":"SMITH"},{"floor":23,"key":"REST"},{"floor":24,"key":"REST"},{"data":"Creative AI","floor":28,"key":"SMITH"},{"floor":29,"key":"REST"},{"floor":32,"key":"REST"},{"floor":40,"key":"REST"},{"floor":44,"key":"RECALL"},{"floor":46,"key":"REST"},{"floor":49,"key":"REST"}],"neow_cost":"NONE","seed_source_timestamp":228734477201950,"circlet_count":0,"master_deck":["AscendersBane","Defend_B","Defend_B","Defend_B","Defend_B","Zap+1","Dualcast","Electrodynamics","Defragment+1","Rebound","Coolheaded+1","Hologram+1","Undo","Sweeping Beam","Ball Lightning","Turbo","Lockon","Reinforced Body","Necronomicurse","Creative AI+1","Coolheaded+1","Seek+1","Conserve Battery+1","Self Repair","Sunder","Streamline","Defragment","Steam+1","Go for the Eyes","Recycle+1"],"relics":["Cracked Core","Old Coin","WingedGreaves","Membership Card","Pocketwatch","Lizard Tail","Necronomicon","Girya","Toxic Egg 2","Turnip","Fusion Hammer","Omamori","OrangePellets","Bag of Marbles","Shuriken","Mummified Hand","Question Card"],"potions_floor_usage":[21,25,31,50,50],"damage_taken":[{"damage":3,"enemies":"2 Louse","floor":1,"turns":3},{"damage":9,"enemies":"Jaw Worm","floor":4,"turns":4},{"damage":4,"enemies":"Small Slimes","floor":5,"turns":5},{"damage":32,"enemies":"Gremlin Nob","floor":7,"turns":4},{"damage":7,"enemies":"Looter","floor":10,"turns":3},{"damage":0,"enemies":"The Guardian","floor":16,"turns":10},{"damage":11,"enemies":"Chosen","floor":18,"turns":5},{"damage":6,"enemies":"3 Byrds","floor":20,"turns":2},{"damage":0,"enemies":"Cultist and Chosen","floor":21,"turns":5},{"damage":39,"enemies":"Slavers","floor":25,"turns":3},{"damage":19,"enemies":"Snake Plant","floor":31,"turns":3},{"damage":68,"enemies":"Champ","floor":33,"turns":29},{"damage":7,"enemies":"3 Shapes","floor":35,"turns":3},{"damage":4,"enemies":"Orb Walker","floor":38,"turns":4},{"damage":27,"enemies":"Reptomancer","floor":45,"turns":4},{"damage":24,"enemies":"4 Shapes","floor":48,"turns":4},{"damage":72,"enemies":"Time Eater","floor":50,"turns":8}],"seed_played":"-5355232481724659725","potions_obtained":[{"floor":5,"key":"Explosive Potion"},{"floor":16,"key":"EntropicBrew"},{"floor":31,"key":"SteroidPotion"}],"is_trial":false,"path_per_floor":["M","?","?","M","M","R","E","R","T","M","R","$","R","?","R","B",null,"M","?","M","M","?","R","R","E","T","?","R","R","T","M","R","B",null,"M","$","?","M","?","R","?","$","T","R","E","R","?","M","R","B"],"character_chosen":"DEFECT","items_purchased":["Membership Card","Pocketwatch","Undo","Sweeping Beam","SteroidPotion","Self Repair","Omamori","Sunder","OrangePellets","Defragment","PowerPotion","Steam+1","Bag of Marbles","Shuriken","GamblersBrew"],"campfire_rested":8,"item_purchase_floors":[12,12,12,12,12,36,36,36,42,42,42,42,42,42,42],"current_hp_per_floor":[61,61,50,41,37,58,26,26,26,19,19,19,19,24,24,24,63,52,52,46,46,25,47,69,30,30,30,30,52,52,33,55,38,67,60,60,49,45,45,67,67,67,67,67,47,68,68,44,65,0],"gold":582,"neow_bonus":"ONE_RANDOM_RARE_CARD","is_prod":false,"is_daily":false,"chose_seed":false,"campfire_upgraded":5,"win_rate":0,"timestamp":1555860448,"path_taken":["M","?","?","M","M","R","E","R","T","M","R","$","R","?","R","BOSS","M","?","M","M","?","R","R","E","T","?","R","R","?","?","R","BOSS","M","$","?","?","?","R","?","$","T","R","E","R","?","M","R","BOSS"],"build_version":"2019-01-23","purchased_purges":1,"victory":false,"max_hp_per_floor":[71,71,71,71,71,71,71,71,71,71,71,71,71,76,76,76,76,76,76,76,76,76,76,76,76,76,76,76,76,76,76,76,76,76,76,76,76,76,76,76,72,72,72,72,72,72,72,72,72,72],"card_choices":[{"not_picked":["Gash","Barrage","Compile Driver"],"picked":"SKIP","floor":1},{"not_picked":["Ball Lightning","Sweeping Beam"],"picked":"Defragment","floor":4},{"not_picked":["Compile Driver","Skim"],"picked":"Rebound","floor":5},{"not_picked":["Hologram","Beam Cell"],"picked":"Coolheaded","floor":7},{"not_picked":["Static Discharge","Aggregate"],"picked":"Hologram","floor":10},{"not_picked":["Aggregate","Scrape"],"picked":"Ball Lightning","floor":18},{"not_picked":["Coolheaded+1","Gash"],"picked":"Reinforced Body","floor":20},{"not_picked":["Steam Power","Redo","Stack"],"picked":"SKIP","floor":21},{"not_picked":["Leap","Skim+1"],"picked":"Creative AI","floor":25},{"not_picked":["Rip and Tear","Doom and Gloom"],"picked":"Coolheaded+1","floor":31},{"not_picked":["Amplify+1","Echo Form"],"picked":"Seek+1","floor":33},{"not_picked":["White Noise+1","Fusion+1"],"picked":"Conserve Battery+1","floor":35},{"not_picked":["Barrage+1","Gash"],"picked":"Streamline","floor":38},{"not_picked":["Stack+1","Compile Driver"],"picked":"Go for the Eyes","floor":45},{"not_picked":["Hologram+1","Compile Driver","Loop"],"picked":"Recycle+1","floor":48}],"player_experience":1033376,"relics_obtained":[{"floor":7,"key":"Old Coin"},{"floor":9,"key":"WingedGreaves"},{"floor":22,"key":"Necronomicon"},{"floor":25,"key":"Girya"},{"floor":30,"key":"Turnip"},{"floor":43,"key":"Mummified Hand"},{"floor":45,"key":"Question Card"}],"event_choices":[{"cards_removed":["Strike_B"],"damage_healed":0,"gold_gain":0,"player_choice":"Card Removal","damage_taken":0,"max_hp_gain":0,"max_hp_loss":0,"event_name":"The Cleric","floor":2,"gold_loss":75},{"damage_healed":0,"gold_gain":75,"player_choice":"Gather Gold","damage_taken":11,"max_hp_gain":0,"max_hp_loss":0,"event_name":"World of Goop","floor":3,"gold_loss":0},{"damage_healed":0,"gold_gain":0,"player_choice":"Donut","damage_taken":0,"max_hp_gain":5,"max_hp_loss":0,"event_name":"Big Fish","floor":14,"gold_loss":0},{"damage_healed":0,"gold_gain":0,"cards_transformed":["Strike_B","Strike_B"],"player_choice":"Became Test Subject","damage_taken":0,"max_hp_gain":0,"max_hp_loss":0,"event_name":"Drug Dealer","floor":19,"gold_loss":0,"cards_obtained":["Turbo","Lockon"]},{"damage_healed":0,"gold_gain":0,"player_choice":"Obtained Book","damage_taken":21,"max_hp_gain":0,"max_hp_loss":0,"event_name":"Cursed Tome","floor":22,"gold_loss":0},{"damage_healed":0,"gold_gain":0,"player_choice":"Obtained Relic","damage_taken":0,"relics_obtained":["Toxic Egg 2"],"max_hp_gain":0,"max_hp_loss":0,"event_name":"Addict","floor":27,"gold_loss":85},{"damage_healed":0,"gold_gain":0,"player_choice":"Damaged","damage_taken":11,"max_hp_gain":0,"max_hp_loss":0,"event_name":"Wheel of Change","floor":37,"gold_loss":0},{"damage_healed":0,"gold_gain":999,"player_choice":"Gold","damage_taken":0,"max_hp_gain":0,"max_hp_loss":0,"event_name":"MindBloom","floor":39,"gold_loss":0,"cards_obtained":["Normality","Normality"]},{"damage_healed":0,"gold_gain":0,"player_choice":"Max HP","damage_taken":0,"max_hp_gain":0,"max_hp_loss":4,"event_name":"Winding Halls","floor":41,"gold_loss":0},{"damage_healed":0,"gold_gain":0,"player_choice":"Ignored","damage_taken":0,"max_hp_gain":0,"max_hp_loss":0,"event_name":"Tomb of Lord Red Mask","floor":47,"gold_loss":0}],"is_beta":false,"boss_relics":[{"not_picked":["Coffee Dripper","Philosopher\u0027s Stone"],"picked":"Lizard Tail"},{"not_picked":["FrozenCore","Orrery"],"picked":"Fusion Hammer"}],"items_purged_floors":[42],"is_endless":false,"potions_floor_spawned":[5,16,31,33,45],"killed_by":"Time Eater","ascension_level":20}