{"gold_per_floor":[110,185,198,65,65,99,113,113,113,37,364,364,399,409,409,486,486,497,497,497,497,497,497],"floor_reached":23,"playtime":522,"items_purged":["Strike_R"],"score":485,"play_id":"c891bdfa-e117-475e-b2e9-3748f3167eb9","local_time":"20190420121650","is_ascension_mode":true,"campfire_choices":[{"data":"Bash","floor":8.0,"key":"SMITH"},{"data":"Anger","floor":15.0,"key":"SMITH"}],"neow_cost":"NONE","seed_source_timestamp":224062461156300,"circlet_count":0,"master_deck":["AscendersBane","Defend_R","Defend_R","Defend_R","Defend_R","Bash+1","Headbutt","Metallicize","Clothesline","Regret","Cleave","Anger+1","Flame Barrier","Burning Pact","Rage","Spot Weakness","Feed","Bite","Bite","Bite","Bite","Bite"],"special_seed":0,"relics":["Burning Blood","NeowsBlessing","Singing Bowl","PreservedInsect","Darkstone Periapt","Old Coin","Red Skull","Sundial","Philosopher\u0027s Stone","Enchiridion","Vajra"],"potions_floor_usage":[23],"damage_taken":[{"damage":0.0,"enemies":"Small Slimes","floor":1.0,"turns":1.0},{"damage":0.0,"enemies":"2 Louse","floor":3.0,"turns":2.0},{"damage":0.0,"enemies":"Gremlin Nob","floor":6.0,"turns":1.0},{"damage":3.0,"enemies":"Cultist","floor":7.0,"turns":3.0},{"damage":21.0,"enemies":"3 Sentries","floor":11.0,"turns":6.0},{"damage":7.0,"enemies":"Gremlin Nob","floor":13.0,"turns":3.0},{"damage":9.0,"enemies":"Blue Slaver","floor":14.0,"turns":3.0},{"damage":33.0,"enemies":"Slime Boss","floor":16.0,"turns":10.0},{"damage":36.0,"enemies":"2 Thieves","floor":18.0,"turns":5.0},{"damage":20.0,"enemies":"Colosseum Slavers","floor":19.0,"turns":3.0},{"damage":11,"enemies":"Book of Stabbing","floor":23,"turns":1}],"seed_played":"8069908760265662319","potions_obtained":[{"floor":6.0,"key":"Swift Potion"},{"floor":7.0,"key":"Weak Potion"},{"floor":18.0,"key":"LiquidBronze"}],"is_trial":false,"path_per_floor":["M","?","M","$","?","E","M","R","T","$","E","?","E","M","R","B",null,"M","?","?","?","T","E"],"character_chosen":"IRONCLAD","items_purchased":["Clothesline","Flame Barrier"],"campfire_rested":0,"item_purchase_floors":[4,10],"current_hp_per_floor":[74,63,69,69,69,75,75,75,75,75,60,42,41,38,38,11,59,34,23,2,2,2,0],"gold":497,"neow_bonus":"THREE_ENEMY_KILL","is_prod":false,"is_daily":false,"chose_seed":false,"campfire_upgraded":2,"win_rate":0,"timestamp":1555755410,"path_taken":["M","?","M","$","?","E","M","R","T","$","E","?","E","M","R","BOSS","M","?","?","?","?","E"],"build_version":"2019-01-23","purchased_purges":1,"victory":false,"max_hp_per_floor":[75,75,75,75,75,75,75,75,75,75,75,75,75,75,75,75,75,80,83,83,58,58,58],"card_choices":[{"not_picked":["Armaments","Rupture"],"picked":"Headbutt","floor":1.0},{"not_picked":["Cleave","Shrug It Off"],"picked":"Metallicize","floor":3.0},{"not_picked":["Dual Wield","Perfected Strike"],"picked":"Cleave","floor":6.0},{"not_picked":["Sentinel","Perfected Strike"],"picked":"Anger","floor":7.0},{"not_picked":["Thunderclap","Rupture"],"picked":"Burning Pact","floor":11.0},{"not_picked":["Combust","Shrug It Off"],"picked":"Rage","floor":13.0},{"not_picked":["Whirlwind","Second Wind"],"picked":"Spot Weakness","floor":14.0},{"not_picked":["Immolate","Limit Break"],"picked":"Feed","floor":16.0},{"not_picked":["Havoc","Blood for Blood","Second Wind+1"],"picked":"Singing Bowl","floor":18.0}],"player_experience":574111,"relics_obtained":[{"floor":6.0,"key":"PreservedInsect"},{"floor":9.0,"key":"Darkstone Periapt"},{"floor":11.0,"key":"Old Coin"},{"floor":13.0,"key":"Sundial"},{"floor":20.0,"key":"Enchiridion"},{"floor":22.0,"key":"Vajra"}],"event_choices":[{"damage_healed":0.0,"max_hp_gain":0.0,"max_hp_loss":0.0,"gold_gain":75.0,"event_name":"World of Goop","player_choice":"Gather Gold","floor":2.0,"gold_loss":0.0,"damage_taken":11.0},{"damage_healed":0.0,"max_hp_gain":0.0,"max_hp_loss":0.0,"gold_gain":0.0,"event_name":"Big Fish","player_choice":"Box","floor":5.0,"gold_loss":0.0,"damage_taken":0.0,"relics_obtained":["Singing Bowl"],"cards_obtained":["Regret"]},{"damage_healed":0.0,"max_hp_gain":0.0,"max_hp_loss":0.0,"gold_gain":0.0,"event_name":"Scrap Ooze","player_choice":"Success","floor":12.0,"gold_loss":0.0,"damage_taken":18.0,"relics_obtained":["Red Skull"]},{"damage_healed":0.0,"max_hp_gain":0.0,"max_hp_loss":0.0,"gold_gain":0.0,"event_name":"Colosseum","player_choice":"Fight","floor":19.0,"gold_loss":0.0,"damage_taken":0.0},{"damage_healed":0.0,"max_hp_gain":0.0,"max_hp_loss":0.0,"gold_gain":0.0,"event_name":"Colosseum","player_choice":"Fled From Nobs","floor":19.0,"gold_loss":0.0,"damage_taken":0.0},{"damage_healed":0.0,"max_hp_gain":0.0,"max_hp_loss":0.0,"gold_gain":0.0,"event_name":"Cursed Tome","player_choice":"Obtained Book","floor":20.0,"gold_loss":0.0,"damage_taken":21.0},{"damage_healed":0.0,"max_hp_gain":0.0,"max_hp_loss":25.0,"gold_gain":0.0,"event_name":"Vampires","player_choice":"Became a vampire","floor":21.0,"gold_loss":0.0,"damage_taken":0.0,"cards_obtained":["Bite","Bite","Bite","Bite","Bite"]}],"is_beta":false,"boss_relics":[{"not_picked":["Tiny House","Eternal Feather"],"picked":"Philosopher\u0027s Stone"}],"items_purged_floors":[4],"is_endless":false,"potions_floor_spawned":[6,7,11,13,14,18],"killed_by":"Book of Stabbing","ascension_level":20}