{"gold_per_floor":[118,118,48,48,63,63,83,107,107,107,123,86,86,86,86,214,214,229,229,247,247,267,267,285,300,368,381,401,414,427,427,427,427],"floor_reached":33,"playtime":2236,"items_purged":[],"score":293,"play_id":"b28a50c8-de82-4fc2-8f6a-27cdb9473956","local_time":"20181012220330","is_ascension_mode":false,"campfire_choices":[{"data":"Flex","floor":6,"key":"SMITH"},{"data":"Fire Breathing","floor":10,"key":"SMITH"},{"data":"Fire Breathing","floor":13,"key":"SMITH"},{"floor":15,"key":"REST"},{"data":"Limit Break","floor":23,"key":"SMITH"},{"floor":32,"key":"REST"}],"neow_cost":"NONE","seed_source_timestamp":29285598615675,"circlet_count":0,"master_deck":["Strike_R+1","Strike_R+1","Strike_R+1","Strike_R+1","Defend_R+1","Defend_R+1","Defend_R+1","Defend_R+1","Bash","Flex+1","Fire Breathing+1","Thunderclap","Anger","Pommel Strike","Twin Strike","Fire Breathing+1","Anger","Limit Break+1","Headbutt","Flex+1","Heavy Blade","Shrug It Off+1","Demon Form","Headbutt","Spot Weakness+1","Rage+1"],"relics":["Burning Blood","Dream Catcher","Golden Idol","Shuriken","Sozu","Paper Frog"],"potions_floor_usage":[20,20,30],"damage_taken":[{"damage":6,"enemies":"Jaw Worm","floor":1,"turns":4},{"damage":4,"enemies":"Small Slimes","floor":5,"turns":6},{"damage":0,"enemies":"Cultist","floor":7,"turns":2},{"damage":22,"enemies":"Exordium Thugs","floor":8,"turns":4},{"damage":6,"enemies":"3 Louse","floor":11,"turns":3},{"damage":0,"enemies":"Slime Boss","floor":16,"turns":7},{"damage":15,"enemies":"Chosen","floor":18,"turns":4},{"damage":46,"enemies":"Colosseum Slavers","floor":19,"turns":5},{"damage":24,"enemies":"2 Thieves","floor":20,"turns":4},{"damage":8,"enemies":"Snecko","floor":22,"turns":3},{"damage":21,"enemies":"Snake Plant","floor":24,"turns":3},{"damage":5,"enemies":"Cultist and Chosen","floor":25,"turns":4},{"damage":5,"enemies":"Chosen and Byrds","floor":27,"turns":4},{"damage":45,"enemies":"Sentry and Sphere","floor":28,"turns":7},{"damage":7,"enemies":"Centurion and Healer","floor":29,"turns":4},{"damage":20,"enemies":"Snecko","floor":30,"turns":5},{"damage":44,"enemies":"Champ","floor":33,"turns":6}],"seed_played":"-5659889259192007514","potions_obtained":[{"floor":1,"key":"BloodPotion"},{"floor":7,"key":"Weak Potion"},{"floor":11,"key":"Weak Potion"}],"is_trial":false,"path_per_floor":["M","?","$","?","M","R","M","M","T","R","M","$","R","?","R","B",null,"M","?","M","?","M","R","M","M","T","M","M","M","M","?","R"],"character_chosen":"IRONCLAD","items_purchased":["Fire Breathing","Fire Breathing"],"campfire_rested":2,"item_purchase_floors":[3,12],"current_hp_per_floor":[80,73,73,53,55,55,61,45,45,45,45,45,45,45,69,75,80,71,31,13,80,78,78,63,64,64,65,26,25,19,19,43,0],"gold":427,"neow_bonus":"RANDOM_COMMON_RELIC","is_prod":false,"is_daily":false,"chose_seed":false,"campfire_upgraded":4,"win_rate":0,"timestamp":1539396210,"path_taken":["M","?","?","?","M","R","?","M","T","R","M","$","R","?","R","BOSS","M","?","?","?","M","R","M","M","T","M","M","M","M","?","R","BOSS"],"build_version":"2018-10-11","purchased_purges":0,"victory":false,"max_hp_per_floor":[80,80,80,80,80,80,80,80,80,80,80,80,80,80,80,80,80,80,80,80,80,80,80,80,80,80,80,80,80,80,80,80,80],"card_choices":[{"not_picked":["Searing Blow","Pommel Strike"],"picked":"Flex","floor":1},{"not_picked":["Bloodletting","Heavy Blade"],"picked":"Thunderclap","floor":5},{"not_picked":["Intimidate","Searing Blow"],"picked":"Anger","floor":7},{"not_picked":["Heavy Blade","Flame Barrier"],"picked":"Pommel Strike","floor":8},{"not_picked":["Perfected Strike","Seeing Red"],"picked":"Twin Strike","floor":11},{"not_picked":["Armaments","Cleave"],"picked":"Anger","floor":15},{"not_picked":["Reaper","Feed"],"picked":"Limit Break","floor":16},{"not_picked":["Iron Wave","Shrug It Off+1"],"picked":"Headbutt","floor":18},{"not_picked":["Armaments","Reckless Charge"],"picked":"Flex+1","floor":20},{"not_picked":["Feed","Twin Strike","Body Slam+1"],"picked":"SKIP","floor":22},{"not_picked":["Clothesline","True Grit"],"picked":"Heavy Blade","floor":24},{"not_picked":["Reckless Charge","Clothesline"],"picked":"Shrug It Off+1","floor":25},{"not_picked":["Anger","Spot Weakness"],"picked":"Demon Form","floor":27},{"not_picked":["Thunderclap","Iron Wave+1"],"picked":"Headbutt","floor":28},{"not_picked":["Dual Wield","Clash+1"],"picked":"Spot Weakness+1","floor":29},{"not_picked":["Pommel Strike","Power Through"],"picked":"Rage+1","floor":30}],"player_experience":25317,"relics_obtained":[{"floor":9,"key":"Shuriken"},{"floor":26,"key":"Paper Frog"}],"event_choices":[{"event_name":"Golden Wing","player_choice":"Card Removal","floor":2,"damage_taken":0},{"event_name":"Golden Idol","player_choice":"Take Damage","floor":4,"damage_taken":0},{"event_name":"Scrap Ooze","player_choice":"unsuccessful","floor":14,"damage_taken":0},{"event_name":"Colosseum","player_choice":"Fight","floor":19,"damage_taken":0},{"event_name":"Colosseum","player_choice":"Fled From Nobs","floor":19,"damage_taken":0},{"event_name":"Wheel of Change","player_choice":"Full Heal","floor":21,"damage_taken":0},{"event_name":"Back to Basics","player_choice":"Simplicity","floor":31,"damage_taken":0}],"is_beta":false,"boss_relics":[{"not_picked":["Mark of Pain","Runic Cube"],"picked":"Sozu"}],"items_purged_floors":[],"is_endless":false,"potions_floor_spawned":[1,7,11,16,18,20,25,27,30],"killed_by":"Champ","ascension_level":0}