{"gold_per_floor":[113,14,14,33,33,33,33,33,33,33,33,33,33,48,48,144,144,160,160,171,182,44,44,61,61,61,61,72,72,72,72],"floor_reached":31,"playtime":1780,"items_purged":["Defend_G","Strike_G"],"score":277,"play_id":"5343f80e-1422-447e-bf49-5d079d939543","local_time":"20181014180617","is_ascension_mode":true,"campfire_choices":[{"data":"Deadly Poison","floor":6,"key":"SMITH"},{"data":"Neutralize","floor":8,"key":"SMITH"},{"data":"Backflip","floor":11,"key":"SMITH"},{"data":"PiercingWail","floor":13,"key":"SMITH"},{"data":"Blur","floor":15,"key":"SMITH"},{"data":"Deadly Poison","floor":23,"key":"SMITH"},{"floor":25,"key":"REST"}],"neow_cost":"","seed_source_timestamp":182028388924849,"circlet_count":0,"master_deck":["Defend_G","Defend_G","Defend_G","Defend_G","Strike_G","Strike_G","Strike_G+1","Survivor+1","Neutralize+1","Backflip+1","PiercingWail+1","Deadly Poison+1","Blur+1","Outmaneuver","Acrobatics","Deadly Poison+1","Well Laid Plans","Leg Sweep","Dodge and Roll+1"],"relics":["Ring of the Snake","Regal Pillow","Matryoshka","Kunai","Lizard Tail","MutagenicStrength","Blood Vial","Bag of Marbles"],"potions_floor_usage":[16,20,24,30],"damage_taken":[{"damage":6,"enemies":"Cultist","floor":1,"turns":5},{"damage":4,"enemies":"Jaw Worm","floor":4,"turns":5},{"damage":0,"enemies":"2 Louse","floor":14,"turns":2},{"damage":10,"enemies":"The Guardian","floor":16,"turns":11},{"damage":0,"enemies":"Shell Parasite","floor":18,"turns":7},{"damage":26,"enemies":"2 Thieves","floor":20,"turns":5},{"damage":15,"enemies":"Centurion and Healer","floor":21,"turns":13},{"damage":23,"enemies":"Snake Plant","floor":24,"turns":5},{"damage":12,"enemies":"Snecko","floor":28,"turns":6},{"damage":22,"enemies":"Gremlin Leader","floor":30,"turns":7},{"damage":33,"enemies":"Cultist and Chosen","floor":31,"turns":5}],"seed_played":"5133258942787448840","potions_obtained":[{"floor":3,"key":"PowerPotion"},{"floor":3,"key":"Ancient Potion"},{"floor":3,"key":"Explosive Potion"},{"floor":14,"key":"PowerPotion"},{"floor":16,"key":"Weak Potion"},{"floor":20,"key":"SmokeBomb"}],"is_trial":false,"path_per_floor":["M","$","?","M","?","R","?","R","T","?","R","?","R","M","R","B",null,"M","?","M","M","$","R","M","R","T","?","M","?","E"],"character_chosen":"THE_SILENT","items_purchased":["PiercingWail","Well Laid Plans"],"campfire_rested":1,"item_purchase_floors":[2,22],"current_hp_per_floor":[64,64,64,60,46,46,46,46,46,39,39,39,39,39,39,29,70,70,70,44,29,29,29,6,42,42,42,32,32,12,35],"gold":72,"neow_bonus":"","is_prod":false,"is_daily":false,"chose_seed":false,"campfire_upgraded":6,"win_rate":0,"timestamp":1539533177,"path_taken":["M","$","?","M","?","R","?","R","T","?","R","?","R","M","R","BOSS","M","?","M","M","$","R","M","R","T","?","?","?","E","M"],"build_version":"2018-10-11","purchased_purges":2,"victory":false,"max_hp_per_floor":[70,70,70,70,70,70,70,70,70,70,70,70,70,70,70,70,70,70,70,70,70,70,70,70,70,70,70,70,70,70,70],"card_choices":[{"not_picked":["Dagger Spray","Quick Slash"],"picked":"Backflip","floor":1},{"not_picked":["Heel Hook","Dagger Spray"],"picked":"Deadly Poison","floor":4},{"not_picked":["Sucker Punch","Flying Knee"],"picked":"Blur","floor":14},{"not_picked":["Concentrate","Backflip"],"picked":"Outmaneuver","floor":18},{"not_picked":["Terror","Slice"],"picked":"Acrobatics","floor":20},{"not_picked":["Infinite Blades+1","Skewer"],"picked":"Deadly Poison","floor":21},{"not_picked":["Backflip","Sucker Punch"],"picked":"Leg Sweep","floor":24},{"not_picked":["Deflect","Cloak And Dagger"],"picked":"Dodge and Roll+1","floor":28}],"player_experience":184019,"relics_obtained":[{"floor":9,"key":"Matryoshka"},{"floor":26,"key":"Blood Vial"},{"floor":26,"key":"Bag of Marbles"}],"event_choices":[{"event_name":"The Lab","player_choice":"Got Potions","floor":3,"damage_taken":0},{"event_name":"Shining Light","player_choice":"Entered Light","floor":5,"damage_taken":0},{"event_name":"WeMeetAgain","player_choice":"Potion","floor":7,"damage_taken":0},{"event_name":"Scrap Ooze","player_choice":"success","floor":10,"damage_taken":7},{"event_name":"The Cleric","player_choice":"Leave","floor":12,"damage_taken":0},{"event_name":"Drug Dealer","player_choice":"Inject Mutagens","floor":19,"damage_taken":0},{"event_name":"Vampires","player_choice":"Ignored","floor":27,"damage_taken":0},{"event_name":"Back to Basics","player_choice":"Elegance","floor":29,"damage_taken":0}],"is_beta":false,"boss_relics":[{"not_picked":["Black Star","Fusion Hammer"],"picked":"Lizard Tail"}],"items_purged_floors":[2,22],"is_endless":false,"potions_floor_spawned":[4,14,16,20,21],"killed_by":"Cultist and Chosen","ascension_level":3}