{"gold_per_floor":[119,119,119,34,50,50,75,75,75,109,73,84,95,111,111,207,207,219,144,158,3,0,0,0,0,27,45,64,64,93,112,112,217,217,235,235,254,254,274,274,274],"floor_reached":41,"playtime":2309,"items_purged":[],"score":595,"play_id":"be008d18-aff2-4b9b-9e38-17626d688572","local_time":"20181018210513","is_ascension_mode":true,"campfire_choices":[{"data":"Metallicize","floor":6.0,"key":"SMITH"},{"floor":15,"key":"REST"},{"data":"Barricade","floor":23,"key":"SMITH"},{"data":"Spot Weakness","floor":25,"key":"SMITH"},{"data":"Body Slam","floor":29,"key":"SMITH"},{"floor":32,"key":"REST"},{"floor":40,"key":"REST"}],"neow_cost":"NONE","seed_source_timestamp":0,"circlet_count":0,"master_deck":["Strike_R","Strike_R","Strike_R","Strike_R","Defend_R","Defend_R+1","Defend_R","Bash","True Grit+1","Spot Weakness+1","Wild Strike","Metallicize+1","Body Slam+1","Rage","Body Slam","Clothesline","Barricade+1","Heavy Blade+1","Shame","Iron Wave","Rage","Seeing Red+1","Whirlwind+1","Thunderclap+1"],"special_seed":0,"relics":["Burning Blood","Bag of Preparation","Ginger","Champion Belt","Kunai","Cursed Key","Red Skull","Anchor","Ice Cream","Velvet Choker"],"potions_floor_usage":[10,16,16,28,41,41],"damage_taken":[{"damage":3.0,"enemies":"Small Slimes","floor":1.0,"turns":3.0},{"damage":4.0,"enemies":"2 Louse","floor":5.0,"turns":2.0},{"damage":30.0,"enemies":"3 Sentries","floor":7.0,"turns":9.0},{"damage":31,"enemies":"Lagavulin","floor":10,"turns":8},{"damage":0,"enemies":"Cultist","floor":12,"turns":4},{"damage":3,"enemies":"Looter","floor":13,"turns":3},{"damage":14,"enemies":"2 Fungi Beasts","floor":14,"turns":4},{"damage":30,"enemies":"Hexaghost","floor":16,"turns":10},{"damage":6,"enemies":"Shell Parasite","floor":18,"turns":7},{"damage":27,"enemies":"Spheric Guardian","floor":20,"turns":6},{"damage":1,"enemies":"Snake Plant","floor":27,"turns":2},{"damage":23,"enemies":"Sentry and Sphere","floor":28,"turns":8},{"damage":45,"enemies":"Book of Stabbing","floor":30,"turns":6},{"damage":0,"enemies":"Cultist and Chosen","floor":31,"turns":4},{"damage":0,"enemies":"Champ","floor":33,"turns":8},{"damage":57,"enemies":"3 Darklings","floor":35,"turns":8},{"damage":19,"enemies":"3 Shapes","floor":37,"turns":5},{"damage":0,"enemies":"Reptomancer","floor":39,"turns":3},{"damage":77,"enemies":"Giant Head","floor":41,"turns":7}],"seed_played":"-8829119631418027145","potions_obtained":[{"floor":5.0,"key":"SpeedPotion"},{"floor":13,"key":"LiquidBronze"},{"floor":14,"key":"SpeedPotion"},{"floor":18,"key":"Swift Potion"},{"floor":30,"key":"AttackPotion"},{"floor":33,"key":"Fire Potion"}],"is_trial":false,"path_per_floor":["M","?","?","$","M","R","E","?","T","E","$","M","M","M","R","B",null,"M","?","M","$","?","R","?","R","T","M","M","R","E","M","R","B",null,"M","?","M","?","M","R"],"character_chosen":"IRONCLAD","items_purchased":["Spot Weakness","Wild Strike","Rage","Red Skull"],"campfire_rested":3,"item_purchase_floors":[4,4,11,21],"current_hp_per_floor":[80,64,64,64,66,66,42,42,42,17,17,23,26,18,42,18,80,80,80,59,59,59,59,59,59,59,64,47,47,8,14,38,44,80,29,29,16,16,22,46,0],"gold":274,"neow_bonus":"RANDOM_COMMON_RELIC","is_prod":false,"is_daily":false,"chose_seed":false,"campfire_upgraded":4,"win_rate":0,"timestamp":1539889513,"path_taken":["M","?","?","?","M","R","E","?","T","E","$","M","M","?","R","BOSS","M","?","M","$","?","R","?","R","T","?","M","R","E","M","R","BOSS","M","?","M","?","?","R","E"],"build_version":"2018-10-11","purchased_purges":0,"victory":false,"max_hp_per_floor":[80,80,80,80,80,80,80,80,80,80,80,80,80,80,80,80,80,80,80,80,80,80,80,80,80,80,80,80,80,80,80,80,80,80,80,80,80,80,80,80,80],"card_choices":[{"not_picked":["Armaments","Havoc"],"picked":"True Grit","floor":1.0},{"not_picked":["Sword Boomerang","Armaments"],"picked":"Metallicize","floor":5.0},{"not_picked":["Berserk","Armaments","Havoc"],"picked":"SKIP","floor":7},{"not_picked":["Juggernaut","Flex"],"picked":"Body Slam","floor":10},{"not_picked":["Wild Strike","Uppercut"],"picked":"Body Slam","floor":12},{"not_picked":["Havoc","Whirlwind"],"picked":"Clothesline","floor":13},{"not_picked":["Havoc","Clothesline","Perfected Strike"],"picked":"SKIP","floor":14},{"not_picked":["Dark Embrace","Fiend Fire"],"picked":"Barricade","floor":16},{"not_picked":["Entrench","Headbutt"],"picked":"Heavy Blade+1","floor":18},{"not_picked":["Carnage","Armaments","Clothesline"],"picked":"SKIP","floor":20},{"not_picked":["Thunderclap","Armaments"],"picked":"Iron Wave","floor":27},{"not_picked":["Anger","Havoc+1"],"picked":"Rage","floor":28},{"not_picked":["Second Wind","Wild Strike","True Grit"],"picked":"SKIP","floor":30},{"not_picked":["True Grit","Wild Strike"],"picked":"Seeing Red+1","floor":31},{"not_picked":["Anger","Armaments+1"],"picked":"Whirlwind+1","floor":35},{"not_picked":["Clothesline","Blood for Blood+1"],"picked":"Thunderclap+1","floor":37},{"not_picked":["Burning Pact","Shockwave+1","Rupture+1"],"picked":"SKIP","floor":39}],"player_experience":205418,"relics_obtained":[{"floor":7,"key":"Ginger"},{"floor":9,"key":"Champion Belt"},{"floor":10,"key":"Kunai"},{"floor":26,"key":"Anchor"},{"floor":30,"key":"Ice Cream"}],"event_choices":[{"event_name":"Shining Light","player_choice":"Entered Light","floor":2.0,"damage_taken":0.0},{"event_name":"Living Wall","player_choice":"Grow","floor":3.0,"damage_taken":0.0},{"event_name":"Golden Idol","player_choice":"Ignored","floor":8,"damage_taken":0},{"event_name":"Beggar","player_choice":"Gave Gold","floor":19,"damage_taken":0},{"event_name":"Masked Bandits","player_choice":"Paid Fearfully","floor":22,"damage_taken":0},{"event_name":"The Mausoleum","player_choice":"No","floor":24,"damage_taken":0},{"event_name":"Falling","player_choice":"Removed Skill","floor":36,"damage_taken":0},{"event_name":"SensoryStone","player_choice":"Memory 1","floor":38,"damage_taken":0}],"is_beta":false,"boss_relics":[{"not_picked":["Pandora\u0027s Box","Calling Bell"],"picked":"Cursed Key"},{"not_picked":["Black Star","Runic Cube"],"picked":"Velvet Choker"}],"items_purged_floors":[],"is_endless":false,"potions_floor_spawned":[5,13,14,18,30,33],"killed_by":"Giant Head","ascension_level":4}