{"gold_per_floor":[115,190,190,30,42,42,66,28,28,44,44,44,44,9,9,9],"floor_reached":16,"playtime":302,"items_purged":["Regret"],"score":86,"play_id":"fe003320-535c-4c9d-b451-7521702cf28f","local_time":"20190511223127","is_ascension_mode":false,"campfire_choices":[{"data":"Hologram","floor":6,"key":"SMITH"},{"floor":12,"key":"REST"},{"data":"Zap","floor":15,"key":"SMITH"}],"neow_cost":"NONE","seed_source_timestamp":444077725434440,"circlet_count":0,"master_deck":["Strike_B","Strike_B","Strike_B","Strike_B","Defend_B","Defend_B","Defend_B","Defend_B","Zap+1","Dualcast","Shame","Shame","Hologram+1","Gash","Gash"],"relics":["Calling Bell","Juzu Bracelet","The Courier","Bird Faced Urn","Membership Card","Odd Mushroom","Shuriken"],"potions_floor_usage":[16],"damage_taken":[{"damage":10,"enemies":"Cultist","floor":1,"turns":4},{"damage":4,"enemies":"2 Louse","floor":5,"turns":3},{"damage":50,"enemies":"The Mushroom Lair","floor":7,"turns":7},{"damage":1,"enemies":"Jaw Worm","floor":10,"turns":4},{"damage":49,"enemies":"The Guardian","floor":16,"turns":7}],"seed_played":"8235135029011388041","potions_obtained":[{"floor":5,"key":"Swift Potion"},{"floor":10,"key":"Fire Potion"}],"is_trial":false,"path_per_floor":["M","?","?","$","M","R","?","$","T","M","$","R","?","?","R","B"],"character_chosen":"DEFECT","items_purchased":["Membership Card"],"campfire_rested":1,"item_purchase_floors":[4],"current_hp_per_floor":[65,54,59,59,55,55,5,5,5,4,4,28,28,48,48,0],"gold":9,"neow_bonus":"BOSS_RELIC","is_prod":false,"is_daily":false,"chose_seed":false,"campfire_upgraded":2,"win_rate":0,"timestamp":1557628287,"path_taken":["M","?","?","$","M","R","?","$","T","M","?","R","?","?","R","BOSS"],"build_version":"2019-01-23","purchased_purges":1,"victory":false,"max_hp_per_floor":[75,75,80,80,80,80,80,80,80,80,80,80,80,80,80,80],"card_choices":[{"not_picked":["Go for the Eyes","Darkness","Sunder"],"picked":"SKIP","floor":1},{"not_picked":["Fusion","Blizzard"],"picked":"Hologram","floor":5},{"not_picked":["Tempest","Turbo"],"picked":"Gash","floor":7},{"not_picked":["Auto Shields","Melter"],"picked":"Gash","floor":10}],"player_experience":135960,"relics_obtained":[{"floor":0,"key":"Juzu Bracelet"},{"floor":0,"key":"The Courier"},{"floor":0,"key":"Bird Faced Urn"},{"floor":7,"key":"Odd Mushroom"},{"floor":9,"key":"Shuriken"}],"event_choices":[{"damage_healed":0,"gold_gain":75,"player_choice":"Gather Gold","damage_taken":11,"max_hp_gain":0,"max_hp_loss":0,"event_name":"World of Goop","floor":2,"gold_loss":0},{"damage_healed":0,"gold_gain":0,"player_choice":"Donut","damage_taken":0,"max_hp_gain":5,"max_hp_loss":0,"event_name":"Big Fish","floor":3,"gold_loss":0},{"damage_healed":0,"gold_gain":0,"player_choice":"Fought Mushrooms","damage_taken":0,"max_hp_gain":0,"max_hp_loss":0,"event_name":"Mushrooms","floor":7,"gold_loss":0},{"damage_healed":0,"gold_gain":0,"player_choice":"Ignored","damage_taken":0,"max_hp_gain":0,"max_hp_loss":0,"event_name":"Liars Game","floor":13,"gold_loss":0},{"damage_healed":20,"gold_gain":0,"player_choice":"Healed","damage_taken":0,"max_hp_gain":0,"max_hp_loss":0,"event_name":"The Cleric","floor":14,"gold_loss":35}],"is_beta":false,"boss_relics":[],"items_purged_floors":[8],"is_endless":false,"potions_floor_spawned":[5,10],"killed_by":"The Guardian","ascension_level":0}