{"gold_per_floor":[110,110,23,47,61,61,99,50,50,50,63,63,63,88,88,219,219,232,79,79,79,103,103,171,194,221,221,241,256,296,40,40,160,160,178,78,203,217,217,217,255,255,255,255,290,303,303,328,328,328,328,328,31,71,71],"floor_reached":55,"playtime":2590,"items_purged":["Strike_G","Strike_G"],"score":738,"play_id":"3b86013d-9ba2-4954-8e4d-44139be1b026","local_time":"20190505192717","is_ascension_mode":false,"campfire_choices":[{"data":"Neutralize","floor":6,"key":"SMITH"},{"data":"Poisoned Stab","floor":10,"key":"SMITH"},{"data":"Deadly Poison","floor":12,"key":"SMITH"},{"data":"PiercingWail","floor":15,"key":"SMITH"},{"floor":23,"key":"REST"},{"floor":32,"key":"REST"},{"floor":40,"key":"RECALL"},{"floor":42,"key":"REST"},{"data":"Crippling Poison","floor":47,"key":"SMITH"},{"floor":49,"key":"REST"},{"data":"Noxious Fumes","floor":52,"key":"SMITH"}],"neow_cost":"NONE","seed_source_timestamp":17441381891199,"circlet_count":0,"master_deck":["Defend_G","Defend_G","Defend_G+1","Defend_G","Survivor+1","Neutralize+1","Deflect","Poisoned Stab+1","Acrobatics","Dodge and Roll","Deadly Poison+1","PiercingWail+1","Die Die Die","Calculated Gamble+1","Predator+1","Caltrops+1","Cloak And Dagger+1","Crippling Poison+1","Noxious Fumes+1","Noxious Fumes","Footwork","Leg Sweep","PiercingWail+1","Footwork","Footwork+1","Backflip","Wraith Form v2","Poisoned Stab+1","Backflip+1","Noxious Fumes","PiercingWail+1"],"relics":["Ring of the Snake","NeowsBlessing","Golden Idol","Ornamental Fan","Bag of Preparation","Prayer Wheel","Astrolabe","Enchiridion","Tiny Chest","Strawberry","Regal Pillow","War Paint","MealTicket","Busted Crown","The Specimen","Molten Egg 2","Meat on the Bone","Thread and Needle","Letter Opener"],"potions_floor_usage":[14,16,24,33,33,37,54,55,55],"damage_taken":[{"damage":0,"enemies":"Jaw Worm","floor":1,"turns":1},{"damage":0,"enemies":"Cultist","floor":4,"turns":1},{"damage":0,"enemies":"Small Slimes","floor":5,"turns":1},{"damage":15,"enemies":"3 Sentries","floor":7,"turns":10},{"damage":9,"enemies":"Exordium Wildlife","floor":11,"turns":5},{"damage":0,"enemies":"Blue Slaver","floor":14,"turns":3},{"damage":10,"enemies":"Hexaghost","floor":16,"turns":9},{"damage":10,"enemies":"Spheric Guardian","floor":18,"turns":5},{"damage":17,"enemies":"2 Thieves","floor":22,"turns":5},{"damage":21,"enemies":"Book of Stabbing","floor":24,"turns":7},{"damage":11,"enemies":"Centurion and Healer","floor":25,"turns":6},{"damage":12,"enemies":"Cultist and Chosen","floor":28,"turns":6},{"damage":6,"enemies":"Chosen and Byrds","floor":29,"turns":6},{"damage":4,"enemies":"Gremlin Leader","floor":30,"turns":9},{"damage":23,"enemies":"Collector","floor":33,"turns":9},{"damage":43,"enemies":"3 Shapes","floor":35,"turns":4},{"damage":19,"enemies":"Mind Bloom Boss Battle","floor":37,"turns":7},{"damage":4,"enemies":"Orb Walker","floor":38,"turns":4},{"damage":14,"enemies":"Reptomancer","floor":41,"turns":6},{"damage":0,"enemies":"Giant Head","floor":45,"turns":11},{"damage":24,"enemies":"Jaw Worm Horde","floor":46,"turns":5},{"damage":22,"enemies":"Maw","floor":48,"turns":9},{"damage":13,"enemies":"Donu and Deca","floor":50,"turns":10},{"damage":25,"enemies":"Shield and Spear","floor":54,"turns":8},{"damage":57,"enemies":"The Heart","floor":55,"turns":11}],"seed_played":"-4990533524547255593","potions_obtained":[{"floor":4,"key":"SkillPotion"},{"floor":14,"key":"Fruit Juice"},{"floor":18,"key":"FearPotion"},{"floor":22,"key":"AttackPotion"},{"floor":29,"key":"SpeedPotion"},{"floor":33,"key":"PowerPotion"},{"floor":37,"key":"SpeedPotion"},{"floor":41,"key":"Dexterity Potion"}],"is_trial":false,"path_per_floor":["M","?","?","M","M","R","E","$","T","R","M","R","?","M","R","B",null,"M","$","?","?","M","R","E","M","T","T","M","M","E","$","R","B",null,"M","$","?","M","?","R","E","R","T","?","E","M","R","M","R","B",null,"R","$","E","B"],"character_chosen":"THE_SILENT","items_purchased":["Dodge and Roll","Noxious Fumes","Fire Potion","MealTicket","Thread and Needle"],"campfire_rested":4,"item_purchase_floors":[8,19,31,31,53],"current_hp_per_floor":[70,53,53,53,53,53,38,38,38,38,29,29,29,34,34,24,75,65,65,49,49,32,54,33,22,29,29,17,11,7,7,46,23,82,39,54,35,31,31,31,17,56,56,56,56,44,44,34,73,60,82,82,82,57,0],"gold":71,"neow_bonus":"THREE_ENEMY_KILL","is_prod":false,"is_daily":false,"chose_seed":false,"campfire_upgraded":6,"win_rate":0,"timestamp":1557098837,"path_taken":["M","?","?","M","?","R","E","$","T","R","M","R","?","M","R","BOSS","M","$","?","?","M","R","E","M","T","?","?","M","E","?","R","BOSS","M","$","?","M","?","R","E","R","T","?","E","M","R","M","R","BOSS","R","$","E","BOSS"],"build_version":"2019-01-23","purchased_purges":2,"victory":false,"max_hp_per_floor":[70,70,70,70,70,70,70,70,70,70,70,70,70,75,75,75,75,75,75,75,75,75,75,75,75,82,82,82,82,82,82,82,82,82,82,82,82,82,82,82,82,82,82,82,82,82,82,82,82,82,82,82,82,82,82],"card_choices":[{"not_picked":["Terror","Prepared"],"picked":"Deflect","floor":1},{"not_picked":["Slice","Prepared"],"picked":"Infinite Blades","floor":4},{"not_picked":["Outmaneuver","PiercingWail"],"picked":"Poisoned Stab","floor":5},{"not_picked":["All Out Attack","Underhanded Strike"],"picked":"Acrobatics","floor":7},{"not_picked":["Cloak And Dagger","All Out Attack"],"picked":"Deadly Poison","floor":11},{"not_picked":["Acrobatics","Bane","Reflex"],"picked":"SKIP","floor":11},{"not_picked":["Escape Plan","Flying Knee"],"picked":"PiercingWail","floor":14},{"not_picked":["Acrobatics","Underhanded Strike","Dagger Throw"],"picked":"SKIP","floor":14},{"not_picked":["Venomology","Envenom"],"picked":"Die Die Die","floor":16},{"not_picked":["Blade Dance","Deflect"],"picked":"Cloak And Dagger+1","floor":18},{"not_picked":["Bane","Prepared"],"picked":"Crippling Poison","floor":18},{"not_picked":["Escape Plan","Sucker Punch"],"picked":"Footwork","floor":22},{"not_picked":["Cloak And Dagger","Quick Slash+1","Flying Knee"],"picked":"SKIP","floor":22},{"not_picked":["Eviscerate","Poisoned Stab","Endless Agony+1"],"picked":"SKIP","floor":24},{"not_picked":["All Out Attack","Deflect+1"],"picked":"Leg Sweep","floor":25},{"not_picked":["Dagger Spray","Distraction"],"picked":"PiercingWail+1","floor":25},{"not_picked":["Escape Plan","Flechettes"],"picked":"Footwork","floor":28},{"not_picked":["Infinite Blades","Flying Knee","Blur"],"picked":"SKIP","floor":28},{"not_picked":["Dodge and Roll","Deflect"],"picked":"Footwork+1","floor":29},{"not_picked":["Accuracy+1","Slice"],"picked":"Backflip","floor":29},{"not_picked":["Dagger Spray+1","Prepared+1","Quick Slash"],"picked":"SKIP","floor":30},{"not_picked":["After Image","Night Terror"],"picked":"Wraith Form v2","floor":33},{"not_picked":["Cloak And Dagger"],"picked":"SKIP","floor":35},{"not_picked":["Outmaneuver"],"picked":"SKIP","floor":35},{"not_picked":[],"picked":"Poisoned Stab+1","floor":37},{"not_picked":["Dagger Throw+1"],"picked":"SKIP","floor":38},{"not_picked":["Predator"],"picked":"SKIP","floor":38},{"not_picked":[],"picked":"Backflip+1","floor":41},{"not_picked":[],"picked":"Noxious Fumes","floor":45},{"not_picked":[],"picked":"PiercingWail+1","floor":46},{"not_picked":["Deflect+1"],"picked":"SKIP","floor":46},{"not_picked":["Underhanded Strike+1"],"picked":"SKIP","floor":48},{"not_picked":["Underhanded Strike+1"],"picked":"SKIP","floor":48},{"not_picked":["Masterful Stab+1"],"picked":"SKIP","floor":54}],"player_experience":100896,"relics_obtained":[{"floor":7,"key":"Bag of Preparation"},{"floor":9,"key":"Prayer Wheel"},{"floor":20,"key":"Enchiridion"},{"floor":24,"key":"Tiny Chest"},{"floor":26,"key":"Strawberry"},{"floor":27,"key":"Regal Pillow"},{"floor":30,"key":"War Paint"},{"floor":37,"key":"The Specimen"},{"floor":41,"key":"Molten Egg 2"},{"floor":45,"key":"Meat on the Bone"},{"floor":54,"key":"Letter Opener"}],"event_choices":[{"damage_healed":0,"gold_gain":0,"player_choice":"Take Damage","damage_taken":17,"relics_obtained":["Golden Idol"],"max_hp_gain":0,"max_hp_loss":0,"event_name":"Golden Idol","floor":2,"gold_loss":0},{"damage_healed":0,"gold_gain":0,"player_choice":"Paid Gold","damage_taken":0,"relics_obtained":["Ornamental Fan"],"max_hp_gain":0,"max_hp_loss":0,"event_name":"WeMeetAgain","floor":3,"gold_loss":87},{"cards_removed":["Strike_G"],"damage_healed":0,"gold_gain":0,"player_choice":"Forget","damage_taken":0,"max_hp_gain":0,"max_hp_loss":0,"event_name":"Living Wall","floor":13,"gold_loss":0},{"damage_healed":0,"gold_gain":0,"player_choice":"Obtained Book","damage_taken":16,"max_hp_gain":0,"max_hp_loss":0,"event_name":"Cursed Tome","floor":20,"gold_loss":0},{"damage_healed":0,"gold_gain":0,"player_choice":"Read","damage_taken":0,"max_hp_gain":0,"max_hp_loss":0,"event_name":"The Library","floor":21,"gold_loss":0,"cards_obtained":["Noxious Fumes"]},{"damage_healed":0,"gold_gain":0,"player_choice":"Fight","damage_taken":0,"max_hp_gain":0,"max_hp_loss":0,"event_name":"MindBloom","floor":37,"gold_loss":0},{"cards_removed":["Infinite Blades"],"damage_healed":0,"gold_gain":0,"player_choice":"Removed Power","damage_taken":0,"max_hp_gain":0,"max_hp_loss":0,"event_name":"Falling","floor":39,"gold_loss":0},{"damage_healed":0,"gold_gain":0,"player_choice":"Ignored","damage_taken":0,"max_hp_gain":0,"max_hp_loss":0,"event_name":"Tomb of Lord Red Mask","floor":44,"gold_loss":0}],"is_beta":false,"boss_relics":[{"not_picked":["Runic Dome","Ectoplasm"],"picked":"Astrolabe"},{"not_picked":["Snecko Eye","Black Star"],"picked":"Busted Crown"}],"items_purged_floors":[19,36],"is_endless":false,"potions_floor_spawned":[4,14,18,22,29,33,37,41,48],"killed_by":"The Heart","ascension_level":0}