{"gold_per_floor":[116,116,116,129,89,89,122,140,140,175,175,195,226,240,240,240],"floor_reached":16,"playtime":520,"items_purged":[],"score":240,"play_id":"61043944-8bb3-4791-a813-daf0c8d310bf","local_time":"20190330181636","is_ascension_mode":true,"campfire_choices":[{"data":"Defragment","floor":6,"key":"SMITH"},{"floor":11,"key":"REST"},{"floor":15,"key":"DIG"}],"neow_cost":"NONE","seed_source_timestamp":75384484403044,"circlet_count":0,"master_deck":["AscendersBane","Strike_B","Strike_B","Strike_B","Strike_B","Defend_B","Defend_B","Defend_B","Defend_B","Zap","Dualcast","Defragment","Defragment+1","Go for the Eyes","Doom and Gloom","Tempest","Sweeping Beam","Leap","Leap","Compile Driver","Electrodynamics","Self Repair","Cold Snap"],"relics":["Cracked Core","Happy Flower","Dream Catcher","Prayer Wheel","Bag of Preparation","Meat on the Bone","WingedGreaves","Shovel","Ancient Tea Set"],"potions_floor_usage":[10],"damage_taken":[{"damage":7,"enemies":"Jaw Worm","floor":1,"turns":3},{"damage":0,"enemies":"2 Louse","floor":4,"turns":3},{"damage":20,"enemies":"Lagavulin","floor":7,"turns":6},{"damage":0,"enemies":"Cultist","floor":8,"turns":3},{"damage":14,"enemies":"3 Sentries","floor":10,"turns":5},{"damage":11,"enemies":"Exordium Thugs","floor":12,"turns":4},{"damage":29,"enemies":"Gremlin Nob","floor":13,"turns":4},{"damage":0,"enemies":"2 Fungi Beasts","floor":14,"turns":2},{"damage":43,"enemies":"Hexaghost","floor":16,"turns":9}],"seed_played":"7540379009385142346","potions_obtained":[{"floor":1,"key":"FocusPotion"},{"floor":7,"key":"Block Potion"},{"floor":13,"key":"FearPotion"}],"is_trial":false,"path_per_floor":["M","?","?","M","$","R","E","M","T","E","R","M","E","M","R","B"],"character_chosen":"DEFECT","items_purchased":["Doom and Gloom"],"campfire_rested":1,"item_purchase_floors":[5],"current_hp_per_floor":[57,46,46,46,46,46,26,26,26,24,45,46,29,41,41,0],"gold":240,"neow_bonus":"RANDOM_COMMON_RELIC","is_prod":false,"is_daily":false,"chose_seed":false,"campfire_upgraded":1,"win_rate":0,"timestamp":1553987796,"path_taken":["M","?","?","M","$","R","E","M","T","E","R","?","E","M","R","BOSS"],"build_version":"2019-01-23","purchased_purges":0,"victory":false,"max_hp_per_floor":[71,71,71,71,71,71,71,71,71,71,71,71,71,71,71,71],"card_choices":[{"not_picked":["Barrage","Hologram"],"picked":"Defragment","floor":1},{"not_picked":["Hologram","Leap"],"picked":"Defragment","floor":4},{"not_picked":["Stack","Rip and Tear"],"picked":"Go for the Eyes","floor":4},{"not_picked":["Turbo","Sweeping Beam"],"picked":"Tempest","floor":7},{"not_picked":["Consume","Compile Driver"],"picked":"Sweeping Beam","floor":8},{"not_picked":["Tempest","Stack"],"picked":"Leap","floor":8},{"not_picked":["Gash","Static Discharge"],"picked":"Leap","floor":10},{"not_picked":["Steam","Hologram"],"picked":"Compile Driver","floor":11},{"not_picked":["Barrage","Steam"],"picked":"Electrodynamics","floor":12},{"not_picked":["Rebound","Reprogram","Melter"],"picked":"SKIP","floor":12},{"not_picked":["Compile Driver","Gash","Stack"],"picked":"SKIP","floor":13},{"not_picked":["Rebound","Cold Snap"],"picked":"Self Repair","floor":14},{"not_picked":["Rebound","Thunder Strike"],"picked":"Cold Snap","floor":14}],"player_experience":1198721,"relics_obtained":[{"floor":7,"key":"Bag of Preparation"},{"floor":9,"key":"Meat on the Bone"},{"floor":10,"key":"WingedGreaves"},{"floor":13,"key":"Shovel"},{"floor":15,"key":"Ancient Tea Set"}],"event_choices":[{"damage_healed":0,"gold_gain":0,"player_choice":"Success","damage_taken":11,"relics_obtained":["Dream Catcher"],"max_hp_gain":0,"max_hp_loss":0,"event_name":"Scrap Ooze","floor":2,"gold_loss":0},{"damage_healed":0,"gold_gain":0,"player_choice":"Gave Potion","damage_taken":0,"relics_obtained":["Prayer Wheel"],"max_hp_gain":0,"max_hp_loss":0,"event_name":"WeMeetAgain","floor":3,"gold_loss":0}],"is_beta":false,"boss_relics":[],"items_purged_floors":[],"is_endless":false,"potions_floor_spawned":[1,7,13],"killed_by":"Hexaghost","ascension_level":20}