{"gold_per_floor":[18,18,18,32,46,46,72,84,84,96,108,131,168,180,192,282,294,280,292,41,60,1,1,19,54,80,80,130,140,240,290,290,364,364,383,383],"floor_reached":36,"playtime":2499,"items_purged":["Strike_B"],"score":830,"play_id":"41415dfe-8169-44f4-95d9-cccfebf08965","local_time":"20190504231228","is_ascension_mode":true,"campfire_choices":[{"data":"Cold Snap","floor":6,"key":"SMITH"},{"floor":11,"key":"REST"},{"data":"Defragment","floor":15,"key":"SMITH"},{"data":"Sweeping Beam","floor":23,"key":"SMITH"},{"floor":27,"key":"REST"},{"floor":32,"key":"REST"}],"neow_cost":"NO_GOLD","seed_source_timestamp":495383820533700,"circlet_count":0,"master_deck":["AscendersBane","Defend_B","Defend_B","Defend_B","Zap+1","Dualcast","Biased Cognition","Cold Snap+1","Compile Driver","Glacier","Coolheaded","Defragment+1","Hologram","Ball Lightning","Creative AI","Conserve Battery","Self Repair","Barrage","Sweeping Beam+1","Rebound","Doom and Gloom","Conserve Battery","Glacier","Core Surge","Amplify+1","Reprogram+1","Sweeping Beam+1"],"relics":["Cracked Core","Dream Catcher","MawBank","Shuriken","Boot","Black Star","Peace Pipe","Matryoshka","Pear","DataDisk","Nunchaku","Darkstone Periapt","Astrolabe"],"potions_floor_usage":[16,21,25,30,30,36],"damage_taken":[{"damage":1,"enemies":"Small Slimes","floor":1,"turns":3},{"damage":0,"enemies":"Cultist","floor":4,"turns":3},{"damage":0,"enemies":"2 Louse","floor":5,"turns":4},{"damage":6,"enemies":"Lagavulin","floor":7,"turns":7},{"damage":0,"enemies":"Exordium Thugs","floor":8,"turns":4},{"damage":1,"enemies":"2 Fungi Beasts","floor":12,"turns":4},{"damage":2,"enemies":"Gremlin Nob","floor":13,"turns":3},{"damage":2,"enemies":"Hexaghost","floor":16,"turns":10},{"damage":13,"enemies":"2 Thieves","floor":18,"turns":5},{"damage":23,"enemies":"Shell Parasite","floor":21,"turns":6},{"damage":11,"enemies":"Centurion and Healer","floor":24,"turns":10},{"damage":34,"enemies":"Book of Stabbing","floor":25,"turns":5},{"damage":9,"enemies":"Shelled Parasite and Fungi","floor":29,"turns":10},{"damage":13,"enemies":"Colosseum Slavers","floor":30,"turns":6},{"damage":43,"enemies":"Colosseum Nobs","floor":30,"turns":5},{"damage":19,"enemies":"Champ","floor":33,"turns":27},{"damage":22,"enemies":"3 Shapes","floor":35,"turns":9},{"damage":62,"enemies":"2 Orb Walkers","floor":36,"turns":5}],"seed_played":"-1508744874621682057","potions_obtained":[{"floor":7,"key":"FocusPotion"},{"floor":8,"key":"SmokeBomb"},{"floor":14,"key":"Poison Potion"},{"floor":16,"key":"Energy Potion"},{"floor":18,"key":"Regen Potion"},{"floor":25,"key":"Regen Potion"},{"floor":29,"key":"Energy Potion"},{"floor":35,"key":"SkillPotion"}],"is_trial":false,"path_per_floor":["M","?","$","M","M","R","E","M","T","?","R","M","E","?","R","B",null,"M","?","$","M","$","R","M","E","T","R","?","M","?","?","R","B",null,"M","?"],"character_chosen":"DEFECT","items_purchased":["Conserve Battery","Self Repair","Barrage","Sweeping Beam"],"campfire_rested":3,"item_purchase_floors":[20,20,20,22],"current_hp_per_floor":[63,63,63,63,63,63,57,57,57,12,33,32,30,30,30,28,60,47,47,47,46,46,46,49,15,25,49,49,47,20,20,44,32,69,61,0],"gold":383,"neow_bonus":"TRANSFORM_TWO_CARDS","is_prod":false,"is_daily":false,"chose_seed":false,"campfire_upgraded":3,"win_rate":0,"timestamp":1556979148,"path_taken":["M","?","?","M","?","R","E","M","T","?","R","M","E","?","R","BOSS","M","?","$","M","$","R","M","E","T","R","?","?","?","?","R","BOSS","M","?"],"build_version":"2019-01-23","purchased_purges":1,"victory":false,"max_hp_per_floor":[71,71,71,71,71,71,71,71,71,71,71,71,71,71,71,71,71,71,71,71,71,71,71,71,71,81,81,81,81,81,81,81,81,81,81,81],"card_choices":[{"not_picked":["Hologram","Static Discharge"],"picked":"Compile Driver","floor":1},{"not_picked":["Barrage","Darkness"],"picked":"Glacier","floor":4},{"not_picked":["Beam Cell","Chaos"],"picked":"Coolheaded","floor":5},{"not_picked":["Recycle","Static Discharge"],"picked":"All For One","floor":7},{"not_picked":["Sweeping Beam","Scrape"],"picked":"Defragment","floor":8},{"not_picked":["White Noise","Steam"],"picked":"Hologram","floor":11},{"not_picked":["Sunder","Cold Snap","Hello World"],"picked":"SKIP","floor":12},{"not_picked":["Leap","Reprogram"],"picked":"Ball Lightning","floor":13},{"not_picked":["Hyperbeam","Meteor Strike"],"picked":"Creative AI","floor":16},{"not_picked":["Stack","Barrage","Streamline"],"picked":"SKIP","floor":18},{"not_picked":["Stack","Fusion","Beam Cell"],"picked":"SKIP","floor":21},{"not_picked":["Sweeping Beam","Stack"],"picked":"Rebound","floor":24},{"not_picked":["Gash","Turbo","Thunder Strike"],"picked":"SKIP","floor":25},{"not_picked":["Go for the Eyes","Fusion+1"],"picked":"Doom and Gloom","floor":27},{"not_picked":["Compile Driver","Stack"],"picked":"Conserve Battery","floor":29},{"not_picked":["Turbo","Storm"],"picked":"Glacier","floor":30},{"not_picked":["Electrodynamics","Reboot"],"picked":"Core Surge","floor":33},{"not_picked":["Hello World","Go for the Eyes","Redo"],"picked":"SKIP","floor":35}],"player_experience":1227018,"relics_obtained":[{"floor":7,"key":"Dream Catcher"},{"floor":9,"key":"MawBank"},{"floor":13,"key":"Boot"},{"floor":25,"key":"Peace Pipe"},{"floor":25,"key":"Matryoshka"},{"floor":26,"key":"Pear"},{"floor":26,"key":"DataDisk"},{"floor":30,"key":"Nunchaku"},{"floor":30,"key":"Darkstone Periapt"}],"event_choices":[{"damage_healed":0,"gold_gain":0,"player_choice":"Upgraded","damage_taken":0,"max_hp_gain":0,"max_hp_loss":0,"event_name":"Upgrade Shrine","floor":2,"gold_loss":0,"cards_upgraded":["Zap"]},{"damage_healed":0,"gold_gain":0,"player_choice":"Success","damage_taken":45,"relics_obtained":["Shuriken"],"max_hp_gain":0,"max_hp_loss":0,"event_name":"Scrap Ooze","floor":10,"gold_loss":0},{"damage_healed":0,"gold_gain":0,"player_choice":"Got Potions","damage_taken":0,"max_hp_gain":0,"max_hp_loss":0,"event_name":"Lab","floor":14,"gold_loss":0},{"damage_healed":0,"gold_gain":0,"player_choice":"Ignored","damage_taken":0,"max_hp_gain":0,"max_hp_loss":0,"event_name":"Vampires","floor":19,"gold_loss":0},{"damage_healed":0,"gold_gain":50,"player_choice":"Pray","damage_taken":0,"max_hp_gain":0,"max_hp_loss":0,"event_name":"Golden Shrine","floor":28,"gold_loss":0},{"damage_healed":0,"gold_gain":0,"player_choice":"Fight","damage_taken":0,"max_hp_gain":0,"max_hp_loss":0,"event_name":"Colosseum","floor":30,"gold_loss":0},{"damage_healed":0,"gold_gain":0,"player_choice":"Fought Nobs","damage_taken":0,"max_hp_gain":0,"max_hp_loss":0,"event_name":"Colosseum","floor":30,"gold_loss":0},{"damage_healed":0,"gold_gain":50,"player_choice":"Stole From Cult","damage_taken":0,"max_hp_gain":0,"max_hp_loss":0,"event_name":"Nest","floor":31,"gold_loss":0},{"damage_healed":0,"gold_gain":0,"player_choice":"Fight","damage_taken":0,"max_hp_gain":0,"max_hp_loss":0,"event_name":"Mysterious Sphere","floor":36,"gold_loss":0}],"is_beta":false,"boss_relics":[{"not_picked":["Empty Cage","Nuclear Battery"],"picked":"Black Star"},{"not_picked":["FrozenCore","Pandora\u0027s Box"],"picked":"Astrolabe"}],"items_purged_floors":[20],"is_endless":false,"potions_floor_spawned":[7,8,16,18,25,29,35],"killed_by":"2 Orb Walkers","ascension_level":20}