{"gold_per_floor":[118,135,56,131,141,141,155,207,219,263,275,301,324,349,361,446,458,481,20,31,31,31,62,79,79,159,159,171,171,171,96,96,171,171,186,236,249,260,19,19,50,100,100,118,151,162,196,267,267,267],"floor_reached":50,"playtime":1905,"items_purged":[],"score":1129,"play_id":"c10cef14-c4c6-42ea-a072-c6e0dc0fb825","local_time":"20190316085018","is_ascension_mode":true,"campfire_choices":[{"data":"Wild Strike","floor":6.0,"key":"SMITH"},{"data":"Immolate","floor":11.0,"key":"SMITH"},{"data":"Shockwave","floor":15.0,"key":"SMITH"},{"data":"Bludgeon","floor":25.0,"key":"SMITH"},{"data":"True Grit","floor":29.0,"key":"SMITH"},{"data":"Shockwave","floor":32.0,"key":"SMITH"},{"floor":40.0,"key":"REST"},{"floor":49,"key":"REST"}],"neow_cost":"NONE","seed_source_timestamp":790501116935909,"circlet_count":0,"master_deck":["AscendersBane","Strike_R+1","Strike_R+1","Strike_R+1","Strike_R+1","Defend_R+1","Defend_R+1","Defend_R+1","Defend_R+1","Bash+1","True Grit+1","Wild Strike+1","Immolate+1","Shockwave+1","Bludgeon+1","Shrug It Off","Shockwave+1","Burning Pact+1","Evolve"],"special_seed":0,"relics":["Burning Blood","Orichalcum","MawBank","Blue Candle","Red Skull","Snecko Eye","HandDrill","Omamori","Turnip","Darkstone Periapt","Enchiridion","Busted Crown","Vajra","Regal Pillow","Bottled Tornado","Bird Faced Urn","Whetstone","Shuriken"],"potions_floor_usage":[47],"damage_taken":[{"damage":8.0,"enemies":"Jaw Worm","floor":1.0,"turns":3.0},{"damage":5.0,"enemies":"2 Louse","floor":2.0,"turns":3.0},{"damage":0.0,"enemies":"Small Slimes","floor":5.0,"turns":2.0},{"damage":0.0,"enemies":"Gremlin Gang","floor":7.0,"turns":4.0},{"damage":26.0,"enemies":"3 Sentries","floor":10.0,"turns":12.0},{"damage":5.0,"enemies":"Blue Slaver","floor":12.0,"turns":3.0},{"damage":0.0,"enemies":"Exordium Wildlife","floor":13.0,"turns":3.0},{"damage":6.0,"enemies":"Exordium Thugs","floor":14.0,"turns":2.0},{"damage":21.0,"enemies":"Slime Boss","floor":16.0,"turns":8.0},{"damage":0.0,"enemies":"Chosen","floor":18.0,"turns":2.0},{"damage":5.0,"enemies":"3 Byrds","floor":20.0,"turns":5.0},{"damage":8.0,"enemies":"Slavers","floor":23.0,"turns":4.0},{"damage":0.0,"enemies":"Snecko","floor":24.0,"turns":3.0},{"damage":11.0,"enemies":"Shelled Parasite and Fungi","floor":28.0,"turns":3.0},{"damage":6.0,"enemies":"Collector","floor":33.0,"turns":5.0},{"damage":21.0,"enemies":"3 Shapes","floor":35.0,"turns":3.0},{"damage":8.0,"enemies":"Orb Walker","floor":37.0,"turns":3.0},{"damage":0.0,"enemies":"Sphere and 2 Shapes","floor":38.0,"turns":3.0},{"damage":6.0,"enemies":"Nemesis","floor":41.0,"turns":5.0},{"damage":15.0,"enemies":"3 Darklings","floor":44.0,"turns":2.0},{"damage":45.0,"enemies":"Reptomancer","floor":45.0,"turns":5.0},{"damage":0.0,"enemies":"Jaw Worm Horde","floor":46.0,"turns":2.0},{"damage":31,"enemies":"Giant Head","floor":47,"turns":6},{"damage":55,"enemies":"Time Eater","floor":50,"turns":7}],"seed_played":"-3957568743996738406","potions_obtained":[{"floor":5.0,"key":"Fire Potion"},{"floor":7.0,"key":"AttackPotion"},{"floor":12.0,"key":"BloodPotion"},{"floor":16.0,"key":"Poison Potion"},{"floor":23.0,"key":"SteroidPotion"},{"floor":24.0,"key":"Swift Potion"},{"floor":37.0,"key":"Strength Potion"},{"floor":45.0,"key":"EssenceOfSteel"},{"floor":46.0,"key":"SkillPotion"}],"is_trial":false,"path_per_floor":["M","M","$","?","M","R","M","T","T","E","R","M","M","M","R","B",null,"M","$","M","?","$","E","M","R","T","?","M","R","?","?","R","B",null,"M","?","M","M","$","R","E","?","T","M","E","M","E","T","R","B"],"character_chosen":"IRONCLAD","items_purchased":["Fire Potion","Wild Strike","HandDrill","Omamori","Shrug It Off","SkillPotion","Evolve","Vajra"],"campfire_rested":2,"item_purchase_floors":[3,3,19,19,19,19,39,39],"current_hp_per_floor":[66,67,67,56,62,62,68,68,68,48,48,49,55,55,55,47,68,74,74,75,75,75,73,75,75,75,54,49,49,64,64,64,64,72,57,50,48,54,54,75,75,75,75,66,27,37,14,14,51,0],"gold":267,"neow_bonus":"RANDOM_COMMON_RELIC","is_prod":false,"is_daily":false,"chose_seed":false,"campfire_upgraded":6,"win_rate":0,"timestamp":1552693818,"path_taken":["M","M","$","?","M","R","M","?","T","E","R","M","M","M","R","BOSS","M","$","M","?","$","E","M","R","T","?","M","R","?","?","R","BOSS","M","?","?","M","$","R","E","?","T","M","E","?","E","?","R","BOSS"],"build_version":"2019-01-23","purchased_purges":0,"victory":false,"max_hp_per_floor":[75,75,75,75,75,75,75,75,75,75,75,75,75,75,75,75,75,75,75,75,75,75,75,75,75,75,75,75,75,75,75,75,75,75,75,75,75,75,75,75,75,75,75,75,75,75,75,75,75,75],"card_choices":[{"not_picked":["Twin Strike","Entrench"],"picked":"True Grit","floor":1.0},{"not_picked":["Flex","Wild Strike","Disarm"],"picked":"SKIP","floor":2.0},{"not_picked":["Havoc","Bloodletting","Entrench"],"picked":"SKIP","floor":5.0},{"not_picked":["Pommel Strike","Clash","Flex"],"picked":"SKIP","floor":7.0},{"not_picked":["Clothesline","Feel No Pain"],"picked":"Immolate","floor":10.0},{"not_picked":["Clash","Blood for Blood","Twin Strike"],"picked":"SKIP","floor":12.0},{"not_picked":["Searing Blow","Thunderclap"],"picked":"Shockwave","floor":13.0},{"not_picked":["Anger","Ghostly Armor","Corruption"],"picked":"SKIP","floor":14.0},{"not_picked":["Feed","Reaper"],"picked":"Bludgeon","floor":16.0},{"not_picked":["Iron Wave+1","Anger","Sentinel"],"picked":"SKIP","floor":18.0},{"not_picked":["True Grit","Havoc","Bludgeon"],"picked":"SKIP","floor":20.0},{"not_picked":["Havoc","Blood for Blood","Wild Strike"],"picked":"SKIP","floor":23.0},{"not_picked":["Twin Strike+1","Body Slam","Infernal Blade"],"picked":"SKIP","floor":24.0},{"not_picked":["Warcry","Anger"],"picked":"Shockwave","floor":28.0},{"not_picked":["Cleave"],"picked":"SKIP","floor":35.0},{"not_picked":[],"picked":"Burning Pact+1","floor":37.0},{"not_picked":["Perfected Strike"],"picked":"SKIP","floor":38.0},{"not_picked":["Perfected Strike+1"],"picked":"SKIP","floor":41.0},{"not_picked":["Pummel"],"picked":"SKIP","floor":44.0},{"not_picked":["Sword Boomerang"],"picked":"SKIP","floor":45.0},{"not_picked":["Body Slam"],"picked":"SKIP","floor":46.0},{"not_picked":["Iron Wave"],"picked":"SKIP","floor":47}],"player_experience":712399,"relics_obtained":[{"floor":8.0,"key":"MawBank"},{"floor":9.0,"key":"Blue Candle"},{"floor":10.0,"key":"Red Skull"},{"floor":23.0,"key":"Turnip"},{"floor":26.0,"key":"Darkstone Periapt"},{"floor":27.0,"key":"Enchiridion"},{"floor":41.0,"key":"Regal Pillow"},{"floor":43.0,"key":"Bottled Tornado"},{"floor":45.0,"key":"Bird Faced Urn"},{"floor":47,"key":"Whetstone"},{"floor":48,"key":"Shuriken"}],"event_choices":[{"damage_healed":0.0,"max_hp_gain":0.0,"max_hp_loss":0.0,"gold_gain":75.0,"event_name":"World of Goop","player_choice":"Gather Gold","floor":4.0,"gold_loss":0.0,"damage_taken":11.0},{"damage_healed":0.0,"max_hp_gain":0.0,"max_hp_loss":0.0,"gold_gain":0.0,"event_name":"Back to Basics","player_choice":"Simplicity","floor":21.0,"gold_loss":0.0,"damage_taken":0.0,"cards_upgraded":["Strike_R","Strike_R","Strike_R","Strike_R","Strike_R","Defend_R","Defend_R","Defend_R","Defend_R"]},{"damage_healed":0.0,"max_hp_gain":0.0,"max_hp_loss":0.0,"gold_gain":0.0,"event_name":"Cursed Tome","player_choice":"Obtained Book","floor":27.0,"gold_loss":0.0,"damage_taken":21.0},{"damage_healed":15.0,"max_hp_gain":0.0,"max_hp_loss":0.0,"gold_gain":0.0,"event_name":"The Library","player_choice":"Heal","floor":30.0,"gold_loss":0.0,"damage_taken":0.0},{"cards_removed":["Strike_R"],"damage_healed":0.0,"max_hp_gain":0.0,"max_hp_loss":0.0,"gold_gain":0.0,"event_name":"Beggar","player_choice":"Gave Gold","floor":31.0,"gold_loss":75.0,"damage_taken":0.0},{"damage_healed":0.0,"max_hp_gain":0.0,"max_hp_loss":0.0,"gold_gain":50.0,"event_name":"FaceTrader","player_choice":"Touch","floor":36.0,"gold_loss":0.0,"damage_taken":7.0},{"damage_healed":0.0,"max_hp_gain":0.0,"max_hp_loss":0.0,"gold_gain":50.0,"event_name":"Golden Shrine","player_choice":"Pray","floor":42.0,"gold_loss":0.0,"damage_taken":0.0}],"is_beta":false,"boss_relics":[{"not_picked":["White Beast Statue","Empty Cage"],"picked":"Snecko Eye"},{"not_picked":["Runic Dome","Tiny House"],"picked":"Busted Crown"}],"items_purged_floors":[],"is_endless":false,"potions_floor_spawned":[5,7,12,16,23,24,28,37,41,44,45,46],"killed_by":"Time Eater","ascension_level":20}