{"gold_per_floor":[119,139,139,89,109,109,172,186,186,186,197,71,81,98,98,197,197,217,142,142,142,155,155,170,190,190,190,202,212,5,34,34,136,136,154,54,71,88,108,108,124,124,124,124,24,76,107,107,107,107],"floor_reached":51,"playtime":2568,"items_purged":["Strike_B","Defend_B"],"score":706,"play_id":"17681eb7-16fc-47f5-b9db-f2165d54170d","local_time":"20190403150317","is_ascension_mode":false,"campfire_choices":[{"data":"Zap","floor":6,"key":"SMITH"},{"data":"Sunder","floor":10,"key":"SMITH"},{"floor":15,"key":"REST"},{"data":"Hologram","floor":23,"key":"SMITH"},{"data":"Hologram","floor":27,"key":"SMITH"},{"floor":32,"key":"REST"},{"data":"Biased Cognition","floor":40,"key":"SMITH"},{"data":"Dualcast","floor":42,"key":"SMITH"},{"data":"Chill","floor":44,"key":"SMITH"},{"data":"Hologram","floor":49,"key":"SMITH"}],"neow_cost":"NONE","seed_source_timestamp":16122300750561,"circlet_count":0,"master_deck":["Defend_B+1","Defend_B+1","Zap+1","Dualcast+1","Sunder+1","Chill+1","Beam Cell","Hologram+1","Gash","Biased Cognition+1","Streamline+1","Reboot+1","Cold Snap+1","Hologram+1","Core Surge","Gash","Gash","All For One","Gash+1","Parasite","Beam Cell+1","Hologram+1","Glacier+1"],"relics":["Cracked Core","Omamori","Tiny Chest","Centennial Puzzle","Astrolabe","Sundial","Bag of Marbles","Bottled Lightning","DollysMirror","Red Mask","Busted Crown","The Courier","Incense Burner","Darkstone Periapt"],"potions_floor_usage":[7,25,50,50,50],"damage_taken":[{"damage":0,"enemies":"Small Slimes","floor":1,"turns":3},{"damage":0,"enemies":"2 Louse","floor":2,"turns":2},{"damage":3,"enemies":"Jaw Worm","floor":5,"turns":3},{"damage":35,"enemies":"Lagavulin","floor":7,"turns":8},{"damage":2,"enemies":"Looter","floor":8,"turns":2},{"damage":0,"enemies":"3 Louse","floor":11,"turns":4},{"damage":0,"enemies":"Blue Slaver","floor":13,"turns":2},{"damage":7,"enemies":"Exordium Thugs","floor":14,"turns":4},{"damage":1,"enemies":"Slime Boss","floor":16,"turns":5},{"damage":7,"enemies":"Shell Parasite","floor":18,"turns":3},{"damage":5,"enemies":"Chosen","floor":22,"turns":2},{"damage":0,"enemies":"3 Cultists","floor":24,"turns":4},{"damage":6,"enemies":"Snake Plant","floor":25,"turns":2},{"damage":4,"enemies":"Centurion and Healer","floor":28,"turns":2},{"damage":8,"enemies":"Shelled Parasite and Fungi","floor":29,"turns":3},{"damage":0,"enemies":"Masked Bandits","floor":31,"turns":2},{"damage":6,"enemies":"Champ","floor":33,"turns":8},{"damage":3,"enemies":"3 Shapes","floor":35,"turns":3},{"damage":2,"enemies":"3 Darklings","floor":37,"turns":3},{"damage":0,"enemies":"Transient","floor":38,"turns":5},{"damage":0,"enemies":"Spire Growth","floor":39,"turns":2},{"damage":4,"enemies":"Writhing Mass","floor":41,"turns":3},{"damage":0,"enemies":"2 Orb Walkers","floor":46,"turns":3},{"damage":8,"enemies":"Giant Head","floor":47,"turns":5},{"damage":8,"enemies":"Awakened One","floor":50,"turns":7}],"seed_played":"8027143905006436277","potions_obtained":[{"floor":1,"key":"PowerPotion"},{"floor":7,"key":"Dexterity Potion"},{"floor":8,"key":"SpeedPotion"},{"floor":14,"key":"GamblersBrew"},{"floor":16,"key":"Swift Potion"},{"floor":24,"key":"AttackPotion"},{"floor":28,"key":"SneckoOil"},{"floor":35,"key":"Poison Potion"},{"floor":39,"key":"FocusPotion"}],"is_trial":false,"path_per_floor":["M","M","?","?","M","R","E","M","T","R","M","$","M","M","R","B",null,"M","?","?","?","M","R","M","M","T","R","M","M","$","?","R","B",null,"M","$","M","M","M","R","M","R","T","R","$","?","E","?","R","B",null],"character_chosen":"DEFECT","items_purchased":["Streamline","DollysMirror","Hologram","FocusPotion"],"campfire_rested":2,"item_purchase_floors":[12,30,45,45],"current_hp_per_floor":[75,75,60,60,57,57,22,20,20,20,20,20,20,13,35,34,75,68,68,68,68,63,63,63,57,57,57,53,45,45,45,67,61,75,72,72,70,70,70,70,66,66,66,66,66,66,58,58,58,50],"gold":107,"neow_bonus":"RANDOM_COMMON_RELIC","is_prod":false,"is_daily":false,"chose_seed":false,"campfire_upgraded":8,"win_rate":0,"timestamp":1554274997,"path_taken":["M","M","?","?","M","R","E","M","T","R","M","$","M","M","R","BOSS","M","?","?","?","M","R","M","?","T","R","M","M","$","?","R","BOSS","M","$","M","M","M","R","M","R","T","R","$","?","E","?","R","BOSS"],"build_version":"2019-01-23","purchased_purges":2,"victory":true,"max_hp_per_floor":[75,75,75,75,75,75,75,75,75,75,75,75,75,75,75,75,75,75,75,75,75,75,75,75,75,75,75,75,75,75,75,75,75,75,75,75,75,75,75,75,75,75,75,75,75,75,75,75,75,75],"card_choices":[{"not_picked":["Scrape","Barrage","Cold Snap"],"picked":"SKIP","floor":1},{"not_picked":["Turbo","Coolheaded"],"picked":"Sunder","floor":2},{"not_picked":["Tempest","Go for the Eyes"],"picked":"Chill","floor":5},{"not_picked":["Stack","Steam"],"picked":"Beam Cell","floor":7},{"not_picked":["Heatsinks","Turbo"],"picked":"Hologram","floor":8},{"not_picked":["Force Field","Buffer"],"picked":"Gash","floor":11},{"not_picked":["White Noise","Reinforced Body"],"picked":"Gash","floor":13},{"not_picked":["Cold Snap","Streamline","Aggregate"],"picked":"SKIP","floor":14},{"not_picked":["Machine Learning","All For One"],"picked":"Biased Cognition","floor":16},{"not_picked":["Coolheaded","Turbo","Stack"],"picked":"SKIP","floor":18},{"not_picked":["Leap+1","Cold Snap"],"picked":"Hologram","floor":22},{"not_picked":["Chaos","Stack"],"picked":"Core Surge","floor":24},{"not_picked":["Cold Snap+1","Conserve Battery","Go for the Eyes"],"picked":"SKIP","floor":25},{"not_picked":["Ball Lightning+1","Sunder","Compile Driver"],"picked":"SKIP","floor":28},{"not_picked":["Amplify","Cold Snap","Sweeping Beam"],"picked":"SKIP","floor":29},{"not_picked":["Stack","Cold Snap"],"picked":"Gash","floor":31},{"not_picked":["Multi-Cast","Amplify"],"picked":"All For One","floor":33},{"not_picked":["Conserve Battery+1"],"picked":"SKIP","floor":35},{"not_picked":["Leap+1"],"picked":"SKIP","floor":37},{"not_picked":["Storm"],"picked":"SKIP","floor":38},{"not_picked":[],"picked":"Gash+1","floor":39},{"not_picked":[],"picked":"Beam Cell+1","floor":41},{"not_picked":[],"picked":"Glacier+1","floor":46},{"not_picked":["Loop"],"picked":"SKIP","floor":47}],"player_experience":414889,"relics_obtained":[{"floor":7,"key":"Tiny Chest"},{"floor":9,"key":"Centennial Puzzle"},{"floor":26,"key":"Bottled Lightning"},{"floor":31,"key":"Red Mask"},{"floor":43,"key":"The Courier"},{"floor":46,"key":"Incense Burner"},{"floor":47,"key":"Darkstone Periapt"}],"event_choices":[{"damage_healed":0,"gold_gain":0,"player_choice":"Entered Light","damage_taken":15,"max_hp_gain":0,"max_hp_loss":0,"event_name":"Shining Light","floor":3,"gold_loss":0,"cards_upgraded":["Defend_B","Defend_B"]},{"cards_removed":["Strike_B"],"damage_healed":0,"gold_gain":0,"player_choice":"Card Removal","damage_taken":0,"max_hp_gain":0,"max_hp_loss":0,"event_name":"The Cleric","floor":4,"gold_loss":50},{"cards_removed":["Streamline"],"damage_healed":0,"gold_gain":0,"player_choice":"Gave Gold","damage_taken":0,"max_hp_gain":0,"max_hp_loss":0,"event_name":"Beggar","floor":19,"gold_loss":75},{"damage_healed":0,"gold_gain":0,"player_choice":"Opened","damage_taken":0,"relics_obtained":["Sundial"],"max_hp_gain":0,"max_hp_loss":0,"event_name":"The Mausoleum","floor":20,"gold_loss":0,"cards_obtained":["Writhe"]},{"damage_healed":0,"gold_gain":0,"player_choice":"Stole Relic","damage_taken":0,"relics_obtained":["Bag of Marbles"],"max_hp_gain":0,"max_hp_loss":0,"event_name":"Addict","floor":21,"gold_loss":0,"cards_obtained":["Shame"]},{"damage_healed":0,"gold_gain":0,"player_choice":"Fought Bandits","damage_taken":0,"max_hp_gain":0,"max_hp_loss":0,"event_name":"Masked Bandits","floor":31,"gold_loss":0},{"damage_healed":0,"gold_gain":0,"player_choice":"Fight","damage_taken":0,"max_hp_gain":0,"max_hp_loss":0,"event_name":"Mysterious Sphere","floor":46,"gold_loss":0},{"cards_removed":["Gash"],"damage_healed":0,"gold_gain":0,"player_choice":"Removed Attack","damage_taken":0,"max_hp_gain":0,"max_hp_loss":0,"event_name":"Falling","floor":48,"gold_loss":0}],"is_beta":false,"boss_relics":[{"not_picked":["Tiny House","Eternal Feather"],"picked":"Astrolabe"},{"not_picked":["Pandora\u0027s Box","Cursed Key"],"picked":"Busted Crown"}],"items_purged_floors":[12,36],"is_endless":false,"potions_floor_spawned":[1,7,8,14,16,24,28,35,38,39],"ascension_level":0}