{"gold_per_floor":[110,185,200,200,213,213,242,242,269,282,282,301,329,31,31,128,128,148,148,148,168,268,268,284,304,386,47,47,47,64,84,84,179,179,189,64,84,184,195,195,195,195,195,213,213,213,6,24,24,24,24,24,24,49,49],"floor_reached":55,"playtime":3851,"items_purged":["Strike_B","Strike_B","Writhe"],"score":707,"play_id":"0eb95c7f-ed57-4e95-9d04-9aabddd52694","local_time":"20181208195017","is_ascension_mode":false,"campfire_choices":[{"data":"White Noise","floor":6,"key":"SMITH"},{"data":"Zap","floor":8,"key":"SMITH"},{"data":"Go for the Eyes","floor":15,"key":"SMITH"},{"data":"Auto Shields","floor":23,"key":"SMITH"},{"data":"Coolheaded","floor":28,"key":"SMITH"},{"floor":32,"key":"REST"},{"data":"Buffer","floor":40,"key":"SMITH"},{"data":"Capacitor","floor":42,"key":"SMITH"},{"floor":49,"key":"RECALL"},{"data":"Blizzard","floor":52,"key":"SMITH"}],"neow_cost":"NONE","seed_source_timestamp":841050925194840,"circlet_count":0,"master_deck":["Defend_B","Defend_B","Defend_B","Defend_B","Zap+1","Dualcast","Core Surge","White Noise+1","Blizzard+1","Tempest","Auto Shields+1","Self Repair","Go for the Eyes+1","Cold Snap","Electrodynamics","Coolheaded+1","Undo+1","Static Discharge","Leap+1","Genetic Algorithm","Capacitor+1","Buffer+1","BootSequence+1","Buffer+1","Creative AI"],"relics":["Cracked Core","PreservedInsect","Oddly Smooth Stone","OrangePellets","Velvet Choker","Ancient Tea Set","Thread and Needle","Pantograph","Cables","Bottled Flame","Lizard Tail","Du-Vu Doll","Toxic Egg 2","DollysMirror","Centennial Puzzle"],"potions_floor_usage":[7,7,13,16,24,25,33,33,37,44,50,50,50],"damage_taken":[{"damage":1,"enemies":"Jaw Worm","floor":1,"turns":3},{"damage":0,"enemies":"Small Slimes","floor":3,"turns":4},{"damage":1,"enemies":"Cultist","floor":5,"turns":3},{"damage":0,"enemies":"3 Sentries","floor":7,"turns":2},{"damage":2,"enemies":"Blue Slaver","floor":10,"turns":2},{"damage":10,"enemies":"Lots of Slimes","floor":12,"turns":3},{"damage":10,"enemies":"Lagavulin","floor":13,"turns":5},{"damage":23,"enemies":"Slime Boss","floor":16,"turns":10},{"damage":0,"enemies":"Spheric Guardian","floor":18,"turns":3},{"damage":9,"enemies":"2 Thieves","floor":21,"turns":3},{"damage":25,"enemies":"Colosseum Slavers","floor":22,"turns":2},{"damage":26,"enemies":"Colosseum Nobs","floor":22,"turns":4},{"damage":0,"enemies":"Centurion and Healer","floor":24,"turns":10},{"damage":15,"enemies":"Chosen and Byrds","floor":25,"turns":4},{"damage":2,"enemies":"Cultist and Chosen","floor":30,"turns":6},{"damage":11,"enemies":"Snake Plant","floor":31,"turns":4},{"damage":17,"enemies":"Automaton","floor":33,"turns":14},{"damage":4,"enemies":"Orb Walker","floor":35,"turns":6},{"damage":2,"enemies":"3 Shapes","floor":37,"turns":2},{"damage":21,"enemies":"Mind Bloom Boss Battle","floor":38,"turns":11},{"damage":0,"enemies":"Transient","floor":39,"turns":5},{"damage":0,"enemies":"3 Darklings","floor":44,"turns":3},{"damage":0,"enemies":"Maw","floor":48,"turns":11},{"damage":101,"enemies":"Time Eater","floor":50,"turns":20},{"damage":28,"enemies":"Shield and Spear","floor":54,"turns":7},{"damage":72,"enemies":"The Heart","floor":55,"turns":5}],"seed_played":"-4349239457676101313","potions_obtained":[{"floor":3,"key":"SkillPotion"},{"floor":4,"key":"AttackPotion"},{"floor":4,"key":"Ancient Potion"},{"floor":7,"key":"Weak Potion"},{"floor":12,"key":"PowerPotion"},{"floor":13,"key":"Dexterity Potion"},{"floor":22,"key":"Poison Potion"},{"floor":24,"key":"Poison Potion"},{"floor":30,"key":"Strength Potion"},{"floor":33,"key":"Ancient Potion"},{"floor":35,"key":"EssenceOfSteel"},{"floor":37,"key":"Explosive Potion"},{"floor":44,"key":"Dexterity Potion"}],"is_trial":false,"path_per_floor":["M","?","M","?","M","R","E","R","T","M","?","M","E","$","R","B",null,"M","?","?","M","?","R","M","M","T","$","R","?","M","M","R","B",null,"M","$","M","?","M","R","?","R","T","M","$","?","$","M","R","B",null,"R","$","E","B"],"character_chosen":"DEFECT","items_purchased":["OrangePellets","Cold Snap","Bottled Flame","DollysMirror"],"campfire_rested":1,"item_purchase_floors":[14,14,27,47],"current_hp_per_floor":[74,63,63,63,62,62,62,62,62,60,60,50,47,47,47,31,75,75,75,75,73,29,29,36,28,28,28,28,28,33,22,44,59,75,71,71,69,61,68,68,68,68,68,68,68,68,68,71,71,10,71,71,71,50,0],"gold":49,"neow_bonus":"ONE_RANDOM_RARE_CARD","is_prod":false,"is_daily":false,"chose_seed":false,"campfire_upgraded":8,"win_rate":0,"timestamp":1544266217,"path_taken":["M","?","M","?","?","R","E","R","T","M","?","?","E","$","R","BOSS","M","?","?","M","?","R","M","M","T","?","R","?","?","M","R","BOSS","M","$","M","?","M","R","?","R","T","M","$","?","?","M","R","BOSS","R","$","E","BOSS"],"build_version":"2018-12-06","purchased_purges":3,"victory":false,"max_hp_per_floor":[75,75,75,75,75,75,75,75,75,75,75,75,75,75,75,75,75,75,75,75,75,75,75,75,75,75,75,75,75,75,75,75,75,75,75,75,75,75,75,75,71,71,71,71,71,71,71,71,71,71,71,71,71,71,71],"card_choices":[{"not_picked":["Compile Driver","Beam Cell","Sweeping Beam"],"picked":"SKIP","floor":1},{"not_picked":["Beam Cell","Gash"],"picked":"White Noise","floor":3},{"not_picked":["Darkness","Scrape"],"picked":"Blizzard","floor":5},{"not_picked":["Barrage","Aggregate"],"picked":"Tempest","floor":7},{"not_picked":["Streamline","Tempest"],"picked":"Auto Shields","floor":10},{"not_picked":["Chill","Compile Driver"],"picked":"Self Repair","floor":12},{"not_picked":["Echo Form","Beam Cell"],"picked":"Go for the Eyes","floor":13},{"not_picked":["Seek","Creative AI"],"picked":"Electrodynamics","floor":16},{"not_picked":["Barrage","Leap+1"],"picked":"Coolheaded","floor":18},{"not_picked":["Compile Driver","Self Repair","Gash"],"picked":"SKIP","floor":21},{"not_picked":["Compile Driver","Streamline"],"picked":"Undo+1","floor":22},{"not_picked":["Hologram","Tempest"],"picked":"Static Discharge","floor":24},{"not_picked":["Aggregate+1","Doom and Gloom"],"picked":"Leap+1","floor":25},{"not_picked":["Ball Lightning","Coolheaded"],"picked":"Capacitor","floor":30},{"not_picked":["Tempest","Coolheaded","Compile Driver+1"],"picked":"SKIP","floor":31},{"not_picked":["All For One","Meteor Strike"],"picked":"Buffer","floor":33},{"not_picked":["Chill","Rebound+1","Barrage"],"picked":"SKIP","floor":35},{"not_picked":["Doom and Gloom","Redo","Scrape"],"picked":"SKIP","floor":37},{"not_picked":["Conserve Battery","Sunder"],"picked":"BootSequence+1","floor":39},{"not_picked":["Cold Snap","Aggregate+1","Rip and Tear+1"],"picked":"SKIP","floor":44},{"not_picked":["Beam Cell+1","Conserve Battery+1","Rebound+1"],"picked":"SKIP","floor":48},{"not_picked":["Coolheaded+1","Storm+1"],"picked":"Creative AI","floor":54}],"player_experience":89794,"relics_obtained":[{"floor":7,"key":"PreservedInsect"},{"floor":13,"key":"Oddly Smooth Stone"},{"floor":22,"key":"Thread and Needle"},{"floor":22,"key":"Pantograph"},{"floor":26,"key":"Cables"},{"floor":38,"key":"Du-Vu Doll"},{"floor":43,"key":"Toxic Egg 2"},{"floor":54,"key":"Centennial Puzzle"}],"event_choices":[{"damage_healed":0,"gold_gain":75,"player_choice":"Gather Gold","damage_taken":11,"max_hp_gain":0,"max_hp_loss":0,"event_name":"World of Goop","floor":2,"gold_loss":0},{"damage_healed":0,"gold_gain":0,"player_choice":"Got Potions","damage_taken":0,"max_hp_gain":0,"max_hp_loss":0,"event_name":"Lab","floor":4,"gold_loss":0},{"damage_healed":0,"gold_gain":0,"player_choice":"Ignored","damage_taken":0,"max_hp_gain":0,"max_hp_loss":0,"event_name":"NoteForYourself","floor":11,"gold_loss":0},{"damage_healed":0,"gold_gain":0,"player_choice":"Ignored","damage_taken":0,"max_hp_gain":0,"max_hp_loss":0,"event_name":"Vampires","floor":19,"gold_loss":0},{"damage_healed":0,"gold_gain":0,"player_choice":"Opened","damage_taken":0,"relics_obtained":["Ancient Tea Set"],"max_hp_gain":0,"max_hp_loss":0,"event_name":"The Mausoleum","floor":20,"gold_loss":0,"cards_obtained":["Writhe"]},{"damage_healed":0,"gold_gain":0,"player_choice":"Fight","damage_taken":0,"max_hp_gain":0,"max_hp_loss":0,"event_name":"Colosseum","floor":22,"gold_loss":0},{"damage_healed":0,"gold_gain":0,"player_choice":"Fought Nobs","damage_taken":0,"max_hp_gain":0,"max_hp_loss":0,"event_name":"Colosseum","floor":22,"gold_loss":0},{"damage_healed":0,"gold_gain":0,"cards_transformed":["Strike_B","Strike_B"],"player_choice":"Became Test Subject","damage_taken":0,"max_hp_gain":0,"max_hp_loss":0,"event_name":"Drug Dealer","floor":29,"gold_loss":0,"cards_obtained":["Streamline","Genetic Algorithm"]},{"damage_healed":0,"gold_gain":0,"player_choice":"Fight","damage_taken":0,"max_hp_gain":0,"max_hp_loss":0,"event_name":"MindBloom","floor":38,"gold_loss":0},{"damage_healed":0,"gold_gain":0,"player_choice":"Max HP","damage_taken":0,"max_hp_gain":0,"max_hp_loss":4,"event_name":"Winding Halls","floor":41,"gold_loss":0},{"cards_removed":["Streamline"],"damage_healed":0,"gold_gain":0,"player_choice":"Removed Attack","damage_taken":0,"max_hp_gain":0,"max_hp_loss":0,"event_name":"Falling","floor":46,"gold_loss":0}],"is_beta":false,"boss_relics":[{"not_picked":["Nuclear Battery","Astrolabe"],"picked":"Velvet Choker"},{"not_picked":["Eternal Feather","Calling Bell"],"picked":"Lizard Tail"}],"items_purged_floors":[14,27,36],"is_endless":false,"potions_floor_spawned":[3,7,12,13,22,22,24,30,33,35,37,44],"killed_by":"The Heart","ascension_level":0}