{"gold_per_floor":[119,137,151,151,171,171,199,210,264,264,296,296,307,257,257,257],"floor_reached":16,"playtime":968,"items_purged":[],"score":190,"play_id":"a715dea6-0004-4395-a958-8c64a1bbcd88","local_time":"20190414204837","is_ascension_mode":true,"campfire_choices":[{"data":"Loop","floor":6,"key":"SMITH"},{"data":"Zap","floor":10,"key":"SMITH"},{"floor":12,"key":"REST"},{"data":"Hologram","floor":15,"key":"SMITH"}],"neow_cost":"PERCENT_DAMAGE","seed_source_timestamp":367653343608640,"circlet_count":0,"master_deck":["AscendersBane","Strike_B","Strike_B","Strike_B","Defend_B","Defend_B","Defend_B","Defend_B","Zap+1","Dualcast","Loop+1","Steam","Beam Cell","Seek","Self Repair","Steam","Hologram+1"],"relics":["Cracked Core","Unceasing Top","Bag of Marbles","Potion Belt","Mummified Hand"],"potions_floor_usage":[5,7,11,11,16],"damage_taken":[{"damage":2,"enemies":"Jaw Worm","floor":1,"turns":4},{"damage":1,"enemies":"2 Louse","floor":2,"turns":3},{"damage":0,"enemies":"Small Slimes","floor":3,"turns":3},{"damage":0,"enemies":"2 Fungi Beasts","floor":5,"turns":3},{"damage":24,"enemies":"Lagavulin","floor":7,"turns":6},{"damage":2,"enemies":"Blue Slaver","floor":8,"turns":3},{"damage":28,"enemies":"Gremlin Nob","floor":11,"turns":4},{"damage":23,"enemies":"Large Slime","floor":13,"turns":10},{"damage":30,"enemies":"The Guardian","floor":16,"turns":2}],"seed_played":"-4524169327821351782","potions_obtained":[{"floor":1,"key":"SkillPotion"},{"floor":2,"key":"FearPotion"},{"floor":5,"key":"Poison Potion"},{"floor":7,"key":"Swift Potion"},{"floor":13,"key":"LiquidBronze"}],"is_trial":false,"path_per_floor":["M","M","M","?","M","R","E","M","T","R","E","R","M","?","R","B"],"character_chosen":"DEFECT","items_purchased":[],"campfire_rested":1,"item_purchase_floors":[],"current_hp_per_floor":[44,43,43,66,66,66,42,40,40,40,19,40,24,24,24,0],"gold":257,"neow_bonus":"ONE_RARE_RELIC","is_prod":false,"is_daily":false,"chose_seed":false,"campfire_upgraded":3,"win_rate":0,"timestamp":1555267717,"path_taken":["M","M","M","?","M","R","E","M","T","R","E","R","M","?","R","BOSS"],"build_version":"2019-01-23","purchased_purges":0,"victory":false,"max_hp_per_floor":[71,71,71,71,71,71,71,71,71,71,71,71,71,71,71,71],"card_choices":[{"not_picked":["Turbo","Lockon"],"picked":"Loop","floor":1},{"not_picked":["Fusion","Scrape"],"picked":"Steam","floor":2},{"not_picked":["Hologram","Skim"],"picked":"Beam Cell","floor":3},{"not_picked":["Skim","Barrage","Stack"],"picked":"SKIP","floor":5},{"not_picked":["Chaos","Blizzard"],"picked":"Seek","floor":7},{"not_picked":["Doom and Gloom","Melter"],"picked":"Self Repair","floor":8},{"not_picked":["Chaos","Loop"],"picked":"Steam","floor":11},{"not_picked":["Sweeping Beam","Blizzard"],"picked":"Hologram","floor":13}],"player_experience":619692,"relics_obtained":[{"floor":7,"key":"Bag of Marbles"},{"floor":9,"key":"Potion Belt"},{"floor":11,"key":"Mummified Hand"}],"event_choices":[{"damage_healed":23,"gold_gain":0,"player_choice":"Banana","damage_taken":0,"max_hp_gain":0,"max_hp_loss":0,"event_name":"Big Fish","floor":4,"gold_loss":0},{"cards_removed":["Strike_B"],"damage_healed":0,"gold_gain":0,"player_choice":"Card Removal","damage_taken":0,"max_hp_gain":0,"max_hp_loss":0,"event_name":"The Cleric","floor":14,"gold_loss":50}],"is_beta":false,"boss_relics":[],"items_purged_floors":[],"is_endless":false,"potions_floor_spawned":[1,2,5,7,13],"killed_by":"The Guardian","ascension_level":14}