{"gold_per_floor":[14,27,27,27,42,42,60,60,60,76,92,92,17,28,28,107,107,124,100,115,15,34,34,34],"floor_reached":24,"playtime":968,"items_purged":["Pain","Decay"],"score":384,"play_id":"c882d1a5-8c0a-4608-87fa-c41efde97606","local_time":"20190324214046","is_ascension_mode":true,"campfire_choices":[{"data":"Dagger Spray","floor":6,"key":"SMITH"},{"data":"Noxious Fumes","floor":8,"key":"SMITH"},{"data":"After Image","floor":15,"key":"SMITH"},{"floor":23,"key":"REST"}],"neow_cost":"NO_GOLD","seed_source_timestamp":499891036267411,"circlet_count":0,"master_deck":["AscendersBane","Defend_G","Defend_G","Defend_G","Defend_G","Defend_G","Strike_G","Strike_G","Strike_G","Strike_G","Strike_G","Survivor","Neutralize","After Image+1","Sucker Punch","Dagger Spray+1","Prepared","Noxious Fumes+1","Catalyst","After Image","Caltrops","Backflip","Corpse Explosion"],"relics":["Ring of the Snake","Matryoshka","WarpedTongs","Velvet Choker"],"potions_floor_usage":[16,18,20,24],"damage_taken":[{"damage":1,"enemies":"Jaw Worm","floor":1,"turns":5},{"damage":2,"enemies":"Cultist","floor":2,"turns":4},{"damage":4,"enemies":"Small Slimes","floor":5,"turns":3},{"damage":0,"enemies":"Exordium Wildlife","floor":7,"turns":3},{"damage":1,"enemies":"Exordium Thugs","floor":10,"turns":5},{"damage":7,"enemies":"Blue Slaver","floor":11,"turns":5},{"damage":0,"enemies":"Exordium Wildlife","floor":14,"turns":2},{"damage":20,"enemies":"Hexaghost","floor":16,"turns":10},{"damage":14,"enemies":"Chosen","floor":18,"turns":5},{"damage":10,"enemies":"2 Thieves","floor":19,"turns":4},{"damage":15,"enemies":"Snake Plant","floor":20,"turns":6},{"damage":27,"enemies":"3 Cultists","floor":22,"turns":6},{"damage":24,"enemies":"Book of Stabbing","floor":24,"turns":4}],"seed_played":"-2925225706920248764","potions_obtained":[{"floor":11,"key":"SkillPotion"},{"floor":16,"key":"Poison Potion"},{"floor":18,"key":"PowerPotion"},{"floor":19,"key":"Regen Potion"},{"floor":22,"key":"Fire Potion"}],"is_trial":false,"path_per_floor":["M","M","?","$","M","R","M","R","T","M","M","?","$","M","R","B",null,"M","M","M","$","M","R","E"],"character_chosen":"THE_SILENT","items_purchased":[],"campfire_rested":1,"item_purchase_floors":[],"current_hp_per_floor":[58,56,56,56,52,52,52,52,52,51,44,44,44,44,44,24,56,42,32,32,32,5,24,0],"gold":34,"neow_bonus":"THREE_RARE_CARDS","is_prod":false,"is_daily":false,"chose_seed":false,"campfire_upgraded":3,"win_rate":0,"timestamp":1553431246,"path_taken":["M","M","?","$","M","R","M","R","T","M","?","?","$","M","R","BOSS","M","M","M","?","M","R","E"],"build_version":"2019-01-23","purchased_purges":2,"victory":false,"max_hp_per_floor":[66,66,66,66,66,66,66,66,66,66,66,66,66,66,66,66,66,66,66,66,66,66,66,66],"card_choices":[{"not_picked":["Corpse Explosion","Venomology"],"picked":"After Image","floor":0},{"not_picked":["Bane","Underhanded Strike"],"picked":"Sucker Punch","floor":1},{"not_picked":["Heel Hook","PiercingWail"],"picked":"Dagger Spray","floor":2},{"not_picked":["Distraction","Concentrate"],"picked":"Prepared","floor":5},{"not_picked":["Setup","Quick Slash"],"picked":"Noxious Fumes","floor":7},{"not_picked":["Deadly Poison","Prepared","Doppelganger"],"picked":"SKIP","floor":10},{"not_picked":["Slice","Dagger Spray"],"picked":"Catalyst","floor":11},{"not_picked":["Deflect","Dagger Throw","Infinite Blades"],"picked":"SKIP","floor":14},{"not_picked":["A Thousand Cuts","Wraith Form v2"],"picked":"After Image","floor":16},{"not_picked":["Eviscerate","All Out Attack"],"picked":"Caltrops","floor":18},{"not_picked":["Blade Dance","Quick Slash","Dagger Throw"],"picked":"SKIP","floor":19},{"not_picked":["Deflect","Cloak And Dagger"],"picked":"Backflip","floor":20},{"not_picked":["Slice","Bane"],"picked":"Corpse Explosion","floor":22}],"player_experience":788009,"relics_obtained":[{"floor":9,"key":"Matryoshka"}],"event_choices":[{"damage_healed":0,"gold_gain":0,"player_choice":"Cursed","damage_taken":0,"max_hp_gain":0,"max_hp_loss":0,"event_name":"Wheel of Change","floor":3,"gold_loss":0,"cards_obtained":["Decay"]},{"damage_healed":0,"gold_gain":0,"player_choice":"Rummage","damage_taken":0,"relics_obtained":["WarpedTongs"],"max_hp_gain":0,"max_hp_loss":0,"event_name":"Accursed Blacksmith","floor":12,"gold_loss":0,"cards_obtained":["Pain"]}],"is_beta":false,"boss_relics":[{"not_picked":["Philosopher\u0027s Stone","HoveringKite"],"picked":"Velvet Choker"}],"items_purged_floors":[13,21],"is_endless":false,"potions_floor_spawned":[11,16,18,19,22],"killed_by":"Book of Stabbing","ascension_level":20}