{"gold_per_floor":[115,115,126,76,76,76,101,101,101,101,111,111,174,174,174,271,271,285,309,283,3,78,111,111,125,125,139,14,28,28,47,47,47],"floor_reached":33,"playtime":1527,"items_purged":[],"score":316,"play_id":"b1348c0f-c46a-449c-9f37-0689903b1e40","local_time":"20181029221530","is_ascension_mode":true,"campfire_choices":[{"data":"Metallicize","floor":6,"key":"SMITH"},{"data":"Twin Strike","floor":8,"key":"SMITH"},{"data":"Bash","floor":10,"key":"SMITH"},{"data":"Body Slam","floor":12,"key":"SMITH"},{"data":"Anger","floor":15,"key":"SMITH"},{"data":"Spot Weakness","floor":24,"key":"SMITH"},{"floor":30,"key":"REST"},{"floor":32,"key":"REST"}],"neow_cost":"NONE","seed_source_timestamp":782232788128548,"circlet_count":0,"master_deck":["Strike_R","Strike_R","Defend_R","Defend_R","Defend_R","Defend_R","Bash+1","Metallicize+1","Twin Strike+1","Body Slam+1","Anger+1","Spot Weakness+1","True Grit+1","Shrug It Off+1","Shrug It Off+1","Disarm+1","Heavy Blade"],"relics":["Burning Blood","Bird Faced Urn","Bottled Tornado","The Courier","Empty Cage","Smiling Mask","Toxic Egg 2","Red Skull","Dodecahedron","Blood Vial"],"potions_floor_usage":[13,16,16,23,23,23,29,33],"damage_taken":[{"damage":6,"enemies":"Cultist","floor":1,"turns":3},{"damage":16,"enemies":"Jaw Worm","floor":3,"turns":5},{"damage":28,"enemies":"Gremlin Nob","floor":7,"turns":5},{"damage":1,"enemies":"Small Slimes","floor":11,"turns":4},{"damage":4,"enemies":"Gremlin Nob","floor":13,"turns":3},{"damage":6,"enemies":"Hexaghost","floor":16,"turns":8},{"damage":18,"enemies":"Chosen","floor":18,"turns":6},{"damage":25,"enemies":"2 Thieves","floor":20,"turns":5},{"damage":22,"enemies":"Book of Stabbing","floor":23,"turns":6},{"damage":19,"enemies":"Snake Plant","floor":25,"turns":4},{"damage":13,"enemies":"3 Cultists","floor":27,"turns":6},{"damage":16,"enemies":"Sentry and Sphere","floor":29,"turns":6},{"damage":25,"enemies":"Centurion and Healer","floor":31,"turns":7},{"damage":76,"enemies":"Collector","floor":33,"turns":8}],"seed_played":"-3202055812009096079","potions_obtained":[{"floor":0,"key":"Weak Potion"},{"floor":0,"key":"GamblersBrew"},{"floor":0,"key":"Strength Potion"},{"floor":7,"key":"Block Potion"},{"floor":16,"key":"SpeedPotion"},{"floor":18,"key":"LiquidBronze"},{"floor":20,"key":"Regen Potion"},{"floor":27,"key":"Fruit Juice"},{"floor":31,"key":"SpeedPotion"}],"is_trial":false,"path_per_floor":["M","?","M","?","$","R","E","R","T","R","M","R","?","?","R","B",null,"M","T","M","$","?","E","R","M","T","M","$","M","R","M","R"],"character_chosen":"IRONCLAD","items_purchased":["Toxic Egg 2","Shrug It Off+1","Shrug It Off+1","Blood Vial"],"campfire_rested":2,"item_purchase_floors":[21,21,21,28],"current_hp_per_floor":[80,80,70,70,70,70,48,48,48,48,55,55,59,52,52,54,80,68,68,51,51,43,43,43,32,32,27,27,26,51,36,61,0],"gold":47,"neow_bonus":"THREE_SMALL_POTIONS","is_prod":false,"is_daily":false,"chose_seed":false,"campfire_upgraded":6,"win_rate":0,"timestamp":1540847730,"path_taken":["M","?","?","?","$","R","E","R","T","R","M","R","?","?","R","BOSS","M","?","M","$","?","E","R","M","T","M","$","M","R","M","R","BOSS"],"build_version":"2018-10-25v2","purchased_purges":0,"victory":false,"max_hp_per_floor":[80,80,80,80,80,80,80,80,80,80,80,80,80,80,80,80,80,80,80,80,80,80,80,80,80,80,80,80,85,85,85,85,85],"card_choices":[{"not_picked":["Thunderclap","Second Wind","Havoc"],"picked":"SKIP","floor":1},{"not_picked":["Sword Boomerang","Feel No Pain"],"picked":"Metallicize","floor":3},{"not_picked":["Immolate","Second Wind"],"picked":"Twin Strike","floor":7},{"not_picked":["Thunderclap","Pommel Strike"],"picked":"Body Slam","floor":11},{"not_picked":["Dual Wield","Body Slam"],"picked":"Anger","floor":13},{"not_picked":["Perfected Strike","Clash+1"],"picked":"Spot Weakness","floor":18},{"not_picked":["Clothesline","Iron Wave"],"picked":"True Grit+1","floor":20},{"not_picked":["Reckless Charge","Perfected Strike","Burning Pact+1"],"picked":"SKIP","floor":23},{"not_picked":["Thunderclap","Clash+1"],"picked":"Disarm+1","floor":25},{"not_picked":["Burning Pact+1","Carnage","Headbutt"],"picked":"SKIP","floor":27},{"not_picked":["Evolve","Wild Strike+1"],"picked":"Heavy Blade","floor":29},{"not_picked":["Warcry+1","Feed","Clothesline"],"picked":"SKIP","floor":31}],"player_experience":258962,"relics_obtained":[{"floor":7,"key":"Bird Faced Urn"},{"floor":9,"key":"Bottled Tornado"},{"floor":13,"key":"The Courier"},{"floor":19,"key":"Smiling Mask"},{"floor":23,"key":"Red Skull"},{"floor":26,"key":"Dodecahedron"}],"event_choices":[{"damage_healed":0,"gold_gain":0,"player_choice":"1 cards matched","damage_taken":0,"max_hp_gain":0,"max_hp_loss":0,"event_name":"Match and Keep!","floor":2,"gold_loss":0,"cards_obtained":["Decay"]},{"cards_removed":["Decay"],"damage_healed":0,"gold_gain":0,"player_choice":"Card Removal","damage_taken":0,"max_hp_gain":0,"max_hp_loss":0,"event_name":"The Cleric","floor":4,"gold_loss":50},{"damage_healed":0,"gold_gain":0,"player_choice":"Searched \u00272\u0027 times","damage_taken":0,"max_hp_gain":0,"max_hp_loss":0,"event_name":"Dead Adventurer","floor":13,"gold_loss":0},{"cards_removed":["Strike_R"],"damage_healed":0,"gold_gain":0,"player_choice":"Card Removal","damage_taken":7,"max_hp_gain":0,"max_hp_loss":0,"event_name":"Golden Wing","floor":14,"gold_loss":0},{"damage_healed":0,"gold_gain":75,"player_choice":"Touch","damage_taken":8,"max_hp_gain":0,"max_hp_loss":0,"event_name":"FaceTrader","floor":22,"gold_loss":0}],"is_beta":false,"boss_relics":[{"not_picked":["Runic Dome","Sozu"],"picked":"Empty Cage"}],"items_purged_floors":[],"is_endless":false,"potions_floor_spawned":[7,16,18,20,27,31],"killed_by":"Collector","ascension_level":4}