{"gold_per_floor":[111,124,124,136,153,153,171,191,217,217,232,266,188,24,24,102,102,117,117,7,18,31,31,49,49,49,49,75,75,94,105,105,179,179,189,201,201,212,212,212],"floor_reached":40,"playtime":1983,"items_purged":[],"score":824,"play_id":"75804c0e-1757-4306-900e-fa5970bda4df","local_time":"20190419002436","is_ascension_mode":true,"campfire_choices":[{"data":"Zap","floor":6,"key":"SMITH"},{"data":"Go for the Eyes","floor":10,"key":"SMITH"},{"data":"Static Discharge","floor":15,"key":"SMITH"},{"data":"Biased Cognition","floor":23,"key":"SMITH"},{"floor":25,"key":"REST"},{"floor":29,"key":"REST"},{"floor":32,"key":"REST"}],"neow_cost":"NONE","seed_source_timestamp":1783702522587692,"circlet_count":0,"master_deck":["AscendersBane","Strike_B","Strike_B","Strike_B","Strike_B","Defend_B","Defend_B","Defend_B","Defend_B","Zap+1","Dualcast","Undo","Rebound","Doubt","Electrodynamics","Cold Snap","Steam","Core Surge","Go for the Eyes+1","Conserve Battery","Static Discharge+1","Biased Cognition+1","Genetic Algorithm","Coolheaded","FTL","Sweeping Beam","Coolheaded","Conserve Battery","Ball Lightning","Chill"],"relics":["Cracked Core","Blood Vial","Omamori","Bottled Flame","Pen Nib","DataDisk","Runic Pyramid","Lantern","Dream Catcher","Juzu Bracelet","Velvet Choker"],"potions_floor_usage":[7,12,16,22,22,33,38,38],"damage_taken":[{"damage":7,"enemies":"Small Slimes","floor":1,"turns":4},{"damage":0,"enemies":"Cultist","floor":2,"turns":4},{"damage":2,"enemies":"2 Louse","floor":4,"turns":2},{"damage":7,"enemies":"Red Slaver","floor":5,"turns":4},{"damage":4,"enemies":"Gremlin Gang","floor":7,"turns":2},{"damage":7,"enemies":"2 Fungi Beasts","floor":8,"turns":4},{"damage":5,"enemies":"3 Louse","floor":11,"turns":2},{"damage":9,"enemies":"Gremlin Nob","floor":12,"turns":4},{"damage":2,"enemies":"Hexaghost","floor":16,"turns":9},{"damage":6,"enemies":"3 Byrds","floor":18,"turns":3},{"damage":5,"enemies":"Chosen","floor":21,"turns":4},{"damage":20,"enemies":"Snake Plant","floor":22,"turns":3},{"damage":10,"enemies":"Chosen and Byrds","floor":24,"turns":4},{"damage":20,"enemies":"Slavers","floor":28,"turns":2},{"damage":1,"enemies":"Cultist and Chosen","floor":30,"turns":6},{"damage":18,"enemies":"Snake Plant","floor":31,"turns":2},{"damage":38,"enemies":"Champ","floor":33,"turns":13},{"damage":29,"enemies":"3 Darklings","floor":35,"turns":3},{"damage":0,"enemies":"Orb Walker","floor":36,"turns":3},{"damage":12,"enemies":"Spire Growth","floor":38,"turns":6},{"damage":26,"enemies":"Giant Head","floor":40,"turns":6}],"seed_played":"8011771481008785170","potions_obtained":[{"floor":1,"key":"Explosive Potion"},{"floor":2,"key":"Ancient Potion"},{"floor":5,"key":"FocusPotion"},{"floor":7,"key":"Block Potion"},{"floor":18,"key":"Swift Potion"},{"floor":21,"key":"FearPotion"},{"floor":22,"key":"SteroidPotion"},{"floor":31,"key":"Ancient Potion"},{"floor":33,"key":"PowerPotion"}],"is_trial":false,"path_per_floor":["M","M","?","M","M","R","M","M","T","R","M","E","?","$","R","B",null,"M","?","$","M","M","R","M","R","T","?","E","R","M","M","R","B",null,"M","M","?","M","?","E"],"character_chosen":"DEFECT","items_purchased":["DataDisk","Coolheaded","Block Potion"],"campfire_rested":3,"item_purchase_floors":[14,20,20],"current_hp_per_floor":[59,61,61,61,56,56,54,49,49,49,46,39,39,39,39,39,63,59,52,52,49,31,31,23,44,44,44,26,47,48,32,53,17,58,31,33,33,23,23,0],"gold":212,"neow_bonus":"RANDOM_COMMON_RELIC","is_prod":false,"is_daily":false,"chose_seed":false,"campfire_upgraded":4,"win_rate":0,"timestamp":1555601076,"path_taken":["M","M","?","M","?","R","M","M","T","R","M","E","?","$","R","BOSS","M","?","$","?","M","R","?","R","T","?","E","R","M","M","R","BOSS","M","M","?","M","?","E"],"build_version":"2019-01-23","purchased_purges":0,"victory":false,"max_hp_per_floor":[71,71,71,71,71,71,71,71,71,71,71,71,71,71,71,71,71,71,71,71,71,71,71,71,71,71,71,71,71,71,71,71,71,71,71,71,71,71,67,67],"card_choices":[{"not_picked":["Compile Driver","Conserve Battery"],"picked":"Undo","floor":1},{"not_picked":["Barrage","Conserve Battery"],"picked":"Rebound","floor":2},{"not_picked":["Sweeping Beam","Beam Cell"],"picked":"Cold Snap","floor":4},{"not_picked":["Redo","Rebound"],"picked":"Steam","floor":5},{"not_picked":["Conserve Battery","Compile Driver"],"picked":"Core Surge","floor":7},{"not_picked":["Gash","Steam"],"picked":"Go for the Eyes","floor":8},{"not_picked":["Barrage","Lockon"],"picked":"Conserve Battery","floor":11},{"not_picked":["Machine Learning","Beam Cell"],"picked":"Static Discharge","floor":12},{"not_picked":["Echo Form","Core Surge"],"picked":"Biased Cognition","floor":16},{"not_picked":["Beam Cell","Double Energy"],"picked":"Genetic Algorithm","floor":18},{"not_picked":["Streamline","Undo"],"picked":"FTL","floor":21},{"not_picked":["Gash","Streamline"],"picked":"Sweeping Beam","floor":22},{"not_picked":["Static Discharge+1","Beam Cell+1","Leap"],"picked":"SKIP","floor":24},{"not_picked":["Ball Lightning","Skim"],"picked":"Coolheaded","floor":28},{"not_picked":["Gash","Stack"],"picked":"Conserve Battery","floor":29},{"not_picked":["Darkness","Beam Cell","Genetic Algorithm"],"picked":"SKIP","floor":30},{"not_picked":["Doom and Gloom","Barrage"],"picked":"Ball Lightning","floor":31},{"not_picked":["Steam","Aggregate","Streamline+1"],"picked":"SKIP","floor":35},{"not_picked":["Darkness","Turbo","Aggregate"],"picked":"SKIP","floor":36},{"not_picked":["Redo+1","Self Repair"],"picked":"Chill","floor":38}],"player_experience":978834,"relics_obtained":[{"floor":9,"key":"Omamori"},{"floor":12,"key":"Bottled Flame"},{"floor":26,"key":"Lantern"},{"floor":28,"key":"Juzu Bracelet"}],"event_choices":[{"damage_healed":0,"gold_gain":0,"player_choice":"2 cards matched","damage_taken":0,"max_hp_gain":0,"max_hp_loss":0,"event_name":"Match and Keep!","floor":3,"gold_loss":0,"cards_obtained":["Doubt","Electrodynamics"]},{"damage_healed":0,"gold_gain":0,"player_choice":"Paid Gold","damage_taken":0,"relics_obtained":["Pen Nib"],"max_hp_gain":0,"max_hp_loss":0,"event_name":"WeMeetAgain","floor":13,"gold_loss":78},{"damage_healed":0,"gold_gain":0,"player_choice":"","damage_taken":7,"max_hp_gain":0,"max_hp_loss":0,"event_name":"Knowing Skull","floor":19,"potions_obtained":[],"gold_loss":0,"cards_obtained":[]},{"damage_healed":0,"gold_gain":0,"player_choice":"Opened","damage_taken":0,"relics_obtained":["Dream Catcher"],"max_hp_gain":0,"max_hp_loss":0,"event_name":"The Mausoleum","floor":27,"gold_loss":0,"cards_obtained":["Writhe"]},{"damage_healed":0,"gold_gain":0,"player_choice":"Ignored","damage_taken":0,"max_hp_gain":0,"max_hp_loss":0,"event_name":"Tomb of Lord Red Mask","floor":37,"gold_loss":0},{"damage_healed":0,"gold_gain":0,"player_choice":"Max HP","damage_taken":0,"max_hp_gain":0,"max_hp_loss":4,"event_name":"Winding Halls","floor":39,"gold_loss":0}],"is_beta":false,"boss_relics":[{"not_picked":["Empty Cage","Astrolabe"],"picked":"Runic Pyramid"},{"not_picked":["Lizard Tail","White Beast Statue"],"picked":"Velvet Choker"}],"items_purged_floors":[],"is_endless":false,"potions_floor_spawned":[1,2,5,7,18,21,22,31,33],"killed_by":"Giant Head","ascension_level":20}