{"gold_per_floor":[114,129,27,27,41,66,66,82,82,82,115,135,169,188,188,292,342,358,248,248],"floor_reached":20,"playtime":1985,"items_purged":["Strike_G"],"score":238,"play_id":"d458bc0a-dc6c-4c49-83ce-9e2b8342f79e","local_time":"20181124194926","is_ascension_mode":true,"campfire_choices":[{"floor":7,"key":"RECALL"},{"data":"Neutralize","floor":10,"key":"SMITH"},{"data":"Footwork","floor":15,"key":"SMITH"}],"neow_cost":"NONE","seed_source_timestamp":867579923298583,"circlet_count":0,"master_deck":["Defend_G","Defend_G","Defend_G","Defend_G","Defend_G","Strike_G","Strike_G","Strike_G","Strike_G","Survivor","Neutralize+1","Bullet Time","Backflip","Noxious Fumes","Footwork+1","Cloak And Dagger","Cloak And Dagger","Dagger Spray","Outmaneuver","Cloak And Dagger","Cloak And Dagger","Footwork+1","Bouncing Flask+1","Predator","Malaise","Footwork","Escape Plan"],"relics":["Ring of the Snake","Prayer Wheel","Ice Cream","Dream Catcher","Tiny House"],"potions_floor_usage":[11,11,20,20,20],"damage_taken":[{"damage":0,"enemies":"Small Slimes","floor":1,"turns":3},{"damage":0,"enemies":"Cultist","floor":2,"turns":5},{"damage":4,"enemies":"Jaw Worm","floor":5,"turns":4},{"damage":4,"enemies":"3 Sentries","floor":6,"turns":11},{"damage":6,"enemies":"3 Louse","floor":8,"turns":4},{"damage":3,"enemies":"Gremlin Nob","floor":11,"turns":4},{"damage":0,"enemies":"Large Slime","floor":12,"turns":7},{"damage":3,"enemies":"Lagavulin","floor":13,"turns":9},{"damage":3,"enemies":"Exordium Wildlife","floor":14,"turns":5},{"damage":6,"enemies":"Hexaghost","floor":16,"turns":11},{"damage":15,"enemies":"Spheric Guardian","floor":18,"turns":5},{"damage":11,"enemies":"Colosseum Slavers","floor":20,"turns":7},{"damage":57,"enemies":"Colosseum Nobs","floor":20,"turns":4}],"seed_played":"2456301787943582265","potions_obtained":[{"floor":2,"key":"PowerPotion"},{"floor":6,"key":"Swift Potion"},{"floor":13,"key":"GamblersBrew"},{"floor":14,"key":"Block Potion"},{"floor":17,"key":"GhostInAJar"}],"is_trial":false,"path_per_floor":["M","M","$","?","M","E","R","M","T","R","E","M","E","M","R","B",null,"M","$","?"],"character_chosen":"THE_SILENT","items_purchased":["Footwork","Cloak And Dagger","Escape Plan"],"campfire_rested":0,"item_purchase_floors":[3,3,19],"current_hp_per_floor":[70,70,70,70,66,62,62,56,56,56,53,53,50,47,47,41,75,60,60,0],"gold":248,"neow_bonus":"ONE_RANDOM_RARE_CARD","is_prod":false,"is_daily":false,"chose_seed":false,"campfire_upgraded":2,"win_rate":0,"timestamp":1543106966,"path_taken":["M","M","$","?","M","E","R","M","T","R","E","?","E","M","R","BOSS","M","$","?"],"build_version":"2018-11-15","purchased_purges":1,"victory":false,"max_hp_per_floor":[70,70,70,70,70,70,70,70,70,70,70,70,70,70,70,70,75,75,75,75],"card_choices":[{"not_picked":["Bane","Outmaneuver"],"picked":"Backflip","floor":1},{"not_picked":["Sucker Punch","Dodge and Roll"],"picked":"Noxious Fumes","floor":2},{"not_picked":["Tools of the Trade","Sucker Punch"],"picked":"Cloak And Dagger","floor":5},{"not_picked":["Sucker Punch","Deflect"],"picked":"Dagger Spray","floor":6},{"not_picked":["Poisoned Stab","Catalyst"],"picked":"Outmaneuver","floor":8},{"not_picked":["Deadly Poison","Slice"],"picked":"Cloak And Dagger","floor":8},{"not_picked":["Skewer","Underhanded Strike","Wraith Form v2"],"picked":"SKIP","floor":11},{"not_picked":["Terror","Deflect"],"picked":"Cloak And Dagger","floor":12},{"not_picked":["Deflect","Dagger Spray","Reflex"],"picked":"SKIP","floor":12},{"not_picked":["Dash","Prepared"],"picked":"Footwork","floor":13},{"not_picked":["Blade Dance","Underhanded Strike"],"picked":"Bouncing Flask","floor":14},{"not_picked":["Storm of Steel","Outmaneuver"],"picked":"Predator","floor":14},{"not_picked":["Die Die Die","Storm of Steel"],"picked":"Malaise","floor":16},{"not_picked":["Dagger Throw","Catalyst"],"picked":"Footwork","floor":17},{"not_picked":["Predator","Underhanded Strike","Dagger Throw+1"],"picked":"SKIP","floor":18},{"not_picked":["Slice","Bane","Cloak And Dagger"],"picked":"SKIP","floor":18}],"player_experience":45232,"relics_obtained":[{"floor":6,"key":"Prayer Wheel"},{"floor":11,"key":"Ice Cream"},{"floor":13,"key":"Dream Catcher"}],"event_choices":[{"damage_healed":0,"gold_gain":0,"player_choice":"Upgraded","damage_taken":0,"max_hp_gain":0,"max_hp_loss":0,"event_name":"Upgrade Shrine","floor":4,"gold_loss":0,"cards_upgraded":["Footwork"]},{"damage_healed":0,"gold_gain":0,"player_choice":"Fight","damage_taken":0,"max_hp_gain":0,"max_hp_loss":0,"event_name":"Colosseum","floor":20,"gold_loss":0},{"damage_healed":0,"gold_gain":0,"player_choice":"Fought Nobs","damage_taken":0,"max_hp_gain":0,"max_hp_loss":0,"event_name":"Colosseum","floor":20,"gold_loss":0}],"is_beta":false,"boss_relics":[{"not_picked":["Orrery","Fusion Hammer"],"picked":"Tiny House"}],"items_purged_floors":[19],"is_endless":false,"potions_floor_spawned":[2,6,13,14,18,20],"killed_by":"Colosseum Nobs","ascension_level":2}