{"gold_per_floor":[111,87,87,13,188,220,240,257,305,305,316,329,329,343,343,438,438,450,450,198,214,114,170,170,170,170,182,182,207,235,253,253,348,348,367,367,394,394,123,123,148,148,148,202,222,235,248,100,100,100,100,100,9,40,40],"floor_reached":55,"playtime":3078,"items_purged":["Doubt","Strike_B","Injury"],"score":854,"play_id":"b7cbd41d-08f6-4c07-835b-a9c37e7498da","local_time":"20190310000543","is_ascension_mode":true,"campfire_choices":[{"data":"Zap","floor":10,"key":"SMITH"},{"floor":13,"key":"REST"},{"data":"Defragment","floor":15,"key":"SMITH"},{"floor":25,"key":"REST"},{"data":"Apotheosis","floor":28,"key":"SMITH"},{"floor":32,"key":"REST"},{"floor":40,"key":"RECALL"},{"data":"Buffer","floor":42,"key":"SMITH"},{"floor":49,"key":"REST"},{"floor":52,"key":"REST"}],"neow_cost":"NONE","seed_source_timestamp":1908246027407144,"circlet_count":0,"master_deck":["Strike_B","Strike_B","Strike_B","Defend_B","Defend_B","Defend_B","Defend_B","Zap+1","Dualcast","Sweeping Beam","Cold Snap","Sunder","Go for the Eyes","Compile Driver","Lockon","Ball Lightning","Glacier","Defragment+1","Buffer+1","Undo+1","Necronomicurse","Apotheosis+1","Compile Driver","Streamline","Beam Cell+1","Coolheaded","Coolheaded","Meteor Strike","Conserve Battery+1","Injury","Steam+1","Reinforced Body+1","Jack Of All Trades+1","Steam Power+1"],"relics":["Cracked Core","Bronze Scales","Velvet Choker","Necronomicon","Tiny Chest","Shuriken","Lantern","Happy Flower","Cursed Key","Art of War","PreservedInsect","Kunai","Toxic Egg 2","Du-Vu Doll","DataDisk","Pen Nib"],"potions_floor_usage":[6,6,6,21,23,55,55],"damage_taken":[{"damage":0,"enemies":"Small Slimes","floor":1,"turns":2},{"damage":53,"enemies":"Lagavulin","floor":6,"turns":9},{"damage":2,"enemies":"Jaw Worm","floor":7,"turns":3},{"damage":0,"enemies":"2 Louse","floor":8,"turns":2},{"damage":9,"enemies":"Blue Slaver","floor":11,"turns":2},{"damage":8,"enemies":"Exordium Thugs","floor":12,"turns":2},{"damage":1,"enemies":"Looter","floor":14,"turns":3},{"damage":12,"enemies":"The Guardian","floor":16,"turns":10},{"damage":6,"enemies":"Spheric Guardian","floor":18,"turns":3},{"damage":0,"enemies":"Shell Parasite","floor":21,"turns":2},{"damage":6,"enemies":"Slavers","floor":23,"turns":5},{"damage":4,"enemies":"Cultist and Chosen","floor":27,"turns":4},{"damage":18,"enemies":"Gremlin Leader","floor":30,"turns":4},{"damage":0,"enemies":"Centurion and Healer","floor":31,"turns":5},{"damage":27,"enemies":"Collector","floor":33,"turns":8},{"damage":0,"enemies":"3 Darklings","floor":35,"turns":4},{"damage":12,"enemies":"Reptomancer","floor":41,"turns":4},{"damage":17,"enemies":"2 Orb Walkers","floor":44,"turns":6},{"damage":0,"enemies":"Orb Walker","floor":45,"turns":1},{"damage":0,"enemies":"4 Shapes","floor":46,"turns":3},{"damage":12,"enemies":"Spire Growth","floor":47,"turns":3},{"damage":31,"enemies":"Time Eater","floor":50,"turns":11},{"damage":27,"enemies":"Shield and Spear","floor":54,"turns":5},{"damage":62,"enemies":"The Heart","floor":55,"turns":6}],"seed_played":"2505609355398325449","potions_obtained":[{"floor":0,"key":"SpeedPotion"},{"floor":0,"key":"GamblersBrew"},{"floor":0,"key":"SneckoOil"},{"floor":1,"key":"Regen Potion"},{"floor":8,"key":"Block Potion"},{"floor":12,"key":"AttackPotion"},{"floor":14,"key":"EssenceOfSteel"},{"floor":27,"key":"Weak Potion"},{"floor":31,"key":"FairyPotion"},{"floor":41,"key":"Energy Potion"},{"floor":54,"key":"PowerPotion"}],"is_trial":false,"path_per_floor":["M","$","?","$","?","E","M","M","T","R","M","M","R","M","R","B",null,"M","?","$","M","$","E","?","R","T","M","R","T","E","M","R","B",null,"M","?","T","?","$","R","E","R","T","?","M","M","M","$","R","B",null,"R","$","E","B"],"character_chosen":"DEFECT","items_purchased":["Cold Snap","Sunder","Apotheosis","PreservedInsect","DataDisk","Jack Of All Trades+1"],"campfire_rested":5,"item_purchase_floors":[2,4,20,39,48,53],"current_hp_per_floor":[75,75,75,75,75,36,34,34,34,34,25,17,39,38,38,26,63,57,41,41,41,41,35,21,45,45,41,41,41,23,23,47,20,65,65,65,65,65,65,65,53,53,53,36,36,36,24,24,46,15,61,76,76,49,0],"gold":40,"neow_bonus":"THREE_SMALL_POTIONS","is_prod":false,"is_daily":false,"chose_seed":false,"campfire_upgraded":4,"win_rate":0,"timestamp":1552194343,"path_taken":["M","$","?","$","?","E","M","M","T","R","M","M","R","M","R","BOSS","M","?","$","M","$","E","?","R","T","M","R","?","E","M","R","BOSS","M","?","?","?","$","R","E","R","T","?","M","?","M","?","R","BOSS","R","$","E","BOSS"],"build_version":"2019-01-23","purchased_purges":3,"victory":false,"max_hp_per_floor":[75,75,75,75,75,75,75,75,75,75,75,75,75,75,75,75,75,75,75,75,75,75,75,80,80,80,80,80,80,80,80,80,80,80,80,80,80,76,76,76,76,76,76,76,76,76,76,76,76,76,76,76,76,76,76],"card_choices":[{"not_picked":["Chill","Hologram"],"picked":"Sweeping Beam","floor":1},{"not_picked":["Hello World","Beam Cell"],"picked":"Go for the Eyes","floor":6},{"not_picked":["Tempest","Turbo"],"picked":"Compile Driver","floor":7},{"not_picked":["Turbo","Scrape"],"picked":"Lockon","floor":8},{"not_picked":["Sweeping Beam","Hologram"],"picked":"Ball Lightning","floor":11},{"not_picked":["Ball Lightning","Streamline"],"picked":"Glacier","floor":12},{"not_picked":["Cold Snap","Scrape"],"picked":"Defragment","floor":14},{"not_picked":["Amplify","Thunder Strike"],"picked":"Buffer","floor":16},{"not_picked":["Steam","Turbo"],"picked":"Undo+1","floor":18},{"not_picked":["Hologram","Beam Cell"],"picked":"Compile Driver","floor":21},{"not_picked":["White Noise","Ball Lightning"],"picked":"Streamline","floor":23},{"not_picked":["Auto Shields","Sweeping Beam"],"picked":"Beam Cell+1","floor":27},{"not_picked":["Compile Driver","FTL"],"picked":"Coolheaded","floor":30},{"not_picked":["Redo+1","Amplify"],"picked":"Coolheaded","floor":31},{"not_picked":["Seek","Echo Form"],"picked":"Meteor Strike","floor":33},{"not_picked":["Double Energy","Recycle"],"picked":"Conserve Battery+1","floor":35},{"not_picked":["Compile Driver+1","Consume","Hyperbeam"],"picked":"SKIP","floor":41},{"not_picked":["Streamline+1","FTL"],"picked":"Steam+1","floor":44},{"not_picked":["Redo+1","Consume+1","Ball Lightning"],"picked":"SKIP","floor":45},{"not_picked":["Barrage+1","Consume+1"],"picked":"Reinforced Body+1","floor":46},{"not_picked":["Streamline","Self Repair","Turbo+1"],"picked":"SKIP","floor":47},{"not_picked":["Storm","Chaos+1"],"picked":"Steam Power+1","floor":54}],"player_experience":145274,"relics_obtained":[{"floor":6,"key":"Bronze Scales"},{"floor":19,"key":"Necronomicon"},{"floor":23,"key":"Tiny Chest"},{"floor":26,"key":"Shuriken"},{"floor":29,"key":"Lantern"},{"floor":30,"key":"Happy Flower"},{"floor":37,"key":"Art of War"},{"floor":41,"key":"Kunai"},{"floor":43,"key":"Toxic Egg 2"},{"floor":44,"key":"Du-Vu Doll"},{"floor":54,"key":"Pen Nib"}],"event_choices":[{"damage_healed":0,"gold_gain":0,"player_choice":"Leave","damage_taken":0,"max_hp_gain":0,"max_hp_loss":0,"event_name":"The Cleric","floor":3,"gold_loss":0},{"damage_healed":0,"gold_gain":175,"player_choice":"AGREE","damage_taken":0,"max_hp_gain":0,"max_hp_loss":0,"event_name":"Liars Game","floor":5,"gold_loss":0,"cards_obtained":["Doubt"]},{"damage_healed":0,"gold_gain":0,"player_choice":"Obtained Book","damage_taken":16,"max_hp_gain":0,"max_hp_loss":0,"event_name":"Cursed Tome","floor":19,"gold_loss":0},{"damage_healed":0,"gold_gain":0,"player_choice":"Shed Blood","damage_taken":19,"max_hp_gain":5,"max_hp_loss":0,"event_name":"Forgotten Altar","floor":24,"gold_loss":0},{"damage_healed":0,"gold_gain":0,"player_choice":"Ignored","damage_taken":0,"max_hp_gain":0,"max_hp_loss":0,"event_name":"Tomb of Lord Red Mask","floor":36,"gold_loss":0},{"damage_healed":0,"gold_gain":0,"player_choice":"Max HP","damage_taken":0,"max_hp_gain":0,"max_hp_loss":4,"event_name":"Winding Halls","floor":38,"gold_loss":0},{"damage_healed":0,"gold_gain":0,"player_choice":"Fight","damage_taken":0,"max_hp_gain":0,"max_hp_loss":0,"event_name":"Mysterious Sphere","floor":44,"gold_loss":0}],"is_beta":false,"boss_relics":[{"not_picked":["Empty Cage","Tiny House"],"picked":"Velvet Choker"},{"not_picked":["Philosopher\u0027s Stone","FrozenCore"],"picked":"Cursed Key"}],"items_purged_floors":[20,22,39],"is_endless":false,"potions_floor_spawned":[1,8,12,14,27,31,33,41,45,54],"killed_by":"The Heart","ascension_level":5}