{"gold_per_floor":[110,130,141,66,83,113,131,131,157,176,76,26,26,38,38,133,133,149,162,182,57,57,57,57,57,57,87,99,99,116,116,116,218,218,231,231,248,262,278,306,156,167,167,178,190,206,206,31,31,31],"floor_reached":51,"playtime":2469,"items_purged":["Strike_R","Strike_R","Bash","Doubt","Strike_R"],"score":805,"play_id":"9067d6dd-0c46-4f3a-9843-ba85796a9913","local_time":"20180812170951","is_ascension_mode":false,"campfire_choices":[{"data":"Shrug It Off","floor":8.0,"key":"SMITH"},{"data":"Pommel Strike","floor":13.0,"key":"SMITH"},{"data":"Immolate","floor":15.0,"key":"SMITH"},{"data":"Rampage","floor":23.0,"key":"SMITH"},{"data":"Rage","floor":25.0,"key":"SMITH"},{"data":"Defend_R","floor":29.0,"key":"SMITH"},{"data":"Strike_R","floor":32.0,"key":"SMITH"},{"floor":47,"key":"REST"},{"floor":49,"key":"REST"}],"neow_cost":"NONE","seed_source_timestamp":0,"circlet_count":0,"master_deck":["Strike_R","Strike_R+1","Defend_R+1","Defend_R","Immolate+1","Shrug It Off+1","Pommel Strike+1","Thunderclap+1","Rampage+1","Rage+1"],"special_seed":0,"relics":["Burning Blood","Boot","Vajra","Cursed Key","Magic Flower","Oddly Smooth Stone","Sozu","Torii","Art of War"],"potions_floor_usage":[],"damage_taken":[{"damage":2.0,"enemies":"Small Slimes","floor":1.0,"turns":3.0},{"damage":6.0,"enemies":"Jaw Worm","floor":2.0,"turns":2.0},{"damage":6.0,"enemies":"Cultist","floor":3.0,"turns":3.0},{"damage":24.0,"enemies":"Large Slime","floor":5.0,"turns":5.0},{"damage":11.0,"enemies":"3 Sentries","floor":6.0,"turns":4.0},{"damage":7.0,"enemies":"Looter","floor":7.0,"turns":3.0},{"damage":3.0,"enemies":"Red Slaver","floor":10.0,"turns":4.0},{"damage":0.0,"enemies":"3 Louse","floor":14.0,"turns":1.0},{"damage":47.0,"enemies":"Hexaghost","floor":16.0,"turns":10.0},{"damage":12.0,"enemies":"Chosen","floor":18.0,"turns":3.0},{"damage":0.0,"enemies":"3 Byrds","floor":19.0,"turns":1.0},{"damage":4.0,"enemies":"Snecko","floor":20.0,"turns":4.0},{"damage":27.0,"enemies":"Book of Stabbing","floor":27.0,"turns":5.0},{"damage":0.0,"enemies":"Cultist and Chosen","floor":28.0,"turns":3.0},{"damage":5.0,"enemies":"Snake Plant","floor":30.0,"turns":3.0},{"damage":33.0,"enemies":"Collector","floor":33.0,"turns":10.0},{"damage":2.0,"enemies":"3 Darklings","floor":35.0,"turns":2.0},{"damage":6.0,"floor":36.0,"turns":6.0},{"damage":1.0,"enemies":"Orb Walker","floor":37.0,"turns":3.0},{"damage":28.0,"enemies":"Flame Bruiser 2 Orb","floor":38.0,"turns":6.0},{"damage":38.0,"enemies":"Transient","floor":39.0,"turns":5.0},{"damage":11.0,"enemies":"2 Orb Walkers","floor":40.0,"turns":3.0},{"damage":3.0,"enemies":"Sphere and 2 Shapes","floor":42.0,"turns":3.0},{"damage":19,"enemies":"Maw","floor":44,"turns":7},{"damage":0,"enemies":"Flame Bruiser 2 Orb","floor":45,"turns":3},{"damage":0,"enemies":"Spire Growth","floor":46,"turns":4},{"damage":57,"enemies":"Awakened One","floor":50,"turns":14}],"seed_played":"-1915482331408777006","potions_obtained":[{"floor":5.0,"key":"Fire Potion"},{"floor":6.0,"key":"Energy Potion"},{"floor":10.0,"key":"Dexterity Potion"},{"floor":16.0,"key":"Dexterity Potion"},{"floor":19.0,"key":"Explosive Potion"},{"floor":30.0,"key":"SkillPotion"}],"is_trial":false,"path_per_floor":["M","M","M","$","M","E","M","R","T","M","$","?","R","M","R","B",null,"M","M","M","$","?","R","?","R","T","E","M","R","M","$","R","B",null,"M","?","M","M","M","E","$","M","T","M","M","M","R","$","R","B"],"character_chosen":"IRONCLAD","items_purchased":[],"campfire_rested":2,"item_purchase_floors":[],"current_hp_per_floor":[80,80,80,80,62,57,56,56,56,59,59,59,59,65,65,24,80,74,80,80,80,80,80,80,80,80,62,71,71,75,75,75,51,80,80,80,80,61,32,30,30,36,36,26,35,44,68,68,80,32],"gold":31,"neow_bonus":"TRANSFORM_CARD","is_prod":false,"is_daily":false,"chose_seed":false,"campfire_upgraded":7,"win_rate":0,"timestamp":1534064991,"path_taken":["M","M","M","$","M","E","M","R","T","M","$","?","R","M","R","BOSS","M","M","M","$","?","R","?","R","T","E","?","R","M","$","R","BOSS","M","?","M","M","M","E","$","M","T","M","M","M","R","$","R","BOSS"],"build_version":"2018-08-09","purchased_purges":5,"victory":true,"max_hp_per_floor":[80,80,80,80,80,80,80,80,80,80,80,80,80,80,80,80,80,80,80,80,80,80,80,80,80,80,80,80,80,80,80,80,80,80,80,80,80,80,80,80,80,80,80,80,80,80,80,80,80,80],"card_choices":[{"not_picked":["Clash","Perfected Strike"],"picked":"Shrug It Off","floor":1.0},{"not_picked":["Iron Wave","Shrug It Off","Sword Boomerang"],"picked":"SKIP","floor":2.0},{"not_picked":["Dark Embrace","Clothesline","Twin Strike"],"picked":"SKIP","floor":3.0},{"not_picked":["Searing Blow","Body Slam","Warcry"],"picked":"SKIP","floor":5.0},{"not_picked":["Dual Wield","Burning Pact","Wild Strike"],"picked":"SKIP","floor":6.0},{"not_picked":["Sword Boomerang","Ghostly Armor"],"picked":"Pommel Strike","floor":7.0},{"not_picked":["Flex","Clothesline","Twin Strike"],"picked":"SKIP","floor":10.0},{"not_picked":["Wild Strike","Anger","Warcry"],"picked":"SKIP","floor":14.0},{"not_picked":["Entrench+1","Hemokinesis"],"picked":"Thunderclap+1","floor":18.0},{"not_picked":["Havoc","Body Slam"],"picked":"Rampage","floor":19.0},{"not_picked":["Shrug It Off","Wild Strike+1","Evolve"],"picked":"SKIP","floor":20.0},{"not_picked":["Perfected Strike","Fiend Fire","Blood for Blood"],"picked":"SKIP","floor":27.0},{"not_picked":["True Grit","Twin Strike","Rupture"],"picked":"SKIP","floor":28.0},{"not_picked":["Warcry","Ghostly Armor","Thunderclap"],"picked":"SKIP","floor":30.0},{"not_picked":["Fire Breathing","Evolve+1","Clash+1"],"picked":"SKIP","floor":35.0},{"not_picked":["Flex","Body Slam+1","Pommel Strike"],"picked":"SKIP","floor":37.0},{"not_picked":["Cleave+1","Twin Strike+1","Warcry"],"picked":"SKIP","floor":38.0},{"not_picked":["Clothesline","Sentinel+1","Havoc+1"],"picked":"SKIP","floor":39.0},{"not_picked":["Corruption","Dropkick+1","Flex"],"picked":"SKIP","floor":40.0},{"not_picked":["Wild Strike+1","Shrug It Off","Twin Strike"],"picked":"SKIP","floor":42.0},{"not_picked":["Uppercut","Anger+1","Juggernaut"],"picked":"SKIP","floor":44},{"not_picked":["Headbutt+1","Wild Strike+1","Armaments"],"picked":"SKIP","floor":45},{"not_picked":["True Grit","Clash","Battle Trance+1"],"picked":"SKIP","floor":46}],"player_experience":302355,"relics_obtained":[{"floor":6.0,"key":"Boot"},{"floor":9.0,"key":"Vajra"},{"floor":26.0,"key":"Magic Flower"},{"floor":27.0,"key":"Oddly Smooth Stone"},{"floor":36.0,"key":"Torii"},{"floor":40.0,"key":"Art of War"}],"event_choices":[{"event_name":"The Cleric","player_choice":"Card Removal","floor":12.0,"damage_taken":0.0},{"event_name":"Vampires","player_choice":"Ignored","floor":22.0,"damage_taken":0.0},{"event_name":"The Library","player_choice":"Read","floor":24.0,"damage_taken":0.0},{"event_name":"MindBloom","player_choice":"Fight","floor":36.0,"damage_taken":0.0}],"is_beta":false,"boss_relics":[{"not_picked":["Coffee Dripper","Pandora\u0027s Box"],"picked":"Cursed Key"},{"not_picked":["Runic Pyramid","Lizard Tail"],"picked":"Sozu"}],"items_purged_floors":[4,11,21,41,48],"is_endless":false,"potions_floor_spawned":[5,6,10,16,19,30,36,37,38,40,45],"ascension_level":0}