{"gold_per_floor":[119,119,135,151,151,151,190,190,190,231,300,321,321,354,354,450,450,475,475,495,509,534,834,868,868,868,868,906,927,927,951,951,1047,1047,1066,1191,1212,1233,279,319,340,25,25,25,25,45,78,97,97,97],"floor_reached":51,"playtime":3131,"items_purged":["Defend_B","Strike_B"],"score":1463,"play_id":"a9daf496-ffe3-4b03-ba5d-22954a69261c","local_time":"20190416160933","is_ascension_mode":true,"campfire_choices":[{"data":"Go for the Eyes","floor":6.0,"key":"SMITH"},{"floor":8.0,"key":"REST"},{"floor":13.0,"key":"DIG"},{"floor":15.0,"key":"DIG"},{"floor":23.0,"key":"DIG"},{"floor":25.0,"key":"DIG"},{"floor":27.0,"key":"DIG"},{"floor":32.0,"key":"DIG"},{"data":"Consume","floor":45.0,"key":"SMITH"},{"data":"Secret Weapon","floor":49.0,"key":"SMITH"}],"neow_cost":"NONE","seed_source_timestamp":520904040313280,"circlet_count":0,"master_deck":["AscendersBane","Strike_B","Defend_B+1","Defend_B","Zap+1","Dualcast+1","Self Repair","Steam","Go for the Eyes+1","Rip and Tear","Capacitor","Biased Cognition","Coolheaded","All For One","Lockon+1","All For One+1","Ball Lightning","Beam Cell+1","Gash","Conserve Battery","Steam","Consume+1","Cold Snap+1","Hologram+1","Gash+1","Coolheaded+1","Scrape+1","Secret Weapon+1"],"special_seed":0,"relics":["Cracked Core","Golden Idol","FossilizedHelix","Shovel","Mercury Hourglass","War Paint","Sundial","Odd Mushroom","Centennial Puzzle","Astrolabe","Old Coin","Bag of Preparation","Bottled Flame","Molten Egg 2","Emotion Chip","Cables","Prayer Wheel","Coffee Dripper","Ginger","Regal Pillow","PrismaticShard","Symbiotic Virus","Turnip","Frozen Eye","Juzu Bracelet"],"potions_floor_usage":[50],"damage_taken":[{"damage":7.0,"enemies":"Jaw Worm","floor":1.0,"turns":3.0},{"damage":5.0,"enemies":"2 Louse","floor":3.0,"turns":3.0},{"damage":0.0,"enemies":"Small Slimes","floor":4.0,"turns":3.0},{"damage":26.0,"enemies":"Lagavulin","floor":7.0,"turns":7.0},{"damage":15.0,"enemies":"3 Sentries","floor":10.0,"turns":10.0},{"damage":18.0,"enemies":"Gremlin Nob","floor":11.0,"turns":4.0},{"damage":0.0,"enemies":"Exordium Thugs","floor":12.0,"turns":2.0},{"damage":0.0,"enemies":"The Mushroom Lair","floor":14.0,"turns":3.0},{"damage":8.0,"enemies":"Slime Boss","floor":16.0,"turns":8.0},{"damage":8.0,"enemies":"Shell Parasite","floor":18.0,"turns":6.0},{"damage":6.0,"enemies":"Chosen","floor":20.0,"turns":3.0},{"damage":0.0,"enemies":"Snake Plant","floor":21.0,"turns":3.0},{"damage":6.0,"enemies":"Cultist and Chosen","floor":22.0,"turns":3.0},{"damage":10.0,"enemies":"Gremlin Leader","floor":24.0,"turns":6.0},{"damage":10.0,"enemies":"Slavers","floor":28.0,"turns":3.0},{"damage":0.0,"enemies":"3 Cultists","floor":29.0,"turns":4.0},{"damage":0.0,"enemies":"Centurion and Healer","floor":31.0,"turns":3.0},{"damage":12.0,"enemies":"Champ","floor":33.0,"turns":10.0},{"damage":0.0,"enemies":"3 Shapes","floor":35.0,"turns":5.0},{"damage":0.0,"enemies":"Mind Bloom Boss Battle","floor":36.0,"turns":7.0},{"damage":0.0,"enemies":"3 Darklings","floor":37.0,"turns":5.0},{"damage":6.0,"enemies":"Spire Growth","floor":38.0,"turns":4.0},{"damage":19.0,"enemies":"Nemesis","floor":40.0,"turns":3.0},{"damage":0.0,"enemies":"Jaw Worm Horde","floor":41.0,"turns":4.0},{"damage":9.0,"enemies":"3 Darklings","floor":46.0,"turns":3.0},{"damage":0.0,"enemies":"Reptomancer","floor":47.0,"turns":4.0},{"damage":11.0,"enemies":"Sphere and 2 Shapes","floor":48.0,"turns":4.0},{"damage":19,"enemies":"Awakened One","floor":50,"turns":9}],"seed_played":"-1470761496358398105","potions_obtained":[{"floor":0.0,"key":"Weak Potion"},{"floor":0.0,"key":"SteroidPotion"},{"floor":10.0,"key":"SteroidPotion"},{"floor":11.0,"key":"GamblersBrew"},{"floor":14.0,"key":"AttackPotion"},{"floor":18.0,"key":"Ancient Potion"},{"floor":24.0,"key":"PowerPotion"},{"floor":28.0,"key":"Poison Potion"},{"floor":29.0,"key":"Regen Potion"},{"floor":36.0,"key":"PowerPotion"},{"floor":41.0,"key":"GamblersBrew"},{"floor":46.0,"key":"SkillPotion"}],"is_trial":false,"path_per_floor":["M","?","M","M","?","R","E","R","T","E","?","M","R","?","R","B",null,"M","?","M","M","M","R","E","R","T","R","E","M","?","M","R","B",null,"M","?","M","M","$","E","M","$","T","?","R","M","E","M","R","B",null],"character_chosen":"DEFECT","items_purchased":["Regal Pillow","PrismaticShard","Symbiotic Virus","Scrape+1","Secret Weapon","Frozen Eye"],"campfire_rested":1,"item_purchase_floors":[39,39,39,39,39,42],"current_hp_per_floor":[57,33,35,42,42,42,23,44,44,36,25,32,32,39,39,38,63,62,62,63,63,57,57,54,54,54,54,44,51,51,51,51,39,63,70,71,71,65,65,53,60,60,60,60,60,51,63,59,59,47],"gold":97,"neow_bonus":"THREE_SMALL_POTIONS","is_prod":false,"is_daily":false,"chose_seed":false,"campfire_upgraded":3,"win_rate":0,"timestamp":1555423773,"path_taken":["M","?","M","M","?","R","E","R","T","E","?","M","R","?","R","BOSS","M","?","M","M","?","R","E","R","T","R","E","M","?","M","R","BOSS","M","?","M","M","$","E","M","$","T","?","R","M","E","M","R","BOSS"],"build_version":"2019-01-23","purchased_purges":2,"victory":true,"max_hp_per_floor":[71,71,71,71,71,71,71,71,71,71,71,71,71,71,71,71,71,71,71,71,71,71,71,71,71,71,71,71,71,71,71,71,71,71,71,71,71,71,71,71,71,71,71,71,71,71,71,71,71,71],"card_choices":[{"not_picked":["Skim","Gash"],"picked":"Self Repair","floor":1.0},{"not_picked":["Turbo","Force Field"],"picked":"Steam","floor":3.0},{"not_picked":["Redo","BootSequence"],"picked":"Go for the Eyes","floor":4.0},{"not_picked":["Reinforced Body","Stack"],"picked":"Rip and Tear","floor":7.0},{"not_picked":["Aggregate","Reinforced Body"],"picked":"Capacitor","floor":10.0},{"not_picked":["Compile Driver","Conserve Battery"],"picked":"Biased Cognition","floor":12.0},{"not_picked":["Conserve Battery","Leap"],"picked":"Coolheaded","floor":14.0},{"not_picked":["Hyperbeam","Machine Learning"],"picked":"All For One","floor":16.0},{"not_picked":["Heatsinks","Steam Power"],"picked":"Ball Lightning","floor":18.0},{"not_picked":["Blizzard","Static Discharge"],"picked":"Beam Cell+1","floor":20.0},{"not_picked":["Go for the Eyes","Beam Cell"],"picked":"Gash","floor":21.0},{"not_picked":["Rebound","Gash","Barrage"],"picked":"SKIP","floor":22.0},{"not_picked":["Double Energy","Meteor Strike","Barrage"],"picked":"SKIP","floor":24.0},{"not_picked":["Rebound+1","Reprogram"],"picked":"Conserve Battery","floor":28.0},{"not_picked":["Barrage+1","Lockon+1","Melter+1"],"picked":"SKIP","floor":29.0},{"not_picked":["Streamline+1","Reinforced Body+1"],"picked":"Steam","floor":31.0},{"not_picked":["Coolheaded","Beam Cell+1"],"picked":"Consume","floor":35.0},{"not_picked":["Heatsinks","Aggregate","Ball Lightning+1"],"picked":"SKIP","floor":35.0},{"not_picked":["Static Discharge+1","Turbo"],"picked":"Cold Snap+1","floor":36.0},{"not_picked":["Conserve Battery","Leap+1"],"picked":"Hologram+1","floor":37.0},{"not_picked":["Rebound+1","Cold Snap+1","Hologram"],"picked":"SKIP","floor":37.0},{"not_picked":["Rebound+1","Hologram"],"picked":"Gash+1","floor":38.0},{"not_picked":["Melter+1","Genetic Algorithm"],"picked":"Coolheaded+1","floor":38.0},{"not_picked":["Darkness","Conserve Battery","Ghostly Armor"],"picked":"SKIP","floor":40.0},{"not_picked":["Tools of the Trade","Deadly Poison+1","Cold Snap+1"],"picked":"SKIP","floor":41.0},{"not_picked":["Auto Shields","Leap","Perfected Strike+1"],"picked":"SKIP","floor":41.0},{"not_picked":["Dagger Throw+1","Acrobatics","Sever Soul+1"],"picked":"SKIP","floor":46.0},{"not_picked":["Havoc","Second Wind","Dagger Spray+1"],"picked":"SKIP","floor":46.0},{"not_picked":["Terror","Forethought","Recycle+1"],"picked":"SKIP","floor":47.0},{"not_picked":["Secret Technique","Acrobatics","Iron Wave+1"],"picked":"SKIP","floor":48.0},{"not_picked":["Rebound+1","Twin Strike+1","Reflex"],"picked":"SKIP","floor":48.0}],"player_experience":643894,"relics_obtained":[{"floor":7.0,"key":"FossilizedHelix"},{"floor":9.0,"key":"Shovel"},{"floor":10.0,"key":"Mercury Hourglass"},{"floor":11.0,"key":"War Paint"},{"floor":13.0,"key":"Sundial"},{"floor":14.0,"key":"Odd Mushroom"},{"floor":15.0,"key":"Centennial Puzzle"},{"floor":23.0,"key":"Old Coin"},{"floor":24.0,"key":"Bag of Preparation"},{"floor":25.0,"key":"Bottled Flame"},{"floor":26.0,"key":"Molten Egg 2"},{"floor":27.0,"key":"Emotion Chip"},{"floor":28.0,"key":"Cables"},{"floor":32.0,"key":"Prayer Wheel"},{"floor":36.0,"key":"Ginger"},{"floor":40.0,"key":"Turnip"},{"floor":47.0,"key":"Juzu Bracelet"}],"event_choices":[{"damage_healed":0.0,"max_hp_gain":0.0,"max_hp_loss":0.0,"gold_gain":0.0,"event_name":"Golden Idol","player_choice":"Take Damage","floor":2.0,"gold_loss":0.0,"damage_taken":24.0,"relics_obtained":["Golden Idol"]},{"damage_healed":0.0,"max_hp_gain":0.0,"max_hp_loss":0.0,"gold_gain":0.0,"event_name":"Liars Game","player_choice":"Ignored","floor":5.0,"gold_loss":0.0,"damage_taken":0.0},{"damage_healed":0.0,"max_hp_gain":0.0,"max_hp_loss":0.0,"gold_gain":0.0,"event_name":"Dead Adventurer","player_choice":"Searched \u00272\u0027 times","floor":11.0,"gold_loss":0.0,"damage_taken":0.0},{"damage_healed":0.0,"max_hp_gain":0.0,"max_hp_loss":0.0,"gold_gain":0.0,"event_name":"Mushrooms","player_choice":"Fought Mushrooms","floor":14.0,"gold_loss":0.0,"damage_taken":0.0},{"damage_healed":0.0,"max_hp_gain":0.0,"max_hp_loss":0.0,"gold_gain":0.0,"event_name":"Upgrade Shrine","player_choice":"Upgraded","floor":19.0,"gold_loss":0.0,"damage_taken":0.0,"cards_upgraded":["Zap"]},{"damage_healed":0.0,"max_hp_gain":0.0,"max_hp_loss":0.0,"gold_gain":0.0,"event_name":"Vampires","player_choice":"Ignored","floor":30.0,"gold_loss":0.0,"damage_taken":0.0},{"damage_healed":0.0,"max_hp_gain":0.0,"max_hp_loss":0.0,"gold_gain":0.0,"event_name":"MindBloom","player_choice":"Fight","floor":36.0,"gold_loss":0.0,"damage_taken":0.0},{"cards_removed":["Coolheaded"],"damage_healed":0.0,"max_hp_gain":0.0,"max_hp_loss":0.0,"gold_gain":0.0,"event_name":"Falling","player_choice":"Removed Skill","floor":44.0,"gold_loss":0.0,"damage_taken":0.0}],"is_beta":false,"boss_relics":[{"not_picked":["Velvet Choker","White Beast Statue"],"picked":"Astrolabe"},{"not_picked":["Fusion Hammer","Snecko Eye"],"picked":"Coffee Dripper"}],"items_purged_floors":[39,42],"is_endless":false,"potions_floor_spawned":[10,11,14,18,24,28,29,33,35,36,38,41,46],"ascension_level":16}