{"path_per_floor":["M","$","M","M","?","R","E","$","T","R","M","M","M","M","R","B",null,"M","M","?","M","$","R","E","R","T","M","$","$","R","E","R"],"character_chosen":"THE_SILENT","items_purchased":["Slice","Blur","Noxious Fumes","Flying Knee+1"],"gold_per_floor":[109,8,28,44,44,44,70,35,35,35,47,63,82,98,98,195,195,214,231,231,243,143,143,168,168,238,252,32,32,32,63,63,63],"floor_reached":33,"campfire_rested":4,"playtime":1794,"item_purchase_floors":[],"current_hp_per_floor":[64,64,64,63,51,75,50,50,50,50,50,35,23,23,47,35,80,59,47,47,32,32,56,53,53,53,43,43,43,67,64,64,0],"items_purged":["Doubt","Clumsy","Quick Slash"],"gold":63,"score":326,"play_id":"ab26cf2a-6cd3-40d3-8b9d-769877fd0eae","local_time":"20180613100723","is_prod":false,"is_daily":false,"chose_seed":false,"is_ascension_mode":true,"campfire_upgraded":3,"win_rate":0,"timestamp":1528902443,"campfire_choices":[{"floor":6.0,"key":"REST"},{"data":"Unload","floor":10.0,"key":"SMITH"},{"floor":15.0,"key":"REST"},{"floor":23.0,"key":"REST"},{"data":"Crippling Poison","floor":25.0,"key":"SMITH"},{"floor":30.0,"key":"REST"},{"data":"Noxious Fumes","floor":32,"key":"SMITH"}],"path_taken":["M","$","M","M","?","R","E","$","T","R","M","M","M","?","R","BOSS","M","M","?","M","$","R","E","R","T","M","?","$","R","E","R","BOSS"],"build_version":"2018-06-07v3","seed_source_timestamp":0,"purchased_purges":3,"victory":false,"master_deck":["Defend_G","Defend_G","Defend_G","Defend_G","Defend_G","Strike_G","Strike_G","Strike_G","Strike_G","Strike_G","Survivor","Neutralize","Poisoned Stab","Slice","Slice","Terror","Unload+1","Bane+1","Die Die Die+1","Blur","Blur","Flying Knee+1","Crippling Poison+1","Quick Slash+1","Backstab+1","Quick Slash+1","Dagger Spray+1","All Out Attack+1","Envenom","Backstab+1","Escape Plan+1","Dagger Throw+1","Dagger Throw+1","Masterful Stab+1","Noxious Fumes+1","Flying Knee+1","Leg Sweep+1"],"max_hp_per_floor":[80,80,80,80,80,80,80,80,80,80,80,80,80,80,80,80,80,80,80,80,80,80,80,80,80,80,80,80,80,80,80,80,80],"relics":["Calling Bell","Dream Catcher","Pear","Prayer Wheel","Molten Egg 2","Bronze Scales","Vajra","Busted Crown","Mercury Hourglass","Letter Opener","Meat on the Bone"],"card_choices":[{"not_picked":["Riddle With Holes","Deflect"],"picked":"Poisoned Stab","floor":1.0},{"not_picked":["Dodge and Roll","Dagger Throw","Riddle With Holes"],"picked":"SKIP","floor":1.0},{"not_picked":["Quick Slash","Bane"],"picked":"Slice","floor":3.0},{"not_picked":["Sucker Punch","Quick Slash"],"picked":"Terror","floor":3.0},{"not_picked":["Expertise","Underhanded Strike"],"picked":"Quick Slash","floor":4.0},{"not_picked":["Crippling Poison","Slice"],"picked":"Unload","floor":4.0},{"not_picked":["Cloak And Dagger","Dagger Spray+1"],"picked":"Bane+1","floor":6.0},{"not_picked":["Backflip","Finisher+1"],"picked":"Die Die Die+1","floor":7.0},{"not_picked":["Backflip","Acrobatics"],"picked":"Blur","floor":11.0},{"not_picked":["Cloak And Dagger","Escape Plan"],"picked":"Flying Knee+1","floor":11.0},{"not_picked":["Reflex","Finisher+1"],"picked":"Crippling Poison","floor":12.0},{"not_picked":["PiercingWail","Cloak And Dagger"],"picked":"Quick Slash+1","floor":12.0},{"not_picked":["Backflip","Flying Knee+1"],"picked":"Backstab+1","floor":13.0},{"not_picked":["Bouncing Flask","Malaise","Acrobatics"],"picked":"SKIP","floor":13.0},{"not_picked":["Deflect","PiercingWail"],"picked":"Quick Slash+1","floor":14.0},{"not_picked":["Outmaneuver","Well Laid Plans"],"picked":"Dagger Spray+1","floor":14.0},{"not_picked":["Flying Knee+1","Quick Slash+1"],"picked":"All Out Attack+1","floor":15.0},{"not_picked":["Storm of Steel","Tactician"],"picked":"Envenom","floor":16.0},{"not_picked":[],"picked":"Backstab+1","floor":18.0},{"not_picked":[],"picked":"Escape Plan+1","floor":18.0},{"not_picked":["Prepared"],"picked":"SKIP","floor":19.0},{"not_picked":["PiercingWail"],"picked":"SKIP","floor":19.0},{"not_picked":[],"picked":"Dagger Throw+1","floor":21.0},{"not_picked":["Dodge and Roll"],"picked":"SKIP","floor":21.0},{"not_picked":[],"picked":"Dagger Throw+1","floor":24.0},{"not_picked":[],"picked":"Masterful Stab+1","floor":27.0},{"not_picked":["Dagger Throw+1"],"picked":"SKIP","floor":27.0},{"not_picked":[],"picked":"Leg Sweep+1","floor":30.0},{"not_picked":["Prepared"],"picked":"SKIP","floor":31}],"player_experience":105568,"potions_floor_usage":[31,33,33],"damage_taken":[{"damage":16.0,"enemies":"Cultist","floor":1.0,"turns":6.0},{"damage":0.0,"enemies":"2 Louse","floor":3.0,"turns":3.0},{"damage":1.0,"enemies":"Jaw Worm","floor":4.0,"turns":4.0},{"damage":25.0,"enemies":"Gremlin Nob","floor":7.0,"turns":4.0},{"damage":0.0,"enemies":"Gremlin Gang","floor":11.0,"turns":3.0},{"damage":15.0,"enemies":"Red Slaver","floor":12.0,"turns":2.0},{"damage":12.0,"enemies":"Exordium Thugs","floor":13.0,"turns":2.0},{"damage":0.0,"enemies":"Gremlin Gang","floor":14.0,"turns":3.0},{"damage":12.0,"enemies":"Hexaghost","floor":16.0,"turns":7.0},{"damage":21.0,"enemies":"Chosen","floor":18.0,"turns":4.0},{"damage":12.0,"enemies":"Shell Parasite","floor":19.0,"turns":2.0},{"damage":15.0,"enemies":"Snake Plant","floor":21.0,"turns":3.0},{"damage":3.0,"enemies":"Gremlin Leader","floor":24.0,"turns":5.0},{"damage":10.0,"enemies":"Centurion and Healer","floor":27.0,"turns":2.0},{"damage":3,"enemies":"Slavers","floor":31,"turns":3},{"damage":66,"enemies":"Champ","floor":33,"turns":7}],"relics_obtained":[{"floor":0.0,"key":"Dream Catcher"},{"floor":0.0,"key":"Pear"},{"floor":0.0,"key":"Prayer Wheel"},{"floor":7.0,"key":"Bronze Scales"},{"floor":9.0,"key":"Vajra"},{"floor":24.0,"key":"Mercury Hourglass"},{"floor":26.0,"key":"Letter Opener"},{"floor":31,"key":"Meat on the Bone"}],"event_choices":[{"event_name":"Scrap Ooze","player_choice":"success","floor":5.0,"damage_taken":12.0},{"event_name":"Purifier","player_choice":"One Purge","floor":20.0,"damage_taken":0.0}],"boss_relics":[{"not_picked":["Ectoplasm","Black Star"],"picked":"Busted Crown"}],"items_purged_floors":[],"potions_floor_spawned":[4,13,21,24,27],"seed_played":"8338610589351400869","killed_by":"Champ","ascension_level":1,"potions_obtained":[{"floor":4.0,"key":"SteroidPotion"},{"floor":13.0,"key":"GhostInAJar"},{"floor":21.0,"key":"GamblersBrew"},{"floor":24.0,"key":"LiquidBronze"},{"floor":27.0,"key":"GhostInAJar"}],"is_trial":false}