{"gold_per_floor":[113,113,113,113,129,164,164,176,176,126,126,44,60,8,8,8],"floor_reached":16,"playtime":433,"items_purged":[],"score":148,"play_id":"dfe5052b-7498-4be6-853e-9b8f4e2b1e77","local_time":"20181016225009","is_ascension_mode":true,"campfire_choices":[{"data":"Twin Strike","floor":7,"key":"SMITH"},{"data":"Anger","floor":15,"key":"SMITH"}],"neow_cost":"NONE","seed_source_timestamp":45113697720850,"circlet_count":0,"master_deck":["Strike_R","Strike_R","Defend_R","Defend_R","Defend_R","Bash","Power Through","Power Through","Wild Strike","Twin Strike+1","Cleave","Pummel","Anger+1","Shrug It Off"],"relics":["Burning Blood","NeowsBlessing","Blue Candle","Art of War","Golden Idol"],"potions_floor_usage":[],"damage_taken":[{"damage":0,"enemies":"Small Slimes","floor":1,"turns":1},{"damage":0,"enemies":"Jaw Worm","floor":5,"turns":1},{"damage":0,"enemies":"Gremlin Nob","floor":6,"turns":1},{"damage":2,"enemies":"2 Louse","floor":8,"turns":2},{"damage":14,"enemies":"Lots of Slimes","floor":13,"turns":5},{"damage":77,"enemies":"The Guardian","floor":16,"turns":11}],"seed_played":"-6381767432490820497","potions_obtained":[{"floor":1,"key":"GamblersBrew"},{"floor":6,"key":"Poison Potion"},{"floor":13,"key":"EssenceOfSteel"}],"is_trial":false,"path_per_floor":["M","?","?","?","M","E","R","M","T","?","?","$","M","$","R"],"character_chosen":"IRONCLAD","items_purchased":["Pummel","Shrug It Off"],"campfire_rested":0,"item_purchase_floors":[12,14],"current_hp_per_floor":[80,80,80,73,79,80,80,80,80,80,60,60,52,52,52,0],"gold":8,"neow_bonus":"THREE_ENEMY_KILL","is_prod":false,"is_daily":false,"chose_seed":false,"campfire_upgraded":2,"win_rate":0,"timestamp":1539723009,"path_taken":["M","?","?","?","M","E","R","?","T","?","?","?","M","$","R","BOSS"],"build_version":"2018-10-11","purchased_purges":0,"victory":false,"max_hp_per_floor":[80,80,80,80,80,80,80,80,80,80,80,80,80,80,80,80],"card_choices":[{"not_picked":["Battle Trance","Dual Wield"],"picked":"Power Through","floor":1},{"not_picked":["Armaments","Sword Boomerang"],"picked":"Wild Strike","floor":5},{"not_picked":["Fire Breathing","Clash"],"picked":"Twin Strike","floor":6},{"not_picked":["Feel No Pain","Whirlwind"],"picked":"Cleave","floor":8},{"not_picked":["Warcry","Corruption"],"picked":"Anger","floor":13}],"player_experience":204985,"relics_obtained":[{"floor":6,"key":"Blue Candle"},{"floor":9,"key":"Art of War"}],"event_choices":[{"event_name":"Living Wall","player_choice":"Change","floor":2,"damage_taken":0},{"event_name":"Purifier","player_choice":"One Purge","floor":3,"damage_taken":0},{"event_name":"Golden Wing","player_choice":"Card Removal","floor":4,"damage_taken":0},{"event_name":"The Cleric","player_choice":"Card Removal","floor":10,"damage_taken":0},{"event_name":"Golden Idol","player_choice":"Take Damage","floor":11,"damage_taken":0}],"is_beta":false,"boss_relics":[],"items_purged_floors":[],"is_endless":false,"potions_floor_spawned":[1,6,13],"killed_by":"The Guardian","ascension_level":4}