{"gold_per_floor":[116,131,131,88,15,15,33,57,83,171,217,229,241,268,280,417,429,460,472,439],"floor_reached":20,"playtime":914,"items_purged":[],"score":243,"play_id":"b9952efc-4d0d-4af8-b600-fed973ad05e2","local_time":"20190105104516","is_ascension_mode":true,"campfire_choices":[{"data":"Tempest","floor":6,"key":"SMITH"},{"floor":13,"key":"REST"},{"data":"Zap","floor":15,"key":"SMITH"}],"neow_cost":"NONE","seed_source_timestamp":35524157744049,"circlet_count":0,"master_deck":["AscendersBane","Strike_B","Strike_B","Strike_B","Strike_B","Defend_B","Defend_B","Defend_B","Defend_B","Zap+1","Dualcast","Amplify","Reinforced Body","Auto Shields","Tempest+1","Buffer","Hologram","Leap","Capacitor","Ball Lightning"],"relics":["Cracked Core","Golden Idol","MawBank","Dodecahedron","Odd Mushroom","Blood Vial","Sozu"],"potions_floor_usage":[11,14],"damage_taken":[{"damage":4,"enemies":"Small Slimes","floor":1,"turns":4},{"damage":0,"enemies":"2 Louse","floor":2,"turns":3},{"damage":2,"enemies":"Jaw Worm","floor":7,"turns":3},{"damage":9,"enemies":"Red Slaver","floor":8,"turns":4},{"damage":25,"enemies":"The Mushroom Lair","floor":11,"turns":6},{"damage":3,"enemies":"Exordium Thugs","floor":14,"turns":6},{"damage":13,"enemies":"The Guardian","floor":16,"turns":14},{"damage":20,"enemies":"Spheric Guardian","floor":18,"turns":6},{"damage":37,"enemies":"Colosseum Slavers","floor":19,"turns":6},{"damage":9,"enemies":"2 Thieves","floor":20,"turns":2}],"seed_played":"2846505324518651435","potions_obtained":[{"floor":2,"key":"Swift Potion"},{"floor":8,"key":"Strength Potion"},{"floor":11,"key":"Fruit Juice"},{"floor":16,"key":"SpeedPotion"}],"is_trial":false,"path_per_floor":["M","M","?","?","$","R","M","M","T","T","?","?","R","M","R","B",null,"M","?","M"],"character_chosen":"DEFECT","items_purchased":["Tempest"],"campfire_rested":1,"item_purchase_floors":[5],"current_hp_per_floor":[64,64,64,64,64,64,62,53,53,53,33,8,30,29,29,18,60,42,7,0],"gold":439,"neow_bonus":"ONE_RANDOM_RARE_CARD","is_prod":false,"is_daily":false,"chose_seed":false,"campfire_upgraded":2,"win_rate":0,"timestamp":1546652716,"path_taken":["M","M","?","?","?","R","M","?","T","?","?","?","R","M","R","BOSS","M","?","M"],"build_version":"2019-01-03v4","purchased_purges":0,"victory":false,"max_hp_per_floor":[75,75,69,69,69,69,69,69,69,69,74,74,74,74,74,74,74,74,74,74],"card_choices":[{"not_picked":["Turbo","Reprogram"],"picked":"Reinforced Body","floor":1},{"not_picked":["Turbo","BootSequence"],"picked":"Auto Shields","floor":2},{"not_picked":["Hologram","Doom and Gloom"],"picked":"Buffer","floor":7},{"not_picked":["Cold Snap","Reprogram"],"picked":"Hologram","floor":8},{"not_picked":["Compile Driver","Hologram"],"picked":"Leap","floor":11},{"not_picked":["Ball Lightning","Gash"],"picked":"Capacitor","floor":14},{"not_picked":["Hello World+1","Rip and Tear"],"picked":"Ball Lightning","floor":18}],"player_experience":336092,"relics_obtained":[{"floor":9,"key":"MawBank"},{"floor":10,"key":"Dodecahedron"},{"floor":11,"key":"Odd Mushroom"}],"event_choices":[{"damage_healed":0,"gold_gain":0,"player_choice":"Lose Max HP","damage_taken":0,"relics_obtained":["Golden Idol"],"max_hp_gain":0,"max_hp_loss":6,"event_name":"Golden Idol","floor":3,"gold_loss":0},{"damage_healed":0,"gold_gain":0,"player_choice":"Left Gold","damage_taken":0,"max_hp_gain":0,"max_hp_loss":0,"event_name":"World of Goop","floor":4,"gold_loss":43},{"damage_healed":0,"gold_gain":0,"player_choice":"Fought Mushrooms","damage_taken":0,"max_hp_gain":0,"max_hp_loss":0,"event_name":"Mushrooms","floor":11,"gold_loss":0},{"damage_healed":0,"gold_gain":0,"player_choice":"Success","damage_taken":25,"relics_obtained":["Blood Vial"],"max_hp_gain":0,"max_hp_loss":0,"event_name":"Scrap Ooze","floor":12,"gold_loss":0},{"damage_healed":0,"gold_gain":0,"player_choice":"Fight","damage_taken":0,"max_hp_gain":0,"max_hp_loss":0,"event_name":"Colosseum","floor":19,"gold_loss":0},{"damage_healed":0,"gold_gain":0,"player_choice":"Fled From Nobs","damage_taken":0,"max_hp_gain":0,"max_hp_loss":0,"event_name":"Colosseum","floor":19,"gold_loss":0}],"is_beta":false,"boss_relics":[{"not_picked":["Coffee Dripper","FrozenCore"],"picked":"Sozu"}],"items_purged_floors":[],"is_endless":false,"potions_floor_spawned":[2,8,11,16],"killed_by":"2 Thieves","ascension_level":10}