{"gold_per_floor":[113,113,113,62,62,93,93,105,105,105,115,133,149,5,5,104,104,119,119,138,38,52,52,52,62,62,62,76,76,106,126,126,229,229,240,240,255,53,53,53,53,65,141,38,38,51,51,70,70,70],"floor_reached":50,"playtime":2435,"items_purged":["Strike_R","Strike_R","Strike_R"],"score":563,"play_id":"7ab2246c-5c42-4972-81cd-6415d741852e","local_time":"20181003223525","is_ascension_mode":true,"campfire_choices":[{"data":"Anger","floor":7,"key":"SMITH"},{"data":"Inflame","floor":10,"key":"SMITH"},{"data":"Rage","floor":15,"key":"SMITH"},{"data":"Flex","floor":23,"key":"SMITH"},{"data":"Iron Wave","floor":27,"key":"SMITH"},{"floor":32,"key":"REST"},{"data":"Barricade","floor":40,"key":"SMITH"},{"floor":49,"key":"REST"}],"neow_cost":"NONE","seed_source_timestamp":354177589707418,"circlet_count":0,"master_deck":["Strike_R+1","Strike_R","Defend_R","Defend_R","Defend_R","Defend_R","Bash","Flex+1","Thunderclap","Inflame+1","Flex+1","Iron Wave+1","Rage+1","Body Slam+1","Body Slam+1","Flex+1","Spot Weakness+1","Cleave+1","True Grit+1","Barricade+1","Metallicize","Dramatic Entrance","Heavy Blade+1","Dramatic Entrance","Whirlwind+1","Twin Strike+1"],"relics":["Burning Blood","NeowsBlessing","Bag of Preparation","Darkstone Periapt","Eternal Feather","Champion Belt","Charon\u0027s Ashes","Black Star","Sundial"],"potions_floor_usage":[16,18,30,33,33,42,46,48,50],"damage_taken":[{"damage":0,"enemies":"2 Louse","floor":1,"turns":1},{"damage":0,"enemies":"3 Sentries","floor":6,"turns":2},{"damage":0,"enemies":"Jaw Worm","floor":8,"turns":1},{"damage":0,"enemies":"Cultist","floor":11,"turns":2},{"damage":9,"enemies":"2 Fungi Beasts","floor":12,"turns":2},{"damage":9,"enemies":"Exordium Thugs","floor":13,"turns":3},{"damage":54,"enemies":"The Guardian","floor":16,"turns":11},{"damage":10,"enemies":"3 Byrds","floor":18,"turns":6},{"damage":5,"enemies":"Chosen","floor":20,"turns":3},{"damage":30,"enemies":"Shelled Parasite and Fungi","floor":22,"turns":6},{"damage":16,"enemies":"3 Cultists","floor":25,"turns":5},{"damage":18,"enemies":"Snake Plant","floor":28,"turns":4},{"damage":35,"enemies":"Book of Stabbing","floor":30,"turns":5},{"damage":0,"enemies":"Chosen and Byrds","floor":31,"turns":4},{"damage":66,"enemies":"Collector","floor":33,"turns":8},{"damage":34,"enemies":"3 Darklings","floor":35,"turns":6},{"damage":15,"enemies":"3 Shapes","floor":37,"turns":3},{"damage":27,"enemies":"Transient","floor":42,"turns":5},{"damage":39,"enemies":"Maw","floor":46,"turns":10},{"damage":43,"enemies":"4 Shapes","floor":48,"turns":2},{"damage":61,"enemies":"Donu and Deca","floor":50,"turns":4}],"seed_played":"-2409606226867750416","potions_obtained":[{"floor":1,"key":"Block Potion"},{"floor":6,"key":"Fruit Juice"},{"floor":13,"key":"SkillPotion"},{"floor":20,"key":"Poison Potion"},{"floor":22,"key":"GamblersBrew"},{"floor":31,"key":"Ancient Potion"},{"floor":41,"key":"Strength Potion"},{"floor":42,"key":"Regen Potion"},{"floor":46,"key":"LiquidBronze"}],"is_trial":false,"path_per_floor":["M","?","?","$","$","E","R","M","T","R","M","M","M","$","R","B",null,"M","?","M","$","M","R","?","M","T","R","M","$","E","M","R","B",null,"M","?","M","$","?","R","?","M","T","$","?","M","?","M","R"],"character_chosen":"IRONCLAD","items_purchased":["Anger","Rage","EssenceOfSteel","Dramatic Entrance"],"campfire_rested":2,"item_purchase_floors":[4,14,38,44],"current_hp_per_floor":[80,80,64,64,64,70,70,76,76,76,80,77,74,74,74,26,80,76,76,77,77,53,62,62,52,52,61,49,49,25,31,68,8,85,57,57,48,48,48,60,60,39,39,39,74,54,54,17,54,0],"gold":70,"neow_bonus":"THREE_ENEMY_KILL","is_prod":false,"is_daily":false,"chose_seed":false,"campfire_upgraded":6,"win_rate":0,"timestamp":1538598925,"path_taken":["M","?","?","?","$","E","R","M","T","R","?","M","?","$","R","BOSS","M","?","M","$","M","R","?","M","T","R","?","$","E","?","R","BOSS","M","?","M","$","?","R","?","?","T","$","?","M","?","M","R","BOSS"],"build_version":"2018-09-27","purchased_purges":3,"victory":false,"max_hp_per_floor":[80,80,80,80,80,80,80,80,80,80,80,80,80,80,80,80,80,80,80,80,80,80,80,80,80,80,80,80,80,85,85,85,85,85,85,85,85,85,85,85,85,85,85,85,74,74,74,74,74,74],"card_choices":[{"not_picked":["Blood for Blood","Clash"],"picked":"Flex","floor":1},{"not_picked":["True Grit","Brutality"],"picked":"Thunderclap","floor":6},{"not_picked":["Warcry","Battle Trance"],"picked":"Inflame","floor":8},{"not_picked":["Perfected Strike","Pommel Strike"],"picked":"Flex","floor":11},{"not_picked":["Bludgeon","Heavy Blade"],"picked":"Iron Wave","floor":12},{"not_picked":["Warcry","Sword Boomerang","Rupture"],"picked":"SKIP","floor":13},{"not_picked":["Feel No Pain","Clash"],"picked":"Body Slam+1","floor":18},{"not_picked":["Entrench","Uppercut","Blood for Blood"],"picked":"SKIP","floor":20},{"not_picked":["Sword Boomerang","Shockwave+1"],"picked":"Body Slam+1","floor":22},{"not_picked":["Combust+1","Perfected Strike"],"picked":"Flex+1","floor":25},{"not_picked":["Pummel+1","Thunderclap"],"picked":"Spot Weakness+1","floor":28},{"not_picked":["Infernal Blade","Flex"],"picked":"Cleave+1","floor":30},{"not_picked":["Headbutt","Armaments"],"picked":"True Grit+1","floor":31},{"not_picked":["Demon Form","Offering"],"picked":"Barricade","floor":33},{"not_picked":["Spot Weakness+1","Dual Wield+1"],"picked":"Metallicize","floor":35},{"not_picked":["Searing Blow","Wild Strike","Headbutt+1"],"picked":"SKIP","floor":37},{"not_picked":["Flash of Steel","Purity"],"picked":"Dramatic Entrance","floor":39},{"not_picked":["Sword Boomerang","Armaments+1"],"picked":"Heavy Blade+1","floor":42},{"not_picked":["Armaments","Warcry+1"],"picked":"Whirlwind+1","floor":46},{"not_picked":["Armaments","Sever Soul"],"picked":"Twin Strike+1","floor":48}],"player_experience":130694,"relics_obtained":[{"floor":6,"key":"Bag of Preparation"},{"floor":9,"key":"Darkstone Periapt"},{"floor":26,"key":"Champion Belt"},{"floor":30,"key":"Charon\u0027s Ashes"},{"floor":43,"key":"Sundial"}],"event_choices":[{"event_name":"Liars Game","player_choice":"disagreed","floor":2,"damage_taken":0},{"event_name":"Shining Light","player_choice":"Entered Light","floor":3,"damage_taken":0},{"event_name":"The Mausoleum","player_choice":"No","floor":19,"damage_taken":0},{"event_name":"Cursed Tome","player_choice":"Ignored","floor":24,"damage_taken":0},{"event_name":"Falling","player_choice":"Removed Attack","floor":36,"damage_taken":0},{"event_name":"SensoryStone","player_choice":"Memory 1","floor":39,"damage_taken":0},{"event_name":"The Lab","player_choice":"Got Potions","floor":41,"damage_taken":0},{"event_name":"The Moai Head","player_choice":"Heal","floor":45,"damage_taken":0},{"event_name":"Tomb of Lord Red Mask","player_choice":"Ignored","floor":47,"damage_taken":0}],"is_beta":false,"boss_relics":[{"not_picked":["Fusion Hammer","Calling Bell"],"picked":"Eternal Feather"},{"not_picked":["Sozu","Philosopher\u0027s Stone"],"picked":"Black Star"}],"items_purged_floors":[14,21,38],"is_endless":false,"potions_floor_spawned":[1,6,13,20,22,28,31,42,46],"killed_by":"Donu and Deca","ascension_level":1}