{"gold_per_floor":[118,118,118,141,56,91,91,132,132,168,183,224,248,266,266,357,357,372,268,268,268,52,52,71,107,107,130,168,168,194,16,16,106,106,129,148,12,12,12,48,48,66,66,84,84,119,132,147,147,147,147,147,147,27,63,63],"floor_reached":56,"playtime":3257,"items_purged":["Strike_G","Writhe","Strike_G","Parasite"],"score":2017,"play_id":"34338d5b-5f1f-4fe6-9de1-f9ba572bcf79","local_time":"20190426124004","is_ascension_mode":true,"campfire_choices":[{"data":"Footwork","floor":7.0,"key":"SMITH"},{"floor":15.0,"key":"REST"},{"floor":23.0,"key":"REST"},{"floor":29.0,"key":"RECALL"},{"floor":32.0,"key":"REST"},{"floor":41.0,"key":"REST"},{"floor":49.0,"key":"REST"},{"floor":53.0,"key":"REST"}],"neow_cost":"NONE","seed_source_timestamp":0,"circlet_count":0,"master_deck":["AscendersBane","Defend_G","Defend_G","Defend_G","Defend_G","Defend_G","Strike_G","Strike_G","Survivor","Neutralize+1","Footwork+1","Skewer","Blur+1","Noxious Fumes+1","Quick Slash+1","Bouncing Flask+1","Adrenaline+1","Venomology+1","Sucker Punch+1","Deadly Poison+1","PiercingWail+1","Blade Dance+1","Deflect+1","Calculated Gamble+1","Acrobatics+1","Storm of Steel+1","Blade Dance+1","Acrobatics+1","Footwork","Cloak And Dagger+1","Catalyst+1","Acrobatics+1","Deflect+1","Leg Sweep+1","Dodge and Roll+1"],"special_seed":0,"relics":["Ring of the Serpent","NeowsBlessing","Golden Idol","Vajra","PreservedInsect","Toxic Egg 2","Kunai","Molten Egg 2","Bronze Scales","Fusion Hammer","Mango","Centennial Puzzle","Gremlin Horn","Anchor","Pantograph","The Courier","Pear","Bag of Preparation"],"potions_floor_usage":[56,56,56],"damage_taken":[{"damage":0.0,"enemies":"2 Louse","floor":1.0,"turns":1.0},{"damage":0.0,"enemies":"3 Sentries","floor":6.0,"turns":2.0},{"damage":0.0,"enemies":"Gremlin Nob","floor":8.0,"turns":1.0},{"damage":5.0,"enemies":"3 Sentries","floor":10.0,"turns":6.0},{"damage":0.0,"enemies":"Small Slimes","floor":11.0,"turns":3.0},{"damage":26.0,"enemies":"Gremlin Nob","floor":12.0,"turns":4.0},{"damage":0.0,"enemies":"Jaw Worm","floor":13.0,"turns":4.0},{"damage":11.0,"enemies":"Red Slaver","floor":14.0,"turns":3.0},{"damage":16.0,"enemies":"Slime Boss","floor":16.0,"turns":9.0},{"damage":1.0,"enemies":"Chosen","floor":18.0,"turns":3.0},{"damage":9.0,"enemies":"Colosseum Slavers","floor":20.0,"turns":5.0},{"damage":0.0,"enemies":"Shell Parasite","floor":24.0,"turns":4.0},{"damage":7.0,"enemies":"Book of Stabbing","floor":25.0,"turns":4.0},{"damage":7.0,"enemies":"Snecko","floor":27.0,"turns":4.0},{"damage":8.0,"enemies":"Gremlin Leader","floor":28.0,"turns":5.0},{"damage":9.0,"enemies":"Champ","floor":33.0,"turns":14.0},{"damage":0.0,"enemies":"Orb Walker","floor":35.0,"turns":2.0},{"damage":0.0,"enemies":"3 Shapes","floor":36.0,"turns":6.0},{"damage":23.0,"enemies":"Nemesis","floor":40.0,"turns":7.0},{"damage":0.0,"enemies":"Writhing Mass","floor":42.0,"turns":6.0},{"damage":28.0,"enemies":"Spire Growth","floor":44.0,"turns":5.0},{"damage":31.0,"enemies":"Reptomancer","floor":46.0,"turns":5.0},{"damage":19.0,"enemies":"Maw","floor":47.0,"turns":7.0},{"damage":0.0,"enemies":"Transient","floor":48.0,"turns":6.0},{"damage":44.0,"enemies":"Donu and Deca","floor":50.0,"turns":17.0},{"damage":19.0,"enemies":"Awakened One","floor":51.0,"turns":19.0},{"damage":49.0,"enemies":"Shield and Spear","floor":55.0,"turns":8.0},{"damage":57,"enemies":"The Heart","floor":56,"turns":5}],"seed_played":"7014012373637231069","potions_obtained":[{"floor":6.0,"key":"Explosive Potion"},{"floor":8.0,"key":"Explosive Potion"},{"floor":11.0,"key":"PowerPotion"},{"floor":16.0,"key":"Swift Potion"},{"floor":28.0,"key":"GhostInAJar"},{"floor":47.0,"key":"SpeedPotion"},{"floor":55.0,"key":"PowerPotion"}],"is_trial":false,"path_per_floor":["M","?","?","T","$","E","R","E","T","E","M","E","M","M","R","B",null,"M","$","?","?","$","R","M","E","T","M","E","R","T","$","R","B",null,"M","M","$","?","$","E","R","M","T","M","?","E","M","M","R","B","B",null,"R","$","E","B"],"character_chosen":"THE_SILENT","items_purchased":["Footwork","Deadly Poison+1","PiercingWail+1","Blade Dance+1","Acrobatics+1","Footwork","Cloak And Dagger+1"],"campfire_rested":6,"item_purchase_floors":[5,19,22,22,31,37,37],"current_hp_per_floor":[59,59,59,59,59,59,59,59,59,54,54,28,28,17,35,19,50,49,49,40,54,54,74,74,67,67,60,52,52,52,52,74,65,72,72,72,72,72,72,49,71,71,71,43,43,22,3,3,28,9,30,71,84,81,32,0],"gold":63,"neow_bonus":"THREE_ENEMY_KILL","is_prod":false,"is_daily":false,"chose_seed":false,"campfire_upgraded":1,"win_rate":0,"timestamp":1556275204,"path_taken":["M","?","?","?","$","E","R","E","T","E","M","E","M","?","R","BOSS","M","$","?","?","?","R","M","E","T","M","E","R","?","$","R","BOSS","M","M","$","?","?","E","R","M","T","M","?","E","M","?","R","BOSS","BOSS","R","$","E","BOSS"],"build_version":"2019-01-23","purchased_purges":4,"victory":false,"max_hp_per_floor":[66,60,60,60,60,60,60,60,60,60,60,60,60,60,60,60,60,60,60,60,74,74,74,74,74,74,74,74,74,74,74,74,74,74,74,74,74,74,74,74,74,74,74,74,74,84,84,84,84,84,84,84,84,81,81,81],"card_choices":[{"not_picked":["Dodge and Roll","Concentrate","Distraction"],"picked":"SKIP","floor":1.0},{"not_picked":["Tactician","Acrobatics","Slice"],"picked":"SKIP","floor":6.0},{"not_picked":["Envenom","Heel Hook"],"picked":"Skewer","floor":8.0},{"not_picked":["Quick Slash","Bullet Time+1"],"picked":"Blur+1","floor":10.0},{"not_picked":["Backflip+1","Deflect+1"],"picked":"Noxious Fumes","floor":11.0},{"not_picked":["Flying Knee+1","Outmaneuver+1"],"picked":"Quick Slash+1","floor":12.0},{"not_picked":["Underhanded Strike+1","Slice+1"],"picked":"Bouncing Flask+1","floor":13.0},{"not_picked":["Noxious Fumes","Predator+1"],"picked":"Adrenaline+1","floor":14.0},{"not_picked":["Unload+1","Grand Finale+1"],"picked":"Venomology+1","floor":16.0},{"not_picked":["Underhanded Strike+1","Caltrops"],"picked":"Sucker Punch+1","floor":18.0},{"not_picked":["Slice+1","Bane+1"],"picked":"Deflect+1","floor":24.0},{"not_picked":["Distraction+1","Reflex+1","Glass Knife+1"],"picked":"SKIP","floor":25.0},{"not_picked":["Expertise+1","Skewer+1","Quick Slash+1"],"picked":"SKIP","floor":27.0},{"not_picked":["Slice+1","Dagger Spray+1"],"picked":"Calculated Gamble+1","floor":28.0},{"not_picked":["Wraith Form v2","Die Die Die+1"],"picked":"Storm of Steel+1","floor":33.0},{"not_picked":["Predator+1","Deflect+1"],"picked":"Blade Dance+1","floor":35.0},{"not_picked":["Distraction+1","Deflect+1"],"picked":"Acrobatics+1","floor":36.0},{"not_picked":["Dagger Spray+1","Outmaneuver+1"],"picked":"Catalyst+1","floor":40.0},{"not_picked":["Deadly Poison+1","Bane+1","Acrobatics+1"],"picked":"SKIP","floor":42.0},{"not_picked":["Predator+1","Underhanded Strike+1","Dash+1"],"picked":"SKIP","floor":44.0},{"not_picked":["Bane+1","Blade Dance+1","Corpse Explosion+1"],"picked":"SKIP","floor":46.0},{"not_picked":["Underhanded Strike+1","Endless Agony+1"],"picked":"Deflect+1","floor":47.0},{"not_picked":["Distraction+1","Prepared+1"],"picked":"Leg Sweep+1","floor":48.0},{"not_picked":["Dagger Spray+1","Prepared+1"],"picked":"Dodge and Roll+1","floor":55.0}],"player_experience":602509,"relics_obtained":[{"floor":4.0,"key":"Vajra"},{"floor":6.0,"key":"PreservedInsect"},{"floor":8.0,"key":"Toxic Egg 2"},{"floor":9.0,"key":"Kunai"},{"floor":10.0,"key":"Molten Egg 2"},{"floor":12.0,"key":"Bronze Scales"},{"floor":25.0,"key":"Centennial Puzzle"},{"floor":26.0,"key":"Gremlin Horn"},{"floor":28.0,"key":"Anchor"},{"floor":40.0,"key":"Pantograph"},{"floor":43.0,"key":"The Courier"},{"floor":46.0,"key":"Pear"},{"floor":55.0,"key":"Bag of Preparation"}],"event_choices":[{"damage_healed":0.0,"max_hp_gain":0.0,"max_hp_loss":6.0,"gold_gain":0.0,"event_name":"Golden Idol","player_choice":"Lose Max HP","floor":2.0,"gold_loss":0.0,"damage_taken":0.0,"relics_obtained":["Golden Idol"]},{"damage_healed":0.0,"max_hp_gain":0.0,"max_hp_loss":0.0,"gold_gain":0.0,"event_name":"Living Wall","player_choice":"Grow","floor":3.0,"gold_loss":0.0,"damage_taken":0.0,"cards_upgraded":["Neutralize"]},{"damage_healed":0.0,"max_hp_gain":0.0,"max_hp_loss":0.0,"gold_gain":0.0,"event_name":"Colosseum","player_choice":"Fight","floor":20.0,"gold_loss":0.0,"damage_taken":0.0},{"damage_healed":0.0,"max_hp_gain":0.0,"max_hp_loss":0.0,"gold_gain":0.0,"event_name":"Colosseum","player_choice":"Fled From Nobs","floor":20.0,"gold_loss":0.0,"damage_taken":0.0},{"damage_healed":0.0,"max_hp_gain":0.0,"max_hp_loss":0.0,"gold_gain":0.0,"event_name":"The Mausoleum","player_choice":"Opened","floor":21.0,"gold_loss":0.0,"damage_taken":0.0,"relics_obtained":["Mango"],"cards_obtained":["Writhe"]},{"damage_healed":0.0,"max_hp_gain":0.0,"max_hp_loss":0.0,"gold_gain":0.0,"event_name":"Upgrade Shrine","player_choice":"Upgraded","floor":38.0,"gold_loss":0.0,"damage_taken":0.0,"cards_upgraded":["Noxious Fumes"]},{"damage_healed":0.0,"max_hp_gain":0.0,"max_hp_loss":0.0,"gold_gain":0.0,"cards_transformed":["Strike_G"],"event_name":"Transmorgrifier","player_choice":"Transformed","floor":45.0,"gold_loss":0.0,"damage_taken":0.0,"cards_obtained":["Acrobatics"]}],"is_beta":false,"boss_relics":[{"not_picked":["Busted Crown","Sozu"],"picked":"Fusion Hammer"},{"not_picked":["Philosopher\u0027s Stone","Orrery"],"picked":"Ring of the Serpent"}],"items_purged_floors":[19,22,31,54],"is_endless":false,"potions_floor_spawned":[6,8,11,16,28,33,35,36,42,47,55],"killed_by":"The Heart","ascension_level":20}