{"gold_per_floor":[118,132,132,145,165,165,200,200,200,200,200,165,25,65,65,65],"floor_reached":16,"playtime":644,"items_purged":[],"score":216,"play_id":"80920368-cbb6-47fd-a8fe-27884fab81de","local_time":"20190506123128","is_ascension_mode":true,"campfire_choices":[{"data":"Poisoned Stab","floor":6,"key":"SMITH"},{"data":"Predator","floor":8,"key":"SMITH"},{"data":"Backflip","floor":11,"key":"SMITH"},{"data":"Die Die Die","floor":15,"key":"SMITH"}],"neow_cost":"NONE","seed_source_timestamp":8892487941400,"circlet_count":0,"master_deck":["AscendersBane","Defend_G","Defend_G","Defend_G","Defend_G","Defend_G","Strike_G","Strike_G","Strike_G","Strike_G","Survivor","Neutralize+1","PiercingWail","Cloak And Dagger","Poisoned Stab+1","Predator+1","Backflip+1","Die Die Die+1","PiercingWail","Sucker Punch"],"relics":["Ring of the Snake","Bottled Lightning","Mango","Golden Idol","Du-Vu Doll"],"potions_floor_usage":[7],"damage_taken":[{"damage":0,"enemies":"Small Slimes","floor":1,"turns":6},{"damage":12,"enemies":"Jaw Worm","floor":2,"turns":6},{"damage":0,"enemies":"2 Louse","floor":4,"turns":4},{"damage":0,"enemies":"Looter","floor":5,"turns":5},{"damage":6,"enemies":"Gremlin Nob","floor":7,"turns":3},{"damage":19,"enemies":"3 Sentries","floor":14,"turns":8},{"damage":64,"enemies":"Slime Boss","floor":16,"turns":9}],"seed_played":"-6166188350601741213","potions_obtained":[{"floor":4,"key":"FearPotion"}],"is_trial":false,"path_per_floor":["M","M","?","M","M","R","E","R","T","?","R","?","$","E","R","B"],"character_chosen":"THE_SILENT","items_purchased":["Die Die Die","PiercingWail"],"campfire_rested":0,"item_purchase_floors":[13,13],"current_hp_per_floor":[59,47,40,40,40,40,34,34,48,48,48,66,66,47,47,0],"gold":65,"neow_bonus":"UPGRADE_CARD","is_prod":false,"is_daily":false,"chose_seed":false,"campfire_upgraded":4,"win_rate":0,"timestamp":1557113488,"path_taken":["M","M","?","M","M","R","E","R","T","?","R","?","$","E","R","BOSS"],"build_version":"2019-01-23","purchased_purges":0,"victory":false,"max_hp_per_floor":[66,66,66,66,66,66,66,66,80,72,72,72,72,72,72,72],"card_choices":[{"not_picked":["Acrobatics","Prepared"],"picked":"PiercingWail","floor":1},{"not_picked":["Reflex","Deflect"],"picked":"Cloak And Dagger","floor":2},{"not_picked":["Underhanded Strike","Footwork"],"picked":"Poisoned Stab","floor":4},{"not_picked":["Flying Knee","Corpse Explosion"],"picked":"Predator","floor":5},{"not_picked":["Deadly Poison","PiercingWail"],"picked":"Backflip","floor":7},{"not_picked":["Setup","Underhanded Strike"],"picked":"Sucker Punch","floor":14}],"player_experience":1246749,"relics_obtained":[{"floor":7,"key":"Bottled Lightning"},{"floor":9,"key":"Mango"},{"floor":14,"key":"Du-Vu Doll"}],"event_choices":[{"cards_removed":["Strike_G"],"damage_healed":0,"gold_gain":0,"player_choice":"Card Removal","damage_taken":7,"max_hp_gain":0,"max_hp_loss":0,"event_name":"Golden Wing","floor":3,"gold_loss":0},{"damage_healed":0,"gold_gain":0,"player_choice":"Lose Max HP","damage_taken":0,"relics_obtained":["Golden Idol"],"max_hp_gain":0,"max_hp_loss":8,"event_name":"Golden Idol","floor":10,"gold_loss":0},{"damage_healed":18,"gold_gain":0,"player_choice":"Healed","damage_taken":0,"max_hp_gain":0,"max_hp_loss":0,"event_name":"The Cleric","floor":12,"gold_loss":35}],"is_beta":false,"boss_relics":[],"items_purged_floors":[],"is_endless":false,"potions_floor_spawned":[4],"killed_by":"Slime Boss","ascension_level":20}