{"gold_per_floor":[119,119,131,146,146,146,172,194,275,291,291,320,320,6,6,79,79,65,65,84,359,156,156,181,18,48,48,68,68,83,111,111,188,188,198,211,211,229,129,129,156,156,234,234,234,109,123,143,143,143],"floor_reached":51,"playtime":4287,"items_purged":["Regret","Strike_B","Strike_B"],"score":1258,"play_id":"c353fe4d-90b9-4656-9d70-a1e4becd7830","local_time":"20190509214047","is_ascension_mode":true,"campfire_choices":[{"data":"Zap","floor":6.0,"key":"SMITH"},{"floor":11.0,"key":"REST"},{"floor":15.0,"key":"REST"},{"data":"Defragment","floor":23.0,"key":"SMITH"},{"floor":27.0,"key":"REST"},{"data":"Defragment","floor":29.0,"key":"SMITH"},{"floor":32.0,"key":"REST"},{"floor":40.0,"key":"REST"},{"floor":42.0,"key":"REST"},{"floor":45.0,"key":"REST"},{"data":"Compile Driver","floor":49.0,"key":"SMITH"}],"neow_cost":"CURSE","seed_source_timestamp":0,"circlet_count":0,"master_deck":["AscendersBane","Strike_B","Strike_B","Defend_B","Defend_B","Defend_B","Defend_B","Zap+1","Dualcast","Mayhem","Dark Shackles","Glacier","Leap","Cold Snap","FTL","Genetic Algorithm","Rebound","Defragment+1","Conserve Battery","Meteor Strike","Sunder","Rebound","Defragment+1","Tempest","Reboot","Compile Driver+1","Compile Driver","Sunder+1","Echo Form","Glacier","Leap","Madness","Madness","Tempest+1","Conserve Battery+1"],"special_seed":0,"relics":["Cracked Core","GremlinMask","Happy Flower","Ice Cream","Odd Mushroom","Bottled Flame","Regal Pillow","Strawberry","Sozu","Pen Nib","DataDisk","Tiny Chest","Art of War","Nuclear Battery","Nunchaku","Gambling Chip","Singing Bowl"],"potions_floor_usage":[50],"damage_taken":[{"damage":1.0,"enemies":"Cultist","floor":1.0,"turns":3.0},{"damage":3.0,"enemies":"2 Louse","floor":3.0,"turns":4.0},{"damage":1.0,"enemies":"Small Slimes","floor":4.0,"turns":5.0},{"damage":20.0,"enemies":"3 Sentries","floor":7.0,"turns":11.0},{"damage":8.0,"enemies":"The Mushroom Lair","floor":8.0,"turns":5.0},{"damage":9.0,"enemies":"3 Louse","floor":10.0,"turns":5.0},{"damage":21.0,"enemies":"Gremlin Nob","floor":12.0,"turns":6.0},{"damage":26.0,"enemies":"Hexaghost","floor":16.0,"turns":16.0},{"damage":6.0,"enemies":"2 Thieves","floor":18.0,"turns":4.0},{"damage":2.0,"enemies":"Chosen","floor":20.0,"turns":6.0},{"damage":44.0,"enemies":"Slavers","floor":24.0,"turns":8.0},{"damage":3.0,"enemies":"Snake Plant","floor":28.0,"turns":4.0},{"damage":0.0,"enemies":"Cultist and Chosen","floor":30.0,"turns":5.0},{"damage":19.0,"enemies":"Gremlin Leader","floor":31.0,"turns":7.0},{"damage":30.0,"enemies":"Automaton","floor":33.0,"turns":7.0},{"damage":38.0,"enemies":"3 Shapes","floor":35.0,"turns":5.0},{"damage":11.0,"enemies":"Orb Walker","floor":36.0,"turns":2.0},{"damage":15.0,"enemies":"4 Shapes","floor":38.0,"turns":5.0},{"damage":35.0,"enemies":"Reptomancer","floor":41.0,"turns":8.0},{"damage":0.0,"enemies":"Sphere and 2 Shapes","floor":47.0,"turns":3.0},{"damage":7.0,"enemies":"Spire Growth","floor":48.0,"turns":3.0},{"damage":62,"enemies":"Awakened One","floor":50,"turns":15}],"seed_played":"-4657012759189862035","potions_obtained":[{"floor":3.0,"key":"SneckoOil"},{"floor":4.0,"key":"Dexterity Potion"},{"floor":10.0,"key":"SteroidPotion"},{"floor":12.0,"key":"Weak Potion"}],"is_trial":false,"path_per_floor":["M","?","M","M","?","R","E","?","T","M","R","E","?","$","R","B",null,"M","?","M","?","$","R","E","$","T","R","M","R","M","E","R","B",null,"M","M","T","M","$","R","E","R","T","?","R","$","M","M","R","B",null],"character_chosen":"DEFECT","items_purchased":["Strawberry","Defragment","Conserve Battery","Defragment","Tempest","DataDisk"],"campfire_rested":7,"item_purchase_floors":[14,14,14,22,22,25],"current_hp_per_floor":[63,63,60,59,48,48,28,20,20,11,32,11,4,11,49,23,64,58,74,72,72,72,72,28,28,28,66,63,63,63,44,78,48,71,33,22,22,7,7,45,10,48,48,34,72,72,72,65,65,3],"gold":143,"neow_bonus":"RANDOM_COLORLESS_2","is_prod":false,"is_daily":false,"chose_seed":false,"campfire_upgraded":4,"win_rate":0,"timestamp":1557463247,"path_taken":["M","?","?","M","?","R","E","?","T","M","R","E","?","$","R","BOSS","M","?","M","?","$","R","E","$","T","R","M","R","M","E","R","BOSS","M","M","?","?","?","R","E","R","T","?","R","$","M","M","R","BOSS"],"build_version":"2019-01-23","purchased_purges":3,"victory":true,"max_hp_per_floor":[71,71,71,71,71,71,71,71,71,71,71,71,71,78,78,78,78,78,78,78,78,78,78,78,78,78,78,78,78,78,78,78,78,78,78,78,78,78,78,78,78,78,78,78,78,78,78,78,78,78],"card_choices":[{"not_picked":["Sunder","Consume"],"picked":"Glacier","floor":1.0},{"not_picked":["Turbo","Capacitor"],"picked":"Leap","floor":3.0},{"not_picked":["Compile Driver","Rebound"],"picked":"Cold Snap","floor":4.0},{"not_picked":["Turbo","Beam Cell"],"picked":"FTL","floor":7.0},{"not_picked":["Conserve Battery","Scrape"],"picked":"Genetic Algorithm","floor":8.0},{"not_picked":["Recycle","Ball Lightning"],"picked":"Rebound","floor":10.0},{"not_picked":["Aggregate","Double Energy","Steam"],"picked":"SKIP","floor":12.0},{"not_picked":["Biased Cognition","Seek"],"picked":"Meteor Strike","floor":16.0},{"not_picked":["Cold Snap","Conserve Battery"],"picked":"Sunder","floor":18.0},{"not_picked":["Stack","Turbo"],"picked":"Rebound","floor":20.0},{"not_picked":["Turbo","Cold Snap"],"picked":"Reboot","floor":24.0},{"not_picked":["Cold Snap+1","Beam Cell"],"picked":"Compile Driver","floor":28.0},{"not_picked":["White Noise","Stack"],"picked":"Compile Driver","floor":30.0},{"not_picked":["Rebound","Sweeping Beam+1"],"picked":"Sunder+1","floor":31.0},{"not_picked":["Core Surge","Buffer"],"picked":"Echo Form","floor":33.0},{"not_picked":["Sweeping Beam+1","Conserve Battery"],"picked":"Glacier","floor":35.0},{"not_picked":["Sunder","Steam","Turbo+1"],"picked":"SKIP","floor":36.0},{"not_picked":["Cold Snap","Melter","Scrape"],"picked":"SKIP","floor":38.0},{"not_picked":["Stack","All For One"],"picked":"Leap","floor":41.0},{"not_picked":["Fusion+1","Barrage"],"picked":"Tempest+1","floor":47.0},{"not_picked":["Ball Lightning+1","Coolheaded+1"],"picked":"Conserve Battery+1","floor":48.0}],"player_experience":665652,"relics_obtained":[{"floor":7.0,"key":"Ice Cream"},{"floor":8.0,"key":"Odd Mushroom"},{"floor":9.0,"key":"Bottled Flame"},{"floor":12.0,"key":"Regal Pillow"},{"floor":24.0,"key":"Pen Nib"},{"floor":26.0,"key":"Tiny Chest"},{"floor":31.0,"key":"Art of War"},{"floor":37.0,"key":"Nunchaku"},{"floor":41.0,"key":"Gambling Chip"},{"floor":43.0,"key":"Singing Bowl"}],"event_choices":[{"damage_healed":0.0,"max_hp_gain":0.0,"max_hp_loss":0.0,"gold_gain":0.0,"event_name":"FaceTrader","player_choice":"Trade","floor":2.0,"gold_loss":0.0,"damage_taken":0.0,"relics_obtained":["GremlinMask"]},{"damage_healed":0.0,"max_hp_gain":0.0,"max_hp_loss":0.0,"gold_gain":0.0,"event_name":"Scrap Ooze","player_choice":"Success","floor":5.0,"gold_loss":0.0,"damage_taken":11.0,"relics_obtained":["Happy Flower"]},{"damage_healed":0.0,"max_hp_gain":0.0,"max_hp_loss":0.0,"gold_gain":0.0,"event_name":"Mushrooms","player_choice":"Fought Mushrooms","floor":8.0,"gold_loss":0.0,"damage_taken":0.0},{"cards_removed":["Normality"],"damage_healed":0.0,"max_hp_gain":0.0,"max_hp_loss":0.0,"gold_gain":0.0,"event_name":"Golden Wing","player_choice":"Card Removal","floor":13.0,"gold_loss":0.0,"damage_taken":7.0},{"damage_healed":16.0,"max_hp_gain":0.0,"max_hp_loss":0.0,"gold_gain":0.0,"event_name":"The Library","player_choice":"Heal","floor":19.0,"gold_loss":0.0,"damage_taken":0.0},{"damage_healed":0.0,"max_hp_gain":0.0,"max_hp_loss":0.0,"gold_gain":275.0,"event_name":"Golden Shrine","player_choice":"Desecrate","floor":21.0,"gold_loss":0.0,"damage_taken":0.0,"cards_obtained":["Regret"]},{"damage_healed":0.0,"max_hp_gain":0.0,"max_hp_loss":0.0,"gold_gain":0.0,"event_name":"Winding Halls","player_choice":"Embrace Madness","floor":44.0,"gold_loss":0.0,"damage_taken":14.0,"cards_obtained":["Madness","Madness"]}],"is_beta":false,"boss_relics":[{"not_picked":["Ectoplasm","Snecko Eye"],"picked":"Sozu"},{"not_picked":["Tiny House","Calling Bell"],"picked":"Nuclear Battery"}],"items_purged_floors":[22,39,46],"is_endless":false,"potions_floor_spawned":[3,4,10,12,20,28,33,48],"ascension_level":16}