{"gold_per_floor":[109,109,128,139,149,149,179,179,179,179,229,257,269,282,282,360,360,360,360,260,260,260,260,260],"floor_reached":24,"playtime":1152,"items_purged":[],"score":412,"play_id":"12876bb7-cfdd-4f74-94e6-3265c8fdc77f","local_time":"20190505183848","is_ascension_mode":true,"campfire_choices":[{"data":"Neutralize","floor":6,"key":"SMITH"},{"floor":8,"key":"REST"},{"data":"Dagger Spray","floor":10,"key":"SMITH"},{"floor":15,"key":"REST"},{"floor":23,"key":"REST"}],"neow_cost":"NONE","seed_source_timestamp":566711972150000,"circlet_count":0,"master_deck":["AscendersBane","Defend_G","Defend_G","Defend_G","Defend_G","Defend_G","Strike_G","Strike_G","Survivor","Neutralize+1","Dagger Spray+1","Flying Knee","Dagger Throw","Cloak And Dagger","Infinite Blades","Footwork","Venomology","Deflect","Crippling Poison","Underhanded Strike","Expertise"],"relics":["Ring of the Snake","Dodecahedron","Sundial","Anchor","Ectoplasm"],"potions_floor_usage":[0,7,12,12,16,16,20,24],"damage_taken":[{"damage":0,"enemies":"Small Slimes","floor":1,"turns":4},{"damage":3,"enemies":"Cultist","floor":3,"turns":5},{"damage":4,"enemies":"Jaw Worm","floor":4,"turns":5},{"damage":0,"enemies":"Large Slime","floor":5,"turns":5},{"damage":44,"enemies":"Gremlin Nob","floor":7,"turns":5},{"damage":6,"enemies":"3 Sentries","floor":12,"turns":5},{"damage":0,"enemies":"Blue Slaver","floor":13,"turns":2},{"damage":0,"enemies":"Looter","floor":14,"turns":2},{"damage":23,"enemies":"Slime Boss","floor":16,"turns":11},{"damage":3,"enemies":"Shell Parasite","floor":18,"turns":7},{"damage":4,"enemies":"2 Thieves","floor":20,"turns":5},{"damage":27,"enemies":"Colosseum Slavers","floor":22,"turns":5},{"damage":50,"enemies":"Book of Stabbing","floor":24,"turns":7}],"seed_played":"-4170730121115974097","potions_obtained":[{"floor":0,"key":"Fruit Juice"},{"floor":0,"key":"Dexterity Potion"},{"floor":0,"key":"Poison Potion"},{"floor":7,"key":"SteroidPotion"},{"floor":12,"key":"Regen Potion"},{"floor":13,"key":"AttackPotion"}],"is_trial":false,"path_per_floor":["M","?","M","M","M","R","E","R","T","R","?","E","M","M","R","B",null,"M","?","M","?","?","R","E"],"character_chosen":"THE_SILENT","items_purchased":[],"campfire_rested":3,"item_purchase_floors":[],"current_hp_per_floor":[64,57,54,50,50,50,6,27,27,27,27,21,21,21,42,34,62,59,59,55,55,28,49,0],"gold":260,"neow_bonus":"THREE_SMALL_POTIONS","is_prod":false,"is_daily":false,"chose_seed":false,"campfire_upgraded":2,"win_rate":0,"timestamp":1557049128,"path_taken":["M","?","M","M","M","R","E","R","T","R","?","E","?","M","R","BOSS","M","?","M","?","?","R","E"],"build_version":"2019-01-23","purchased_purges":0,"victory":false,"max_hp_per_floor":[71,71,71,71,71,71,71,71,71,71,71,71,71,71,71,71,71,71,71,71,71,71,71,71],"card_choices":[{"not_picked":["Bane","Deflect"],"picked":"Dagger Spray","floor":1},{"not_picked":["Caltrops","Flechettes"],"picked":"Flying Knee","floor":3},{"not_picked":["Slice","Underhanded Strike"],"picked":"Dagger Throw","floor":4},{"not_picked":["Envenom","Outmaneuver"],"picked":"Cloak And Dagger","floor":5},{"not_picked":["Quick Slash","Expertise","Underhanded Strike"],"picked":"SKIP","floor":7},{"not_picked":["Phantasmal Killer","Slice","Riddle With Holes"],"picked":"SKIP","floor":12},{"not_picked":["Dagger Throw","Deflect"],"picked":"Infinite Blades","floor":13},{"not_picked":["Distraction","Backstab"],"picked":"Footwork","floor":14},{"not_picked":["Phantasmal Killer","Storm of Steel"],"picked":"Venomology","floor":16},{"not_picked":["Predator","Dagger Throw"],"picked":"Deflect","floor":18},{"not_picked":["Dash","Deadly Poison"],"picked":"Crippling Poison","floor":20}],"player_experience":1233662,"relics_obtained":[{"floor":7,"key":"Dodecahedron"},{"floor":9,"key":"Sundial"},{"floor":12,"key":"Anchor"}],"event_choices":[{"cards_removed":["Strike_G"],"damage_healed":0,"gold_gain":0,"player_choice":"Card Removal","damage_taken":7,"max_hp_gain":0,"max_hp_loss":0,"event_name":"Golden Wing","floor":2,"gold_loss":0},{"damage_healed":0,"gold_gain":50,"player_choice":"Pray","damage_taken":0,"max_hp_gain":0,"max_hp_loss":0,"event_name":"Golden Shrine","floor":11,"gold_loss":0},{"damage_healed":0,"gold_gain":0,"player_choice":"Ignored","damage_taken":0,"max_hp_gain":0,"max_hp_loss":0,"event_name":"Ghosts","floor":19,"gold_loss":0},{"damage_healed":0,"gold_gain":0,"cards_transformed":["Strike_G","Strike_G"],"player_choice":"Became Test Subject","damage_taken":0,"max_hp_gain":0,"max_hp_loss":0,"event_name":"Drug Dealer","floor":21,"gold_loss":0,"cards_obtained":["Underhanded Strike","Expertise"]},{"damage_healed":0,"gold_gain":0,"player_choice":"Fight","damage_taken":0,"max_hp_gain":0,"max_hp_loss":0,"event_name":"Colosseum","floor":22,"gold_loss":0},{"damage_healed":0,"gold_gain":0,"player_choice":"Fled From Nobs","damage_taken":0,"max_hp_gain":0,"max_hp_loss":0,"event_name":"Colosseum","floor":22,"gold_loss":0}],"is_beta":false,"boss_relics":[{"not_picked":["Eternal Feather","Calling Bell"],"picked":"Ectoplasm"}],"items_purged_floors":[],"is_endless":false,"potions_floor_spawned":[5,7,12,13,14],"killed_by":"Book of Stabbing","ascension_level":20}