{"gold_per_floor":[111,111,124,141,152,165,165,184,253,264,264,283,283,308,308,385,385,359,359,379,40,56,56],"floor_reached":23,"playtime":1189,"items_purged":["Strike_B"],"score":444,"play_id":"463a32d0-4e63-4626-ac1e-1aa9b4670059","local_time":"20190412210237","is_ascension_mode":true,"campfire_choices":[{"data":"Defragment","floor":7,"key":"SMITH"},{"floor":11,"key":"REST"},{"floor":13,"key":"REST"},{"data":"Zap","floor":15,"key":"SMITH"}],"neow_cost":"NONE","seed_source_timestamp":1253988611944694,"circlet_count":0,"master_deck":["AscendersBane","Strike_B","Strike_B","Strike_B","Defend_B","Defend_B","Defend_B","Defend_B","Zap+1","Dualcast","Compile Driver","Defragment+1","Glacier","Chill","Hologram","Go for the Eyes","Machine Learning","Leap","Blizzard"],"relics":["FrozenCore","Anchor","Darkstone Periapt","Mercury Hourglass","Du-Vu Doll","Membership Card","Bronze Scales"],"potions_floor_usage":[5,6,14,16,22,23,23],"damage_taken":[{"damage":0,"enemies":"Jaw Worm","floor":1,"turns":3},{"damage":0,"enemies":"2 Louse","floor":3,"turns":2},{"damage":7,"enemies":"Small Slimes","floor":4,"turns":3},{"damage":23,"enemies":"Gremlin Gang","floor":5,"turns":8},{"damage":8,"enemies":"Large Slime","floor":6,"turns":5},{"damage":0,"enemies":"2 Fungi Beasts","floor":8,"turns":4},{"damage":9,"enemies":"Lots of Slimes","floor":10,"turns":3},{"damage":0,"enemies":"Exordium Thugs","floor":12,"turns":4},{"damage":0,"enemies":"3 Sentries","floor":14,"turns":7},{"damage":33,"enemies":"Slime Boss","floor":16,"turns":9},{"damage":7,"enemies":"2 Thieves","floor":18,"turns":4},{"damage":15,"enemies":"Colosseum Slavers","floor":19,"turns":7},{"damage":0,"enemies":"Spheric Guardian","floor":20,"turns":6},{"damage":11,"enemies":"Shelled Parasite and Fungi","floor":22,"turns":11},{"damage":42,"enemies":"Gremlin Leader","floor":23,"turns":6}],"seed_played":"8494373453626450304","potions_obtained":[{"floor":1,"key":"Weak Potion"},{"floor":5,"key":"Explosive Potion"},{"floor":8,"key":"SteroidPotion"},{"floor":12,"key":"Fire Potion"},{"floor":14,"key":"Fire Potion"},{"floor":16,"key":"Strength Potion"},{"floor":20,"key":"Regen Potion"},{"floor":22,"key":"Fire Potion"}],"is_trial":false,"path_per_floor":["M","?","M","M","M","M","R","M","T","M","R","M","R","E","R","B",null,"M","?","M","$","M","E"],"character_chosen":"DEFECT","items_purchased":["Membership Card","Bronze Scales"],"campfire_rested":2,"item_purchase_floors":[21,21],"current_hp_per_floor":[64,53,53,46,23,15,15,15,15,6,27,27,48,48,48,15,57,50,35,35,35,39,0],"gold":56,"neow_bonus":"RANDOM_COMMON_RELIC","is_prod":false,"is_daily":false,"chose_seed":false,"campfire_upgraded":2,"win_rate":0,"timestamp":1555070557,"path_taken":["M","?","M","M","M","M","R","M","T","M","R","M","R","E","R","BOSS","M","?","M","$","M","E"],"build_version":"2019-01-23","purchased_purges":1,"victory":false,"max_hp_per_floor":[71,71,71,71,71,71,71,71,71,71,71,71,71,71,71,71,71,71,71,71,71,71,71],"card_choices":[{"not_picked":["Fusion","Go for the Eyes"],"picked":"Compile Driver","floor":1},{"not_picked":["Tempest","Self Repair"],"picked":"Defragment","floor":3},{"not_picked":["Blizzard","Undo"],"picked":"Glacier","floor":4},{"not_picked":["Chaos","Steam"],"picked":"Chill","floor":5},{"not_picked":["Compile Driver","Stack"],"picked":"Hologram","floor":6},{"not_picked":["Aggregate","Beam Cell","Rainbow"],"picked":"SKIP","floor":8},{"not_picked":["Undo","Recycle","Blizzard"],"picked":"SKIP","floor":10},{"not_picked":["Redo","Turbo"],"picked":"Go for the Eyes","floor":12},{"not_picked":["Hologram","Reprogram","Turbo"],"picked":"SKIP","floor":14},{"not_picked":["Rainbow","Multi-Cast"],"picked":"Machine Learning","floor":16},{"not_picked":["Conserve Battery","Cold Snap"],"picked":"Leap","floor":18},{"not_picked":["Cold Snap","Go for the Eyes"],"picked":"Blizzard","floor":20},{"not_picked":["Steam","Barrage","Gash"],"picked":"SKIP","floor":22}],"player_experience":903863,"relics_obtained":[{"floor":9,"key":"Mercury Hourglass"},{"floor":14,"key":"Du-Vu Doll"}],"event_choices":[{"damage_healed":0,"gold_gain":0,"player_choice":"Success","damage_taken":11,"relics_obtained":["Darkstone Periapt"],"max_hp_gain":0,"max_hp_loss":0,"event_name":"Scrap Ooze","floor":2,"gold_loss":0},{"damage_healed":0,"gold_gain":0,"player_choice":"Fight","damage_taken":0,"max_hp_gain":0,"max_hp_loss":0,"event_name":"Colosseum","floor":19,"gold_loss":0},{"damage_healed":0,"gold_gain":0,"player_choice":"Fled From Nobs","damage_taken":0,"max_hp_gain":0,"max_hp_loss":0,"event_name":"Colosseum","floor":19,"gold_loss":0}],"is_beta":false,"boss_relics":[{"not_picked":["Tiny House","Runic Pyramid"],"picked":"FrozenCore"}],"items_purged_floors":[21],"is_endless":false,"potions_floor_spawned":[1,5,8,12,14,16,19,20,22],"killed_by":"Gremlin Leader","ascension_level":20}