{"gold_per_floor":[118,118,118,143,17,58,58,83,106,82,82,163,196,167,167,288,288,311,335,335,351,5,44,57,76,130,130,149,149,173,196,196,322,322,346,346,346,366,123,123,167,232,232,232,132,0,0,24,24,24],"floor_reached":51,"playtime":4742,"items_purged":["Defend_R","Defend_R","Defend_R","Strike_R+1"],"score":720,"play_id":"41d361a1-db72-4079-adc9-b3e921ecf90f","local_time":"20190421051943","is_ascension_mode":false,"campfire_choices":[{"floor":7,"key":"REST"},{"data":"Body Slam","floor":11,"key":"SMITH"},{"floor":15,"key":"REST"},{"floor":27,"key":"REST"},{"data":"Body Slam","floor":29,"key":"SMITH"},{"data":"Demon Form","floor":32,"key":"SMITH"},{"data":"Whirlwind","floor":40,"key":"SMITH"},{"data":"Brutality","floor":44,"key":"SMITH"},{"data":"Shrug It Off","floor":47,"key":"SMITH"},{"floor":49,"key":"REST"}],"neow_cost":"NONE","seed_source_timestamp":37763154240892,"circlet_count":0,"master_deck":["Bash+1","Shrug It Off","Cleave","Body Slam+1","Pommel Strike","Body Slam+1","Shrug It Off+1","Demon Form+1","Impervious+1","Iron Wave+1","Iron Wave+1","Whirlwind+1","Pommel Strike","Brutality+1","Battle Trance","Body Slam+1"],"relics":["Burning Blood","Golden Idol","Whetstone","Omamori","Anchor","Odd Mushroom","Astrolabe","Paper Frog","Question Card","Centennial Puzzle","Philosopher\u0027s Stone","SsserpentHead","Vajra","Meat on the Bone","Red Mask"],"potions_floor_usage":[12,16,16,33,33,33,41,41,50],"damage_taken":[{"damage":3,"enemies":"Small Slimes","floor":1,"turns":3},{"damage":14,"enemies":"2 Louse","floor":4,"turns":4},{"damage":32,"enemies":"Gremlin Nob","floor":6,"turns":5},{"damage":1,"enemies":"Jaw Worm","floor":8,"turns":3},{"damage":21,"enemies":"Lagavulin Event","floor":12,"turns":5},{"damage":21,"enemies":"The Mushroom Lair","floor":13,"turns":4},{"damage":0,"enemies":"Slime Boss","floor":16,"turns":6},{"damage":0,"enemies":"Spheric Guardian","floor":18,"turns":4},{"damage":10,"enemies":"3 Byrds","floor":19,"turns":4},{"damage":21,"enemies":"3 Cultists","floor":21,"turns":5},{"damage":41,"enemies":"Gremlin Leader","floor":23,"turns":6},{"damage":10,"enemies":"Shelled Parasite and Fungi","floor":24,"turns":7},{"damage":8,"enemies":"Centurion and Healer","floor":25,"turns":7},{"damage":3,"enemies":"Chosen and Byrds","floor":28,"turns":6},{"damage":9,"enemies":"Sentry and Sphere","floor":30,"turns":4},{"damage":3,"enemies":"Centurion and Healer","floor":31,"turns":4},{"damage":52,"enemies":"Automaton","floor":33,"turns":8},{"damage":29,"enemies":"3 Darklings","floor":35,"turns":3},{"damage":9,"enemies":"3 Shapes","floor":38,"turns":4},{"damage":8,"enemies":"Nemesis","floor":41,"turns":5},{"damage":11,"enemies":"3 Darklings","floor":42,"turns":3},{"damage":2,"enemies":"Jaw Worm Horde","floor":48,"turns":2},{"damage":47,"enemies":"Awakened One","floor":50,"turns":8}],"seed_played":"-3205384419897622025","potions_obtained":[{"floor":1,"key":"Fire Potion"},{"floor":4,"key":"Fire Potion"},{"floor":6,"key":"LiquidBronze"},{"floor":13,"key":"Explosive Potion"},{"floor":19,"key":"Ancient Potion"},{"floor":25,"key":"FearPotion"},{"floor":35,"key":"Strength Potion"},{"floor":38,"key":"FearPotion"}],"is_trial":false,"path_per_floor":["M","?","?","M","$","E","R","M","T","$","R","?","?","?","R","B",null,"M","M","?","M","$","E","M","M","T","R","M","R","M","M","R","B",null,"M","?","?","M","$","R","E","M","T","R","$","?","R","M","R","B",null],"character_chosen":"IRONCLAD","items_purchased":["Cleave","Pommel Strike","Paper Frog","Battle Trance","Dexterity Potion"],"campfire_rested":4,"item_purchase_floors":[5,10,22,39,39],"current_hp_per_floor":[80,85,64,56,56,30,55,60,60,60,60,45,30,30,55,61,85,85,81,81,66,66,31,27,25,25,50,53,53,50,53,53,7,85,62,62,62,59,59,59,57,52,52,52,52,52,52,56,81,52],"gold":24,"neow_bonus":"REMOVE_CARD","is_prod":false,"is_daily":false,"chose_seed":false,"campfire_upgraded":6,"win_rate":0.0,"timestamp":1555838383,"path_taken":["M","?","?","M","$","E","R","M","T","$","R","?","?","?","R","BOSS","M","M","?","M","$","E","M","?","T","R","M","R","M","M","R","BOSS","M","?","?","M","$","R","E","?","T","R","?","?","R","M","R","BOSS"],"build_version":"2019-01-23","purchased_purges":4,"victory":true,"max_hp_per_floor":[80,85,85,85,85,85,85,85,85,85,85,85,85,85,85,85,85,85,85,85,85,85,85,85,85,85,85,85,85,85,85,85,85,85,85,85,85,85,85,85,85,85,85,85,85,85,85,85,85,85],"card_choices":[{"not_picked":["Carnage","Disarm","Sever Soul"],"picked":"SKIP","floor":1},{"not_picked":["Warcry","Armaments"],"picked":"Shrug It Off","floor":4},{"not_picked":["Second Wind","Flex"],"picked":"Body Slam","floor":6},{"not_picked":["Dropkick","Power Through","Corruption"],"picked":"SKIP","floor":8},{"not_picked":["Intimidate","Twin Strike"],"picked":"Body Slam","floor":12},{"not_picked":["Rage","Sever Soul"],"picked":"Shrug It Off","floor":13},{"not_picked":["Feed","Bludgeon"],"picked":"Demon Form","floor":16},{"not_picked":["Perfected Strike+1","Thunderclap+1"],"picked":"Whirlwind","floor":18},{"not_picked":["Clash","Clothesline"],"picked":"Pommel Strike","floor":19},{"not_picked":["Seeing Red","Shrug It Off","Flex"],"picked":"SKIP","floor":21},{"not_picked":["Metallicize","Twin Strike","Thunderclap+1"],"picked":"SKIP","floor":23},{"not_picked":["Hemokinesis+1","Twin Strike","Headbutt","Warcry+1"],"picked":"SKIP","floor":24},{"not_picked":["Clothesline","Thunderclap","Combust","Twin Strike"],"picked":"SKIP","floor":25},{"not_picked":["Clothesline","Warcry","Sword Boomerang","True Grit"],"picked":"SKIP","floor":28},{"not_picked":["Juggernaut","Uppercut","Clothesline","Clash"],"picked":"SKIP","floor":30},{"not_picked":["Uppercut+1","Perfected Strike+1","Power Through","True Grit+1"],"picked":"SKIP","floor":31},{"not_picked":["Power Through+1","Body Slam","Cleave+1","Headbutt"],"picked":"SKIP","floor":35},{"not_picked":["Headbutt+1","Dual Wield","Thunderclap","Twin Strike"],"picked":"SKIP","floor":38},{"not_picked":["Armaments+1","Barricade","Flex+1"],"picked":"Body Slam+1","floor":41},{"not_picked":["Dropkick","Fire Breathing","Perfected Strike","Iron Wave+1"],"picked":"SKIP","floor":42},{"not_picked":["Armaments","True Grit","Clothesline+1","Barricade"],"picked":"SKIP","floor":48}],"player_experience":9747,"relics_obtained":[{"floor":6,"key":"Whetstone"},{"floor":9,"key":"Omamori"},{"floor":13,"key":"Odd Mushroom"},{"floor":23,"key":"Question Card"},{"floor":26,"key":"Centennial Puzzle"},{"floor":41,"key":"Vajra"},{"floor":43,"key":"Meat on the Bone"}],"event_choices":[{"damage_healed":0,"gold_gain":0,"player_choice":"Donut","damage_taken":0,"max_hp_gain":5,"max_hp_loss":0,"event_name":"Big Fish","floor":2,"gold_loss":0},{"damage_healed":0,"gold_gain":0,"player_choice":"Take Damage","damage_taken":21,"relics_obtained":["Golden Idol"],"max_hp_gain":0,"max_hp_loss":0,"event_name":"Golden Idol","floor":3,"gold_loss":0},{"damage_healed":0,"gold_gain":0,"player_choice":"Searched \u00272\u0027 times","damage_taken":0,"relics_obtained":["Anchor"],"max_hp_gain":0,"max_hp_loss":0,"event_name":"Dead Adventurer","floor":12,"gold_loss":0},{"damage_healed":0,"gold_gain":0,"player_choice":"Fought Mushrooms","damage_taken":0,"max_hp_gain":0,"max_hp_loss":0,"event_name":"Mushrooms","floor":13,"gold_loss":0},{"damage_healed":0,"gold_gain":0,"player_choice":"Left Gold","damage_taken":0,"max_hp_gain":0,"max_hp_loss":0,"event_name":"World of Goop","floor":14,"gold_loss":29},{"damage_healed":0,"gold_gain":0,"cards_transformed":["Strike_R"],"player_choice":"Transformed","damage_taken":0,"max_hp_gain":0,"max_hp_loss":0,"event_name":"Transmorgrifier","floor":20,"gold_loss":0,"cards_obtained":["Brutality"]},{"damage_healed":0,"gold_gain":0,"player_choice":"Ignored","damage_taken":0,"max_hp_gain":0,"max_hp_loss":0,"event_name":"The Moai Head","floor":36,"gold_loss":0},{"damage_healed":0,"gold_gain":0,"player_choice":"Trade","damage_taken":0,"relics_obtained":["SsserpentHead"],"max_hp_gain":0,"max_hp_loss":0,"event_name":"FaceTrader","floor":37,"gold_loss":0},{"damage_healed":0,"gold_gain":0,"player_choice":"Paid","damage_taken":0,"relics_obtained":["Red Mask"],"max_hp_gain":0,"max_hp_loss":0,"event_name":"Tomb of Lord Red Mask","floor":46,"gold_loss":182}],"is_beta":false,"boss_relics":[{"not_picked":["Coffee Dripper","Calling Bell"],"picked":"Astrolabe"},{"not_picked":["Runic Dome","White Beast Statue"],"picked":"Philosopher\u0027s Stone"}],"items_purged_floors":[5,22,39,45],"is_endless":false,"potions_floor_spawned":[1,4,6,13,19,25,30,35,38],"ascension_level":0}