{"gold_per_floor":[112,112,128,148,148,176,176,46,46,46,46,7,82,98,98,197,197,211,3,278,303,193,231,231],"floor_reached":24,"playtime":541,"items_purged":["Strike_B","Injury"],"score":413,"play_id":"53a691ee-af4d-48ca-a7fa-732ad0d85c18","local_time":"20190407231641","is_ascension_mode":true,"campfire_choices":[{"data":"Zap","floor":7.0,"key":"SMITH"},{"data":"Defragment","floor":11.0,"key":"SMITH"},{"floor":15.0,"key":"REST"}],"neow_cost":"NONE","seed_source_timestamp":691140910304700,"circlet_count":0,"master_deck":["AscendersBane","Strike_B","Strike_B","Strike_B","Defend_B","Defend_B","Defend_B","Defend_B","Zap+1","Dualcast","Sweeping Beam","Defragment+1","Rebound","Compile Driver","FTL","Glacier","Electrodynamics","White Noise+1","Finesse","FTL+1"],"special_seed":0,"relics":["Cracked Core","NeowsBlessing","Lantern","Happy Flower","Darkstone Periapt","Golden Idol","Inserter","Matryoshka"],"potions_floor_usage":[24,24],"damage_taken":[{"damage":0.0,"enemies":"2 Louse","floor":1.0,"turns":1.0},{"damage":0.0,"enemies":"Cultist","floor":3.0,"turns":1.0},{"damage":0.0,"enemies":"Small Slimes","floor":4.0,"turns":1.0},{"damage":44.0,"enemies":"Gremlin Nob","floor":6.0,"turns":4.0},{"damage":12.0,"enemies":"Exordium Wildlife","floor":14.0,"turns":3.0},{"damage":22.0,"enemies":"Slime Boss","floor":16.0,"turns":13.0},{"damage":21.0,"enemies":"3 Byrds","floor":18.0,"turns":3.0},{"damage":14.0,"enemies":"Spheric Guardian","floor":21.0,"turns":4.0},{"damage":23.0,"enemies":"Gremlin Leader","floor":23.0,"turns":5.0},{"damage":9,"enemies":"Centurion and Healer","floor":24,"turns":1}],"seed_played":"-88115072904609970","potions_obtained":[{"floor":1.0,"key":"PowerPotion"},{"floor":2.0,"key":"FocusPotion"},{"floor":16.0,"key":"Ancient Potion"},{"floor":23.0,"key":"Strength Potion"}],"is_trial":false,"path_per_floor":["M","?","M","M","T","E","R","$","T","?","R","$","?","M","R","B",null,"M","$","?","M","?","E","M"],"character_chosen":"DEFECT","items_purchased":["Compile Driver","FTL","Finesse"],"campfire_rested":1,"item_purchase_floors":[8,12,19],"current_hp_per_floor":[64,64,64,64,64,20,20,20,20,26,26,26,15,3,26,4,59,38,38,44,30,30,7,0],"gold":231,"neow_bonus":"THREE_ENEMY_KILL","is_prod":false,"is_daily":false,"chose_seed":false,"campfire_upgraded":2,"win_rate":0,"timestamp":1554671801,"path_taken":["M","?","?","M","?","E","R","$","T","?","R","?","?","M","R","BOSS","M","$","?","?","?","E","?"],"build_version":"2019-01-23","purchased_purges":2,"victory":false,"max_hp_per_floor":[71,71,71,71,71,71,71,71,71,77,77,77,77,77,77,77,77,77,77,83,83,83,83,83],"card_choices":[{"not_picked":["Reprogram","Auto Shields"],"picked":"Sweeping Beam","floor":1.0},{"not_picked":["Ball Lightning","Gash"],"picked":"Defragment","floor":3.0},{"not_picked":["Fusion","Hello World"],"picked":"Rebound","floor":4.0},{"not_picked":["Lockon","Hello World","Go for the Eyes"],"picked":"SKIP","floor":6.0},{"not_picked":["Redo","Go for the Eyes"],"picked":"Glacier","floor":14.0},{"not_picked":["Fission","Buffer"],"picked":"Electrodynamics","floor":16.0},{"not_picked":["Ball Lightning","Streamline"],"picked":"White Noise","floor":18.0},{"not_picked":["Streamline","Go for the Eyes","Redo"],"picked":"SKIP","floor":21.0},{"not_picked":["Leap","Storm"],"picked":"FTL+1","floor":23.0}],"player_experience":511620,"relics_obtained":[{"floor":5.0,"key":"Lantern"},{"floor":6.0,"key":"Happy Flower"},{"floor":9.0,"key":"Darkstone Periapt"},{"floor":23.0,"key":"Matryoshka"}],"event_choices":[{"damage_healed":0.0,"max_hp_gain":0.0,"max_hp_loss":0.0,"gold_gain":0.0,"event_name":"Lab","player_choice":"Got Potions","floor":2.0,"gold_loss":0.0,"damage_taken":0.0},{"damage_healed":0.0,"max_hp_gain":0.0,"max_hp_loss":0.0,"gold_gain":0.0,"event_name":"Golden Idol","player_choice":"Take Wound","floor":10.0,"gold_loss":0.0,"damage_taken":0.0,"relics_obtained":["Golden Idol"],"cards_obtained":["Injury"]},{"damage_healed":0.0,"max_hp_gain":0.0,"max_hp_loss":0.0,"gold_gain":75.0,"event_name":"World of Goop","player_choice":"Gather Gold","floor":13.0,"gold_loss":0.0,"damage_taken":11.0},{"damage_healed":0.0,"max_hp_gain":0.0,"max_hp_loss":0.0,"gold_gain":275.0,"event_name":"Golden Shrine","player_choice":"Desecrate","floor":20.0,"gold_loss":0.0,"damage_taken":0.0,"cards_obtained":["Regret"]},{"cards_removed":["Regret"],"damage_healed":0.0,"max_hp_gain":0.0,"max_hp_loss":0.0,"gold_gain":0.0,"event_name":"Designer","player_choice":"Upgrade and Remove","floor":22.0,"gold_loss":110.0,"damage_taken":0.0,"cards_upgraded":["White Noise"]}],"is_beta":false,"boss_relics":[{"not_picked":["Runic Dome","Astrolabe"],"picked":"Inserter"}],"items_purged_floors":[8,19],"is_endless":false,"potions_floor_spawned":[1,3,16,23],"killed_by":"Centurion and Healer","ascension_level":19}