{"gold_per_floor":[119,119,137,149,74,74,39,39,66,66,13,42,58,58,58,152,152,173,173,173,8,24,24],"floor_reached":23,"playtime":840,"items_purged":["Strike_R"],"score":374,"play_id":"6af01801-c834-4174-843c-b8a75750d7d8","local_time":"20190327084218","is_ascension_mode":true,"campfire_choices":[{"data":"Inflame","floor":6,"key":"SMITH"},{"data":"Anger","floor":8,"key":"SMITH"},{"data":"Strike_R","floor":10,"key":"SMITH"},{"floor":15,"key":"REST"}],"neow_cost":"NONE","seed_source_timestamp":712513271080693,"circlet_count":0,"master_deck":["AscendersBane","Strike_R+1","Defend_R","Defend_R","Defend_R","Defend_R","Bash+1","Anger+1","Inflame+1","Feed+1","Heavy Blade+1","Immolate","True Grit","Metallicize+1","Evolve+1"],"relics":["Burning Blood","Vajra","Frozen Egg 2","Golden Idol","Runic Pyramid","Whetstone"],"potions_floor_usage":[12,13,16],"damage_taken":[{"damage":1,"enemies":"Small Slimes","floor":1,"turns":5},{"damage":0,"enemies":"Cultist","floor":3,"turns":2},{"damage":7,"enemies":"Jaw Worm","floor":4,"turns":3},{"damage":35,"enemies":"3 Sentries","floor":12,"turns":8},{"damage":20,"enemies":"Exordium Thugs","floor":13,"turns":4},{"damage":50,"enemies":"The Guardian","floor":16,"turns":11},{"damage":0,"enemies":"Chosen","floor":18,"turns":3},{"damage":28,"enemies":"2 Thieves","floor":22,"turns":4},{"damage":55,"enemies":"Slavers","floor":23,"turns":4}],"seed_played":"-8261945151806376036","potions_obtained":[{"floor":3,"key":"SkillPotion"},{"floor":12,"key":"Fire Potion"}],"is_trial":false,"path_per_floor":["M","?","M","M","$","R","?","R","T","R","$","E","M","?","R","B",null,"M","?","?","$","M","E"],"character_chosen":"IRONCLAD","items_purchased":["SteroidPotion","Whetstone"],"campfire_rested":1,"item_purchase_floors":[11,21],"current_hp_per_floor":[73,73,75,74,74,74,75,75,75,75,75,46,35,35,56,15,59,68,68,68,68,50,0],"gold":24,"neow_bonus":"UPGRADE_CARD","is_prod":false,"is_daily":false,"chose_seed":false,"campfire_upgraded":3,"win_rate":0,"timestamp":1553643738,"path_taken":["M","?","M","?","$","R","?","R","T","R","?","E","M","?","R","BOSS","M","?","?","?","M","E"],"build_version":"2019-01-23","purchased_purges":1,"victory":false,"max_hp_per_floor":[75,75,75,75,75,75,75,75,75,75,75,75,78,71,71,74,74,77,77,77,77,81,81],"card_choices":[{"not_picked":["Body Slam","Warcry"],"picked":"Anger","floor":1},{"not_picked":["Anger","Rampage","Wild Strike"],"picked":"SKIP","floor":3},{"not_picked":["Warcry","True Grit","Clash"],"picked":"SKIP","floor":4},{"not_picked":["Headbutt","Pommel Strike"],"picked":"Feed","floor":12},{"not_picked":["Body Slam","Intimidate"],"picked":"Heavy Blade","floor":13},{"not_picked":["Feed","Reaper"],"picked":"Immolate","floor":16},{"not_picked":["Thunderclap+1","Burning Pact"],"picked":"True Grit","floor":18},{"not_picked":["True Grit","Pommel Strike","Thunderclap"],"picked":"SKIP","floor":22}],"player_experience":802612,"relics_obtained":[{"floor":9,"key":"Vajra"},{"floor":12,"key":"Frozen Egg 2"}],"event_choices":[{"damage_healed":0,"gold_gain":0,"cards_transformed":["Strike_R"],"player_choice":"Transformed","damage_taken":0,"max_hp_gain":0,"max_hp_loss":0,"event_name":"Transmorgrifier","floor":2,"gold_loss":0,"cards_obtained":["Inflame"]},{"damage_healed":18,"gold_gain":0,"player_choice":"Healed","damage_taken":0,"max_hp_gain":0,"max_hp_loss":0,"event_name":"The Cleric","floor":7,"gold_loss":35},{"damage_healed":0,"gold_gain":0,"player_choice":"Lose Max HP","damage_taken":0,"relics_obtained":["Golden Idol"],"max_hp_gain":0,"max_hp_loss":7,"event_name":"Golden Idol","floor":14,"gold_loss":0},{"damage_healed":0,"gold_gain":0,"player_choice":"Ignored","damage_taken":0,"max_hp_gain":0,"max_hp_loss":0,"event_name":"Ghosts","floor":19,"gold_loss":0},{"damage_healed":0,"gold_gain":0,"cards_transformed":["Strike_R","Strike_R"],"player_choice":"Became Test Subject","damage_taken":0,"max_hp_gain":0,"max_hp_loss":0,"event_name":"Drug Dealer","floor":20,"gold_loss":0,"cards_obtained":["Metallicize","Evolve"]}],"is_beta":false,"boss_relics":[{"not_picked":["Black Blood","Black Star"],"picked":"Runic Pyramid"}],"items_purged_floors":[5],"is_endless":false,"potions_floor_spawned":[3,12],"killed_by":"Slavers","ascension_level":20}