{"gold_per_floor":[112,112,124,138,156,169,155,155,180,195,228,228,228,266,266,386,449,467,462,377,377,396,396,419,442,521,536,560,560],"floor_reached":29,"playtime":3415,"items_purged":[],"score":243,"play_id":"8bd3abd6-b1aa-4d1c-a111-8d708d766207","local_time":"20190421025622","is_ascension_mode":false,"campfire_choices":[{"floor":12,"key":"REST"},{"data":"Infinite Blades","floor":15,"key":"SMITH"},{"floor":23,"key":"REST"}],"neow_cost":"NONE","seed_source_timestamp":30507877070023,"circlet_count":0,"master_deck":["Defend_G+1","Defend_G+1","Defend_G+1","Defend_G","Strike_G","Strike_G","Strike_G","Strike_G","Strike_G+1","Survivor","Neutralize+1","Masterful Stab+1","Endless Agony","Leg Sweep","Poisoned Stab","Acrobatics","Flying Knee","Blade Dance","Choke","Infinite Blades+1","Envenom","Well Laid Plans","Deadly Poison","Underhanded Strike+1","Iron Wave","Noxious Fumes+1","Backstab+1","Crippling Poison+1","Deadly Poison","Backstab"],"relics":["Ring of the Snake","Golden Idol","Whetstone","Potion Belt","Bag of Marbles","Tiny House","Orichalcum","Bottled Flame"],"potions_floor_usage":[11,11,16,29,29,29],"damage_taken":[{"damage":0,"enemies":"2 Louse","floor":1,"turns":3},{"damage":0,"enemies":"Cultist","floor":3,"turns":3},{"damage":5,"enemies":"Small Slimes","floor":4,"turns":4},{"damage":0,"enemies":"Looter","floor":5,"turns":4},{"damage":1,"enemies":"Lots of Slimes","floor":6,"turns":4},{"damage":8,"enemies":"Exordium Thugs","floor":7,"turns":4},{"damage":0,"enemies":"Blue Slaver","floor":10,"turns":3},{"damage":16,"enemies":"Lagavulin","floor":11,"turns":5},{"damage":2,"enemies":"3 Sentries","floor":14,"turns":7},{"damage":38,"enemies":"Hexaghost","floor":16,"turns":10},{"damage":34,"enemies":"3 Byrds","floor":18,"turns":7},{"damage":6,"enemies":"2 Thieves","floor":19,"turns":4},{"damage":12,"enemies":"Centurion and Healer","floor":22,"turns":5},{"damage":13,"enemies":"Snake Plant","floor":24,"turns":3},{"damage":19,"enemies":"3 Cultists","floor":25,"turns":5},{"damage":9,"enemies":"Snecko","floor":27,"turns":3},{"damage":2,"enemies":"Sentry and Sphere","floor":28,"turns":4},{"damage":10,"enemies":"Chosen and Byrds","floor":29,"turns":1}],"seed_played":"-5640330937712945122","potions_obtained":[{"floor":4,"key":"Energy Potion"},{"floor":5,"key":"Energy Potion"},{"floor":6,"key":"FearPotion"},{"floor":17,"key":"Regen Potion"},{"floor":19,"key":"Explosive Potion"},{"floor":22,"key":"Poison Potion"}],"is_trial":false,"path_per_floor":["M","?","M","M","M","M","M","?","T","M","E","R","?","E","R","B",null,"M","M","?","?","M","R","M","M","T","M","M","M"],"character_chosen":"THE_SILENT","items_purchased":[],"campfire_rested":2,"item_purchase_floors":[],"current_hp_per_floor":[77,77,77,72,72,71,63,63,63,63,47,68,54,52,52,14,76,42,36,36,36,24,46,33,14,14,5,3,0],"gold":560,"neow_bonus":"TEN_PERCENT_HP_BONUS","is_prod":false,"is_daily":false,"chose_seed":false,"campfire_upgraded":1,"win_rate":0.0,"timestamp":1555829782,"path_taken":["M","?","?","M","M","M","M","?","T","M","E","R","?","E","R","BOSS","M","M","?","?","M","R","M","M","T","?","M","M"],"build_version":"2019-01-23","purchased_purges":0,"victory":false,"max_hp_per_floor":[77,77,77,77,77,77,77,71,71,71,71,71,71,71,71,71,76,76,76,76,76,76,76,76,76,76,76,76,76],"card_choices":[{"not_picked":["Dagger Spray","Quick Slash"],"picked":"Masterful Stab","floor":1},{"not_picked":["Predator","Sucker Punch"],"picked":"Endless Agony","floor":3},{"not_picked":["Eviscerate","Poisoned Stab"],"picked":"Leg Sweep","floor":4},{"not_picked":["Dagger Throw","Backflip"],"picked":"Poisoned Stab","floor":5},{"not_picked":["Flying Knee","Dagger Spray"],"picked":"Acrobatics","floor":6},{"not_picked":["Eviscerate","Dagger Spray"],"picked":"Flying Knee","floor":7},{"not_picked":["Dagger Throw","Sucker Punch"],"picked":"Blade Dance","floor":10},{"not_picked":["Masterful Stab","Glass Knife"],"picked":"Choke","floor":11},{"not_picked":["Choke","Endless Agony"],"picked":"Infinite Blades","floor":14},{"not_picked":["Tools of the Trade","Unload"],"picked":"Envenom","floor":16},{"not_picked":["Backflip","Flying Knee"],"picked":"Well Laid Plans","floor":17},{"not_picked":["All Out Attack","Slice"],"picked":"Deadly Poison","floor":18},{"not_picked":["All Out Attack","Outmaneuver"],"picked":"Underhanded Strike+1","floor":19},{"not_picked":["Dagger Spray","Underhanded Strike"],"picked":"Noxious Fumes+1","floor":22},{"not_picked":["Footwork+1","Endless Agony"],"picked":"Backstab+1","floor":24},{"not_picked":["PiercingWail","Poisoned Stab"],"picked":"Crippling Poison+1","floor":25},{"not_picked":["Backflip","Flying Knee"],"picked":"Deadly Poison","floor":27},{"not_picked":["Malaise","Deadly Poison+1"],"picked":"Backstab","floor":28}],"player_experience":2813,"relics_obtained":[{"floor":9,"key":"Whetstone"},{"floor":11,"key":"Potion Belt"},{"floor":14,"key":"Bag of Marbles"},{"floor":26,"key":"Bottled Flame"}],"event_choices":[{"damage_healed":0,"gold_gain":0,"player_choice":"Forge","damage_taken":0,"max_hp_gain":0,"max_hp_loss":0,"event_name":"Accursed Blacksmith","floor":2,"gold_loss":0,"cards_upgraded":["Neutralize"]},{"damage_healed":0,"gold_gain":0,"player_choice":"Lose Max HP","damage_taken":0,"relics_obtained":["Golden Idol"],"max_hp_gain":0,"max_hp_loss":6,"event_name":"Golden Idol","floor":8,"gold_loss":0},{"damage_healed":0,"gold_gain":0,"player_choice":"Entered Light","damage_taken":14,"max_hp_gain":0,"max_hp_loss":0,"event_name":"Shining Light","floor":13,"gold_loss":0,"cards_upgraded":["Defend_G","Defend_G"]},{"damage_healed":0,"gold_gain":0,"player_choice":"Obtained Relic","damage_taken":0,"relics_obtained":["Orichalcum"],"max_hp_gain":0,"max_hp_loss":0,"event_name":"Addict","floor":20,"gold_loss":85},{"cards_removed":["Defend_G"],"damage_healed":0,"gold_gain":0,"player_choice":"Took Card","damage_taken":0,"max_hp_gain":0,"max_hp_loss":0,"event_name":"NoteForYourself","floor":21,"gold_loss":0,"cards_obtained":["Iron Wave"]}],"is_beta":false,"boss_relics":[{"not_picked":["Lizard Tail","Snecko Eye"],"picked":"Tiny House"}],"items_purged_floors":[],"is_endless":false,"potions_floor_spawned":[4,5,6,19,22],"killed_by":"Chosen and Byrds","ascension_level":0}