{"gold_per_floor":[116,132,29,43,43,43,77,97,121,131,131,147,147,162,162,236,236,236,11,11,11,11,11,11],"floor_reached":24,"playtime":1176,"items_purged":["Strike_R","Strike_R"],"score":421,"play_id":"0d8e7514-5f19-4cd9-b6a7-cf5b8499a413","local_time":"20190421224328","is_ascension_mode":true,"campfire_choices":[{"data":"Anger","floor":6,"key":"SMITH"},{"data":"Bash","floor":13,"key":"SMITH"},{"data":"Spot Weakness","floor":15,"key":"SMITH"},{"data":"Shockwave","floor":23,"key":"SMITH"}],"neow_cost":"NONE","seed_source_timestamp":224202004765751,"circlet_count":0,"master_deck":["AscendersBane","Strike_R+1","Strike_R+1","Defend_R+1","Defend_R+1","Defend_R+1","Defend_R+1","Bash+1","Uppercut+1","Clothesline+1","Armaments","Anger+1","Feed","Twin Strike","Spot Weakness+1","Double Tap","Shockwave+1","Battle Trance","Seeing Red"],"relics":["Burning Blood","Lantern","Whetstone","Strawberry","Ectoplasm"],"potions_floor_usage":[16],"damage_taken":[{"damage":7,"enemies":"Cultist","floor":1,"turns":4},{"damage":0,"enemies":"2 Louse","floor":2,"turns":2},{"damage":4,"enemies":"Jaw Worm","floor":4,"turns":4},{"damage":30,"enemies":"Lagavulin","floor":7,"turns":7},{"damage":12,"enemies":"Exordium Thugs","floor":8,"turns":4},{"damage":6,"enemies":"Looter","floor":10,"turns":3},{"damage":22,"enemies":"Lots of Slimes","floor":12,"turns":4},{"damage":6,"enemies":"Blue Slaver","floor":14,"turns":4},{"damage":35,"enemies":"Slime Boss","floor":16,"turns":6},{"damage":19,"enemies":"Spheric Guardian","floor":18,"turns":5},{"damage":11,"enemies":"Chosen","floor":20,"turns":5},{"damage":32,"enemies":"Shelled Parasite and Fungi","floor":24,"turns":2}],"seed_played":"1008801611295403962","potions_obtained":[{"floor":1,"key":"Weak Potion"},{"floor":7,"key":"SkillPotion"},{"floor":16,"key":"LiquidBronze"},{"floor":20,"key":"Explosive Potion"}],"is_trial":false,"path_per_floor":["M","M","$","M","?","R","E","M","T","M","?","M","R","M","R","B",null,"M","$","M","?","?","R","M"],"character_chosen":"IRONCLAD","items_purchased":["Armaments","Battle Trance","Seeing Red"],"campfire_rested":0,"item_purchase_floors":[3,19,19],"current_hp_per_floor":[67,73,73,75,75,75,51,45,45,48,50,37,37,40,40,14,74,64,64,62,32,32,32,0],"gold":11,"neow_bonus":"REMOVE_CARD","is_prod":false,"is_daily":false,"chose_seed":false,"campfire_upgraded":4,"win_rate":0,"timestamp":1555854208,"path_taken":["M","M","$","?","?","R","E","M","T","M","?","M","R","M","R","BOSS","M","$","M","?","?","R","M"],"build_version":"2019-01-23","purchased_purges":2,"victory":false,"max_hp_per_floor":[75,75,75,75,75,75,75,75,75,78,85,88,88,91,91,94,94,97,97,100,105,105,105,105],"card_choices":[{"not_picked":["Ghostly Armor","Warcry"],"picked":"Uppercut","floor":1},{"not_picked":["Perfected Strike","Sword Boomerang"],"picked":"Clothesline","floor":2},{"not_picked":["Body Slam","Havoc"],"picked":"Anger","floor":4},{"not_picked":["Clash","Dual Wield"],"picked":"Feed","floor":7},{"not_picked":["Sever Soul","Uppercut","Combust"],"picked":"SKIP","floor":8},{"not_picked":["Warcry","Fire Breathing"],"picked":"Twin Strike","floor":10},{"not_picked":["Perfected Strike","Wild Strike"],"picked":"Spot Weakness","floor":12},{"not_picked":["Combust","Cleave","Warcry"],"picked":"SKIP","floor":14},{"not_picked":["Brutality","Dark Embrace"],"picked":"Double Tap","floor":16},{"not_picked":["Clothesline","Warcry"],"picked":"Shockwave","floor":18},{"not_picked":["Cleave","Perfected Strike","Body Slam"],"picked":"SKIP","floor":20}],"player_experience":1028958,"relics_obtained":[{"floor":7,"key":"Lantern"},{"floor":9,"key":"Whetstone"}],"event_choices":[{"damage_healed":0,"gold_gain":0,"player_choice":"Grow","damage_taken":0,"max_hp_gain":0,"max_hp_loss":0,"event_name":"Living Wall","floor":5,"gold_loss":0,"cards_upgraded":["Uppercut"]},{"damage_healed":0,"gold_gain":0,"player_choice":"Success","damage_taken":5,"relics_obtained":["Strawberry"],"max_hp_gain":0,"max_hp_loss":0,"event_name":"Scrap Ooze","floor":11,"gold_loss":0},{"damage_healed":0,"gold_gain":0,"player_choice":"Shed Blood","damage_taken":35,"max_hp_gain":5,"max_hp_loss":0,"event_name":"Forgotten Altar","floor":21,"gold_loss":0},{"damage_healed":0,"gold_gain":0,"player_choice":"Simplicity","damage_taken":0,"max_hp_gain":0,"max_hp_loss":0,"event_name":"Back to Basics","floor":22,"gold_loss":0,"cards_upgraded":["Strike_R","Defend_R","Defend_R","Defend_R","Defend_R"]}],"is_beta":false,"boss_relics":[{"not_picked":["Eternal Feather","Lizard Tail"],"picked":"Ectoplasm"}],"items_purged_floors":[3,19],"is_endless":false,"potions_floor_spawned":[1,7,8,10,16,20],"killed_by":"Shelled Parasite and Fungi","ascension_level":20}