{"gold_per_floor":[118,131,146,159,159,159,159,159,204,215,215,215,240,260,260,260],"floor_reached":16,"playtime":786,"items_purged":[],"score":204,"play_id":"2123646b-11d1-4c04-b5b3-eb0aca54de17","local_time":"20190502205858","is_ascension_mode":true,"campfire_choices":[{"data":"Bash","floor":6,"key":"SMITH"},{"floor":8,"key":"REST"},{"floor":12,"key":"REST"},{"data":"Offering","floor":15,"key":"SMITH"}],"neow_cost":"PERCENT_DAMAGE","seed_source_timestamp":316300061696600,"circlet_count":0,"master_deck":["AscendersBane","Strike_R","Strike_R","Strike_R","Defend_R","Defend_R+1","Defend_R+1","Defend_R","Bash+1","Feel No Pain","Reaper","Thunderclap+1","Shrug It Off","Cleave","Shrug It Off","Offering+1","Disarm"],"relics":["Burning Blood","Orichalcum","Smiling Mask"],"potions_floor_usage":[16,16],"damage_taken":[{"damage":15,"enemies":"Jaw Worm","floor":1,"turns":10},{"damage":18,"enemies":"Small Slimes","floor":2,"turns":5},{"damage":7,"enemies":"2 Louse","floor":3,"turns":4},{"damage":30,"enemies":"Exordium Wildlife","floor":4,"turns":7},{"damage":6,"enemies":"Looter","floor":10,"turns":5},{"damage":10,"enemies":"3 Sentries","floor":13,"turns":8},{"damage":16,"enemies":"Gremlin Gang","floor":14,"turns":3},{"damage":56,"enemies":"Hexaghost","floor":16,"turns":12}],"seed_played":"3399132022040122525","potions_obtained":[{"floor":1,"key":"SpeedPotion"},{"floor":3,"key":"LiquidBronze"},{"floor":13,"key":"Energy Potion"}],"is_trial":false,"path_per_floor":["M","M","M","M","?","R","?","R","T","M","?","R","E","M","R","B"],"character_chosen":"IRONCLAD","items_purchased":[],"campfire_rested":2,"item_purchase_floors":[],"current_hp_per_floor":[45,39,42,24,24,24,1,23,23,29,29,51,57,47,47,0],"gold":260,"neow_bonus":"TRANSFORM_TWO_CARDS","is_prod":false,"is_daily":false,"chose_seed":false,"campfire_upgraded":2,"win_rate":0,"timestamp":1556798338,"path_taken":["M","M","M","M","?","R","?","R","T","M","?","R","E","M","R","BOSS"],"build_version":"2019-01-23","purchased_purges":0,"victory":false,"max_hp_per_floor":[75,75,75,75,75,75,75,75,75,75,75,75,75,75,75,75],"card_choices":[{"not_picked":["Sever Soul","Headbutt"],"picked":"Thunderclap","floor":1},{"not_picked":["Sentinel","Headbutt"],"picked":"Shrug It Off","floor":2},{"not_picked":["Power Through","Corruption"],"picked":"Cleave","floor":3},{"not_picked":["Warcry","Wild Strike"],"picked":"Shrug It Off","floor":4},{"not_picked":["Flex","Thunderclap"],"picked":"Offering","floor":10},{"not_picked":["Shrug It Off","Spot Weakness"],"picked":"Disarm","floor":13},{"not_picked":["Clash","Armaments","Intimidate"],"picked":"SKIP","floor":14}],"player_experience":1184675,"relics_obtained":[{"floor":9,"key":"Orichalcum"},{"floor":13,"key":"Smiling Mask"}],"event_choices":[{"damage_healed":0,"gold_gain":0,"player_choice":"Fled","damage_taken":0,"max_hp_gain":0,"max_hp_loss":0,"event_name":"Scrap Ooze","floor":5,"gold_loss":0},{"damage_healed":0,"gold_gain":0,"player_choice":"Entered Light","damage_taken":23,"max_hp_gain":0,"max_hp_loss":0,"event_name":"Shining Light","floor":7,"gold_loss":0,"cards_upgraded":["Defend_R","Defend_R"]},{"damage_healed":0,"gold_gain":0,"player_choice":"Grow","damage_taken":0,"max_hp_gain":0,"max_hp_loss":0,"event_name":"Living Wall","floor":11,"gold_loss":0,"cards_upgraded":["Thunderclap"]}],"is_beta":false,"boss_relics":[],"items_purged_floors":[],"is_endless":false,"potions_floor_spawned":[1,3,13],"killed_by":"Hexaghost","ascension_level":20}