{"gold_per_floor":[110,110,126,126,48,80,80,98,98,98,98,116,130,130],"floor_reached":14,"playtime":483,"items_purged":[],"score":90,"play_id":"05f38db9-21a4-4e14-84bc-3c41b7b6eb73","local_time":"20190406044105","is_ascension_mode":false,"campfire_choices":[{"data":"Defragment","floor":7,"key":"SMITH"},{"data":"Zap","floor":10,"key":"SMITH"}],"neow_cost":"NONE","seed_source_timestamp":24217812674440,"circlet_count":0,"master_deck":["Strike_B","Strike_B","Strike_B","Strike_B","Defend_B","Defend_B","Defend_B","Defend_B","Zap+1","Dualcast","Capacitor","Barrage","Defragment+1","Hologram","Coolheaded","Defragment","Darkness"],"relics":["Cracked Core","Girya","Bottled Lightning","Molten Egg 2","Omamori"],"potions_floor_usage":[6,13],"damage_taken":[{"damage":5,"enemies":"Small Slimes","floor":1,"turns":3},{"damage":5,"enemies":"Jaw Worm","floor":3,"turns":4},{"damage":35,"enemies":"Lagavulin","floor":6,"turns":8},{"damage":0,"enemies":"2 Louse","floor":8,"turns":2},{"damage":0,"enemies":"Red Slaver","floor":12,"turns":3},{"damage":12,"enemies":"Exordium Thugs","floor":13,"turns":4},{"damage":25,"enemies":"Exordium Wildlife","floor":14,"turns":3}],"seed_played":"-2560147928490585928","potions_obtained":[{"floor":1,"key":"SkillPotion"},{"floor":6,"key":"SteroidPotion"},{"floor":12,"key":"Fire Potion"}],"is_trial":false,"path_per_floor":["M","?","M","T","$","E","R","M","T","R","?","M","M","M"],"character_chosen":"DEFECT","items_purchased":["Defragment"],"campfire_rested":0,"item_purchase_floors":[5],"current_hp_per_floor":[77,74,69,69,69,34,34,34,34,34,34,34,22,0],"gold":130,"neow_bonus":"TEN_PERCENT_HP_BONUS","is_prod":false,"is_daily":false,"chose_seed":false,"campfire_upgraded":2,"win_rate":0,"timestamp":1554518465,"path_taken":["M","?","M","?","?","E","R","?","T","R","?","?","M","M"],"build_version":"2019-01-23","purchased_purges":0,"victory":false,"max_hp_per_floor":[82,82,82,82,82,82,82,82,82,82,82,82,82,82],"card_choices":[{"not_picked":["Gash","Conserve Battery"],"picked":"Capacitor","floor":1},{"not_picked":["Sweeping Beam","Chill"],"picked":"Barrage","floor":3},{"not_picked":["Seek","Turbo"],"picked":"Hologram","floor":6},{"not_picked":["Cold Snap","Self Repair"],"picked":"Coolheaded","floor":8},{"not_picked":["Steam Power","Conserve Battery"],"picked":"Defragment","floor":12},{"not_picked":["Redo","Conserve Battery"],"picked":"Darkness","floor":13}],"player_experience":435929,"relics_obtained":[{"floor":6,"key":"Bottled Lightning"},{"floor":9,"key":"Molten Egg 2"}],"event_choices":[{"damage_healed":0,"gold_gain":0,"player_choice":"Success","damage_taken":3,"relics_obtained":["Girya"],"max_hp_gain":0,"max_hp_loss":0,"event_name":"Scrap Ooze","floor":2,"gold_loss":0},{"damage_healed":0,"gold_gain":0,"player_choice":"Gave Potion","damage_taken":0,"relics_obtained":["Omamori"],"max_hp_gain":0,"max_hp_loss":0,"event_name":"WeMeetAgain","floor":11,"gold_loss":0}],"is_beta":false,"boss_relics":[],"items_purged_floors":[],"is_endless":false,"potions_floor_spawned":[1,6,12],"killed_by":"Exordium Wildlife","ascension_level":0}