{"gold_per_floor":[116,266,266,266,266,266,28,28,83,117,117,143,157,176,176,176],"floor_reached":16,"playtime":236,"items_purged":["Strike_R"],"score":304,"play_id":"cd72beb5-4663-4102-9b8b-1ae579477e54","local_time":"20190317230934","is_ascension_mode":true,"campfire_choices":[{"floor":6,"key":"REST"},{"data":"Bash","floor":15,"key":"SMITH"}],"neow_cost":"NONE","seed_source_timestamp":352442061414900,"circlet_count":0,"master_deck":["AscendersBane","Strike_R+1","Strike_R","Strike_R","Strike_R","Defend_R","Defend_R+1","Defend_R","Defend_R","Bash+1","Body Slam+1","Uppercut+1","Anger+1","Shrug It Off"],"relics":["Burning Blood","NeowsBlessing","Molten Egg 2","Bag of Preparation","PreservedInsect","Bag of Marbles","Du-Vu Doll"],"potions_floor_usage":[],"damage_taken":[{"damage":0,"enemies":"2 Louse","floor":1,"turns":1},{"damage":0,"enemies":"Lagavulin","floor":10,"turns":1},{"damage":0,"enemies":"Gremlin Nob","floor":12,"turns":1},{"damage":4,"enemies":"Jaw Worm","floor":13,"turns":2},{"damage":0,"enemies":"Small Slimes","floor":14,"turns":2},{"damage":78,"enemies":"Hexaghost","floor":16,"turns":9}],"seed_played":"1852161519521768081","potions_obtained":[{"floor":10,"key":"Strength Potion"},{"floor":12,"key":"Poison Potion"},{"floor":13,"key":"PowerPotion"}],"is_trial":false,"path_per_floor":["M","?","?","?","?","R","$","?","T","E","?","E","M","M","R","B"],"character_chosen":"IRONCLAD","items_purchased":["Bag of Preparation"],"campfire_rested":1,"item_purchase_floors":[7],"current_hp_per_floor":[74,74,67,56,33,55,55,55,55,61,61,67,69,75,75,0],"gold":176,"neow_bonus":"THREE_ENEMY_KILL","is_prod":false,"is_daily":false,"chose_seed":false,"campfire_upgraded":1,"win_rate":0,"timestamp":1552860574,"path_taken":["M","?","?","?","?","R","$","?","T","E","?","E","?","M","R","BOSS"],"build_version":"2019-01-23","purchased_purges":1,"victory":false,"max_hp_per_floor":[75,75,75,75,75,75,75,75,75,75,75,75,75,75,75,75],"card_choices":[{"not_picked":["Flex","Entrench","Twin Strike"],"picked":"SKIP","floor":1},{"not_picked":["Twin Strike+1","Havoc"],"picked":"Body Slam+1","floor":10},{"not_picked":["Rupture","Fire Breathing"],"picked":"Uppercut+1","floor":12},{"not_picked":["Flex","Rampage+1"],"picked":"Anger+1","floor":13},{"not_picked":["Exhume","Sentinel"],"picked":"Shrug It Off","floor":14}],"player_experience":486804,"relics_obtained":[{"floor":9,"key":"PreservedInsect"},{"floor":10,"key":"Bag of Marbles"},{"floor":12,"key":"Du-Vu Doll"}],"event_choices":[{"damage_healed":0,"gold_gain":150,"player_choice":"AGREE","damage_taken":0,"max_hp_gain":0,"max_hp_loss":0,"event_name":"Liars Game","floor":2,"gold_loss":0,"cards_obtained":["Doubt"]},{"cards_removed":["Doubt"],"damage_healed":0,"gold_gain":0,"player_choice":"Card Removal","damage_taken":7,"max_hp_gain":0,"max_hp_loss":0,"event_name":"Golden Wing","floor":3,"gold_loss":0},{"damage_healed":0,"gold_gain":0,"player_choice":"Success","damage_taken":11,"relics_obtained":["Molten Egg 2"],"max_hp_gain":0,"max_hp_loss":0,"event_name":"Scrap Ooze","floor":4,"gold_loss":0},{"damage_healed":0,"gold_gain":0,"player_choice":"Entered Light","damage_taken":23,"max_hp_gain":0,"max_hp_loss":0,"event_name":"Shining Light","floor":5,"gold_loss":0,"cards_upgraded":["Strike_R","Defend_R"]},{"damage_healed":0,"gold_gain":0,"player_choice":"Leave","damage_taken":0,"max_hp_gain":0,"max_hp_loss":0,"event_name":"The Cleric","floor":8,"gold_loss":0},{"damage_healed":0,"gold_gain":0,"player_choice":"Searched \u00270\u0027 times","damage_taken":0,"max_hp_gain":0,"max_hp_loss":0,"event_name":"Dead Adventurer","floor":11,"gold_loss":0}],"is_beta":false,"boss_relics":[],"items_purged_floors":[7],"is_endless":false,"potions_floor_spawned":[10,12,13],"killed_by":"Hexaghost","ascension_level":19}