{"gold_per_floor":[119,136,153,228,228,293,310,310,334,348,21,21,31,44,44,140,140,158,158,158,7,26,26,54,54,54,54,77,96,96,108,108,213,213,231,248,248,46,66,66,101,101,101,113,39,139,158,172,172,172],"floor_reached":51,"playtime":6803,"items_purged":["Strike_G"],"score":934,"play_id":"fa5f08e1-a7fd-479e-be24-1e243a2054e0","local_time":"20181123225031","is_ascension_mode":true,"campfire_choices":[{"floor":8.0,"key":"REST"},{"floor":15.0,"key":"REST"},{"data":"Apotheosis","floor":23,"key":"SMITH"},{"floor":25,"key":"REST"},{"floor":27,"key":"REST"},{"floor":32,"key":"REST"},{"data":"Malaise","floor":40,"key":"SMITH"},{"data":"Footwork","floor":42,"key":"SMITH"},{"floor":49,"key":"REST"}],"neow_cost":"NONE","seed_source_timestamp":0,"circlet_count":0,"master_deck":["Defend_G","Defend_G+1","Defend_G","Defend_G+1","Defend_G","Strike_G+1","Strike_G","Strike_G","Strike_G","Survivor","Neutralize+1","Leg Sweep","Blur","Backflip","Dagger Spray+1","Dagger Spray","Apotheosis+1","Footwork+1","Malaise+1","PiercingWail","Footwork","Cloak And Dagger","A Thousand Cuts","Backflip+1","Burst","Well Laid Plans"],"special_seed":0,"relics":["Ring of the Snake","Tiny Chest","Oddly Smooth Stone","Centennial Puzzle","Velvet Choker","Omamori","Whetstone","Vajra","Sundial","War Paint","Eternal Feather","Bronze Scales","Pear","Mango"],"potions_floor_usage":[24,33,33,35,39,39,47,50],"damage_taken":[{"damage":0.0,"enemies":"Cultist","floor":1.0,"turns":5.0},{"damage":0.0,"enemies":"Small Slimes","floor":2.0,"turns":4.0},{"damage":2.0,"enemies":"Jaw Worm","floor":3.0,"turns":6.0},{"damage":37.0,"enemies":"Gremlin Nob","floor":6.0,"turns":6.0},{"damage":8.0,"enemies":"Lots of Slimes","floor":7.0,"turns":3.0},{"damage":0.0,"enemies":"Red Slaver","floor":10.0,"turns":5.0},{"damage":4.0,"enemies":"Large Slime","floor":13.0,"turns":7.0},{"damage":2.0,"enemies":"Blue Slaver","floor":14.0,"turns":6.0},{"damage":0.0,"enemies":"Hexaghost","floor":16.0,"turns":12.0},{"damage":0.0,"enemies":"3 Byrds","floor":18.0,"turns":5.0},{"damage":7,"enemies":"Colosseum Slavers","floor":19,"turns":9},{"damage":16,"enemies":"Spheric Guardian","floor":22,"turns":7},{"damage":34,"enemies":"Slavers","floor":24,"turns":9},{"damage":11,"enemies":"Snecko","floor":29,"turns":8},{"damage":0,"enemies":"Snake Plant","floor":31,"turns":7},{"damage":8,"enemies":"Collector","floor":33,"turns":17},{"damage":12,"enemies":"Orb Walker","floor":35,"turns":4},{"damage":5,"enemies":"3 Shapes","floor":36,"turns":6},{"damage":14,"enemies":"Sphere and 2 Shapes","floor":39,"turns":9},{"damage":28,"enemies":"Reptomancer","floor":41,"turns":11},{"damage":11,"enemies":"Maw","floor":44,"turns":12},{"damage":0,"enemies":"Mind Bloom Boss Battle","floor":46,"turns":9},{"damage":0,"enemies":"Writhing Mass","floor":47,"turns":11},{"damage":4,"enemies":"Sphere and 2 Shapes","floor":48,"turns":8},{"damage":72,"enemies":"Donu and Deca","floor":50,"turns":19}],"seed_played":"3625791922576468818","potions_obtained":[{"floor":1.0,"key":"LiquidBronze"},{"floor":2.0,"key":"Swift Potion"},{"floor":6.0,"key":"LiquidBronze"},{"floor":10.0,"key":"LiquidBronze"},{"floor":14.0,"key":"Fire Potion"},{"floor":22,"key":"Block Potion"},{"floor":29,"key":"AttackPotion"},{"floor":31,"key":"SteroidPotion"},{"floor":33,"key":"SteroidPotion"},{"floor":44,"key":"Energy Potion"},{"floor":48,"key":"PowerPotion"}],"is_trial":false,"path_per_floor":["M","M","M","?","?","E","M","R","T","M","$","$","M","M","R","B",null,"M","?","T","$","M","R","E","R","T","R","T","M","?","M","R","B",null,"M","M","?","$","M","R","E","R","T","M","$","?","M","M","R","B",null],"character_chosen":"THE_SILENT","items_purchased":["Apotheosis","Centennial Puzzle","Whetstone","Block Potion","Regen Potion","Well Laid Plans"],"campfire_rested":6,"item_purchase_floors":[11,11,21,38,38,45],"current_hp_per_floor":[63,63,61,50,50,13,5,26,26,26,26,26,22,20,41,41,63,63,56,56,56,40,40,6,27,27,48,48,37,37,37,58,50,65,53,48,48,48,49,61,33,48,58,47,47,61,61,57,94,22],"gold":172,"neow_bonus":"UPGRADE_CARD","is_prod":false,"is_daily":false,"chose_seed":false,"campfire_upgraded":3,"win_rate":0,"timestamp":1543035031,"path_taken":["M","M","M","?","?","E","?","R","T","M","?","$","M","?","R","BOSS","M","?","?","$","?","R","E","R","T","R","?","M","?","M","R","BOSS","M","M","?","$","M","R","E","R","T","M","?","?","M","M","R","BOSS"],"build_version":"2018-11-15","purchased_purges":1,"victory":true,"max_hp_per_floor":[70,70,70,70,70,70,70,70,70,70,70,70,70,70,70,70,70,70,70,70,70,70,70,70,70,70,70,70,70,70,70,70,70,70,70,70,70,70,70,70,70,70,80,80,80,94,94,94,94,94],"card_choices":[{"not_picked":["Noxious Fumes","Flying Knee"],"picked":"Leg Sweep","floor":1.0},{"not_picked":["Setup","Acrobatics","Poisoned Stab"],"picked":"SKIP","floor":2.0},{"not_picked":["Underhanded Strike","Noxious Fumes"],"picked":"Blur","floor":3.0},{"not_picked":["PiercingWail","Calculated Gamble"],"picked":"Backflip","floor":6.0},{"not_picked":["Accuracy","Leg Sweep"],"picked":"Dagger Spray","floor":7.0},{"not_picked":["Blade Dance","Quick Slash"],"picked":"Dagger Spray","floor":10.0},{"not_picked":["Caltrops","PiercingWail"],"picked":"Footwork","floor":13.0},{"not_picked":["Outmaneuver","Blade Dance","Infinite Blades"],"picked":"SKIP","floor":14.0},{"not_picked":["Envenom","Die Die Die"],"picked":"Malaise","floor":16.0},{"not_picked":["Deflect","Expertise+1","Bane+1"],"picked":"SKIP","floor":18.0},{"not_picked":["Slice","Flying Knee"],"picked":"PiercingWail","floor":22},{"not_picked":["Poisoned Stab+1","Dash","Blade Dance"],"picked":"SKIP","floor":24},{"not_picked":["Leg Sweep","Flying Knee"],"picked":"Footwork","floor":29},{"not_picked":["Expertise","Escape Plan"],"picked":"Cloak And Dagger","floor":31},{"not_picked":["Envenom","Die Die Die"],"picked":"A Thousand Cuts","floor":33},{"not_picked":["Outmaneuver+1","Acrobatics+1","Finisher+1"],"picked":"SKIP","floor":35},{"not_picked":["Tactician","Poisoned Stab+1","Flying Knee+1"],"picked":"SKIP","floor":36},{"not_picked":["Cloak And Dagger+1","Slice"],"picked":"Backflip+1","floor":39},{"not_picked":["Outmaneuver+1","Deflect+1"],"picked":"Burst","floor":41},{"not_picked":["Masterful Stab+1","All Out Attack+1","Deadly Poison+1"],"picked":"SKIP","floor":44},{"not_picked":["Leg Sweep+1","Poisoned Stab","Dash"],"picked":"SKIP","floor":47},{"not_picked":["Underhanded Strike","Bouncing Flask","Bane+1"],"picked":"SKIP","floor":48}],"player_experience":262112,"relics_obtained":[{"floor":6.0,"key":"Tiny Chest"},{"floor":9.0,"key":"Oddly Smooth Stone"},{"floor":20,"key":"Omamori"},{"floor":24,"key":"Vajra"},{"floor":26,"key":"Sundial"},{"floor":28,"key":"War Paint"},{"floor":41,"key":"Bronze Scales"},{"floor":43,"key":"Pear"},{"floor":46,"key":"Mango"}],"event_choices":[{"damage_healed":0.0,"max_hp_gain":0.0,"max_hp_loss":0.0,"gold_gain":75.0,"event_name":"World of Goop","player_choice":"Gather Gold","floor":4.0,"gold_loss":0.0,"damage_taken":11.0},{"damage_healed":0.0,"max_hp_gain":0.0,"max_hp_loss":0.0,"gold_gain":0.0,"event_name":"Scrap Ooze","player_choice":"Fled","floor":5.0,"gold_loss":0.0,"damage_taken":0.0},{"damage_healed":0,"gold_gain":0,"player_choice":"Fight","damage_taken":0,"max_hp_gain":0,"max_hp_loss":0,"event_name":"Colosseum","floor":19,"gold_loss":0},{"damage_healed":0,"gold_gain":0,"player_choice":"Fled From Nobs","damage_taken":0,"max_hp_gain":0,"max_hp_loss":0,"event_name":"Colosseum","floor":19,"gold_loss":0},{"damage_healed":0,"gold_gain":0,"player_choice":"Ignored","damage_taken":0,"max_hp_gain":0,"max_hp_loss":0,"event_name":"Vampires","floor":30,"gold_loss":0},{"damage_healed":0,"gold_gain":0,"player_choice":"Leave","damage_taken":0,"max_hp_gain":0,"max_hp_loss":0,"event_name":"FaceTrader","floor":37,"gold_loss":0},{"damage_healed":0,"gold_gain":0,"player_choice":"Fight","damage_taken":0,"max_hp_gain":0,"max_hp_loss":0,"event_name":"MindBloom","floor":46,"gold_loss":0}],"is_beta":false,"boss_relics":[{"not_picked":["Runic Dome","Ring of the Serpent"],"picked":"Velvet Choker"},{"not_picked":["Philosopher\u0027s Stone","Pandora\u0027s Box"],"picked":"Eternal Feather"}],"items_purged_floors":[38],"is_endless":false,"potions_floor_spawned":[1,2,6,10,14,22,29,31,33,44,48],"ascension_level":6}