{"gold_per_floor":[111,131,155,170,23,50,50,50,75,75,94,46,46,65,65,186,186,166,66,66,90,17,56,56,71,71,71,85,85,126,146,146,272,272,285,125,125,190,213,213,338,358,358,377,410,215,215,248,248,248,248,248,23,58,58],"floor_reached":56,"playtime":4334,"items_purged":["Strike_G","Strike_G","Strike_G","Strike_G","Strike_G"],"score":1345,"play_id":"e1daa8f6-8eaf-4248-a597-25f90bf05bff","local_time":"20181124211531","is_ascension_mode":true,"campfire_choices":[{"floor":8,"key":"REST"},{"floor":13,"key":"RECALL"},{"data":"Neutralize","floor":15,"key":"SMITH"},{"data":"Bouncing Flask","floor":27,"key":"SMITH"},{"data":"Leg Sweep","floor":29,"key":"SMITH"},{"data":"Accuracy","floor":32,"key":"SMITH"},{"data":"Accuracy","floor":40,"key":"SMITH"},{"data":"Accuracy","floor":47,"key":"SMITH"},{"data":"Cloak And Dagger","floor":49,"key":"SMITH"},{"data":"Cloak And Dagger","floor":52,"key":"SMITH"}],"neow_cost":"NONE","seed_source_timestamp":869577482889415,"circlet_count":0,"master_deck":["Defend_G","Defend_G","Defend_G","Defend_G","Defend_G+1","Survivor","Neutralize+1","Bouncing Flask+1","Cloak And Dagger+1","Leg Sweep+1","Footwork","Cloak And Dagger+1","Backflip","Cloak And Dagger+1","Bullet Time","Underhanded Strike+1","Footwork","Crippling Poison+1","Accuracy+1","Acrobatics","Night Terror","Finisher+1","Accuracy+1","Choke+1","Accuracy+1","Footwork+1","Backflip","Backflip","Bullet Time"],"relics":["Ring of the Snake","Omamori","Bronze Scales","Vajra","Golden Idol","Snecko Eye","Dream Catcher","FaceOfCleric","Letter Opener","War Paint","Cursed Key","Tingsha","Pocketwatch","StoneCalendar","Oddly Smooth Stone","Question Card","Gremlin Horn"],"potions_floor_usage":[6,23,33,54,55,55],"damage_taken":[{"damage":0,"enemies":"Cultist","floor":1,"turns":4},{"damage":0,"enemies":"Jaw Worm","floor":2,"turns":3},{"damage":3,"enemies":"2 Louse","floor":4,"turns":2},{"damage":52,"enemies":"3 Sentries","floor":6,"turns":22},{"damage":1,"enemies":"Exordium Wildlife","floor":11,"turns":4},{"damage":0,"enemies":"2 Fungi Beasts","floor":14,"turns":4},{"damage":10,"enemies":"Hexaghost","floor":16,"turns":10},{"damage":0,"enemies":"2 Thieves","floor":18,"turns":5},{"damage":12,"enemies":"Chosen","floor":21,"turns":5},{"damage":8,"enemies":"Slavers","floor":23,"turns":8},{"damage":5,"enemies":"Snake Plant","floor":25,"turns":6},{"damage":0,"enemies":"Cultist and Chosen","floor":28,"turns":6},{"damage":4,"enemies":"Gremlin Leader","floor":30,"turns":5},{"damage":2,"enemies":"Centurion and Healer","floor":31,"turns":5},{"damage":24,"enemies":"Collector","floor":33,"turns":8},{"damage":0,"enemies":"Orb Walker","floor":35,"turns":3},{"damage":0,"enemies":"2 Orb Walkers","floor":38,"turns":3},{"damage":0,"enemies":"3 Shapes","floor":39,"turns":3},{"damage":0,"enemies":"Mind Bloom Boss Battle","floor":41,"turns":7},{"damage":0,"enemies":"Jaw Worm Horde","floor":42,"turns":3},{"damage":17,"enemies":"Transient","floor":44,"turns":5},{"damage":11,"enemies":"Reptomancer","floor":45,"turns":5},{"damage":0,"enemies":"Giant Head","floor":48,"turns":4},{"damage":21,"enemies":"Donu and Deca","floor":50,"turns":7},{"damage":21,"enemies":"Shield and Spear","floor":54,"turns":6},{"damage":65,"enemies":"The Heart","floor":55,"turns":9}],"seed_played":"1820234324308033934","potions_obtained":[{"floor":1,"key":"Swift Potion"},{"floor":4,"key":"Swift Potion"},{"floor":11,"key":"EntropicBrew"},{"floor":20,"key":"GhostInAJar"},{"floor":20,"key":"GhostInAJar"},{"floor":23,"key":"SpeedPotion"},{"floor":28,"key":"GhostInAJar"},{"floor":31,"key":"Regen Potion"},{"floor":33,"key":"EssenceOfSteel"}],"is_trial":false,"path_per_floor":["M","M","T","M","$","E","?","R","T","?","M","$","R","M","R","B",null,"M","$","?","M","$","E","?","M","T","R","M","R","E","M","R","B",null,"M","$","?","?","M","R","?","M","T","M","E","$","R","E","R","B",null,"R","$","E","B",null],"character_chosen":"THE_SILENT","items_purchased":["Footwork","Backflip","Footwork","Accuracy","Backflip","Dexterity Potion"],"campfire_rested":1,"item_purchase_floors":[5,12,22,36,46,53],"current_hp_per_floor":[70,70,70,67,67,15,15,36,36,36,35,35,35,35,35,25,70,70,70,70,58,58,50,50,46,46,46,47,47,44,43,43,20,75,76,76,76,77,78,78,79,80,80,64,54,54,54,55,55,35,84,84,84,64,15],"gold":58,"neow_bonus":"RANDOM_COMMON_RELIC","is_prod":false,"is_daily":false,"chose_seed":false,"campfire_upgraded":8,"win_rate":0,"timestamp":1543112131,"path_taken":["M","?","?","M","$","E","?","R","T","?","M","$","R","?","R","BOSS","M","$","?","?","$","E","?","?","T","R","M","R","E","M","R","BOSS","M","$","?","?","M","R","?","M","T","?","E","$","R","E","R","BOSS","R","$","E","BOSS"],"build_version":"2018-11-15","purchased_purges":5,"victory":true,"max_hp_per_floor":[70,70,70,70,70,70,70,70,70,70,70,70,70,70,70,70,70,70,70,70,70,70,70,70,71,71,71,72,72,73,74,74,75,75,76,76,76,77,78,78,79,80,80,81,82,82,82,83,83,84,84,84,84,85,86],"card_choices":[{"not_picked":["Caltrops","Heel Hook"],"picked":"Bouncing Flask","floor":1},{"not_picked":["Deflect","Bouncing Flask"],"picked":"Cloak And Dagger","floor":2},{"not_picked":["Quick Slash","Poisoned Stab"],"picked":"Leg Sweep","floor":4},{"not_picked":["Terror","Quick Slash","Heel Hook"],"picked":"SKIP","floor":6},{"not_picked":["Caltrops","Dodge and Roll"],"picked":"Cloak And Dagger","floor":11},{"not_picked":["Riddle With Holes","Slice"],"picked":"Cloak And Dagger","floor":14},{"not_picked":["Tools of the Trade","Unload"],"picked":"Bullet Time","floor":16},{"not_picked":["Infinite Blades","Expertise+1"],"picked":"Underhanded Strike+1","floor":18},{"not_picked":["Backstab","Slice+1","Endless Agony"],"picked":"SKIP","floor":21},{"not_picked":["Underhanded Strike","Dagger Throw+1","PiercingWail"],"picked":"SKIP","floor":23},{"not_picked":["All Out Attack","Flying Knee","Distraction"],"picked":"SKIP","floor":25},{"not_picked":["Dagger Spray+1","Deflect"],"picked":"Crippling Poison+1","floor":28},{"not_picked":["Acrobatics","Prepared"],"picked":"Accuracy","floor":30},{"not_picked":["Blade Dance","Calculated Gamble"],"picked":"Acrobatics","floor":31},{"not_picked":["Venomology","Unload"],"picked":"Night Terror","floor":33},{"not_picked":["Deadly Poison+1","Poisoned Stab"],"picked":"Finisher+1","floor":35},{"not_picked":["Flying Knee+1","Expertise","Dagger Spray"],"picked":"SKIP","floor":39},{"not_picked":["Poisoned Stab","Outmaneuver+1"],"picked":"Choke+1","floor":41},{"not_picked":["Escape Plan+1","A Thousand Cuts"],"picked":"Accuracy","floor":42},{"not_picked":["Slice+1","Backstab"],"picked":"Footwork+1","floor":44},{"not_picked":["Dagger Spray","Footwork+1"],"picked":"Backflip","floor":45},{"not_picked":["Infinite Blades","Deadly Poison"],"picked":"Bullet Time","floor":48},{"not_picked":["Reflex+1","Bane+1","Burst","Skewer+1"],"picked":"SKIP","floor":54}],"player_experience":47217,"relics_obtained":[{"floor":6,"key":"Bronze Scales"},{"floor":9,"key":"Vajra"},{"floor":23,"key":"Dream Catcher"},{"floor":26,"key":"Letter Opener"},{"floor":30,"key":"War Paint"},{"floor":38,"key":"Tingsha"},{"floor":41,"key":"Pocketwatch"},{"floor":43,"key":"StoneCalendar"},{"floor":45,"key":"Oddly Smooth Stone"},{"floor":48,"key":"Question Card"},{"floor":54,"key":"Gremlin Horn"}],"event_choices":[{"damage_healed":0,"gold_gain":0,"player_choice":"Ignored","damage_taken":0,"max_hp_gain":0,"max_hp_loss":0,"event_name":"Shining Light","floor":7,"gold_loss":0},{"damage_healed":0,"gold_gain":0,"player_choice":"Take Wound","damage_taken":0,"relics_obtained":["Golden Idol"],"max_hp_gain":0,"max_hp_loss":0,"event_name":"Golden Idol","floor":10,"gold_loss":0,"cards_obtained":["Injury"]},{"damage_healed":0,"gold_gain":0,"player_choice":"Got Potions","damage_taken":0,"max_hp_gain":0,"max_hp_loss":0,"event_name":"Lab","floor":20,"gold_loss":0},{"damage_healed":0,"gold_gain":0,"player_choice":"Trade","damage_taken":0,"relics_obtained":["FaceOfCleric"],"max_hp_gain":0,"max_hp_loss":0,"event_name":"FaceTrader","floor":24,"gold_loss":0},{"damage_healed":0,"gold_gain":0,"player_choice":"Ignored","damage_taken":0,"max_hp_gain":0,"max_hp_loss":0,"event_name":"Tomb of Lord Red Mask","floor":37,"gold_loss":0},{"damage_healed":0,"gold_gain":0,"player_choice":"Fight","damage_taken":0,"max_hp_gain":0,"max_hp_loss":0,"event_name":"Mysterious Sphere","floor":38,"gold_loss":0},{"damage_healed":0,"gold_gain":0,"player_choice":"Fight","damage_taken":0,"max_hp_gain":0,"max_hp_loss":0,"event_name":"MindBloom","floor":41,"gold_loss":0}],"is_beta":false,"boss_relics":[{"not_picked":["HoveringKite","Lizard Tail"],"picked":"Snecko Eye"},{"not_picked":["Orrery","Coffee Dripper"],"picked":"Cursed Key"}],"items_purged_floors":[5,19,36,46,53],"is_endless":false,"potions_floor_spawned":[1,4,11,23,28,31,33,38,39,42,44],"ascension_level":2}