{"gold_per_floor":[117,136,149,167,167,194,194,227,254,254,268,286,315,333,333,333],"floor_reached":16,"playtime":582,"items_purged":[],"score":217,"play_id":"866c8b05-28f1-44cd-b386-0d8500dc9ce2","local_time":"20190326194031","is_ascension_mode":true,"campfire_choices":[{"data":"Hello World","floor":7,"key":"SMITH"},{"floor":10,"key":"REST"},{"floor":15,"key":"REST"}],"neow_cost":"NONE","seed_source_timestamp":325399669614400,"circlet_count":0,"master_deck":["AscendersBane","Strike_B","Strike_B","Strike_B","Strike_B","Defend_B+1","Defend_B","Defend_B","Zap","Dualcast","Hello World+1","Conserve Battery","Double Energy","Leap+1","Loop","Glacier","Seek","Go for the Eyes"],"relics":["Cracked Core","War Paint","Bronze Scales","Boot","Pen Nib"],"potions_floor_usage":[6,6,13,13,16],"damage_taken":[{"damage":0,"enemies":"Cultist","floor":1,"turns":3},{"damage":0,"enemies":"2 Louse","floor":2,"turns":2},{"damage":7,"enemies":"Small Slimes","floor":3,"turns":5},{"damage":11,"enemies":"2 Fungi Beasts","floor":4,"turns":3},{"damage":10,"enemies":"Gremlin Nob","floor":6,"turns":3},{"damage":19,"enemies":"Lagavulin","floor":8,"turns":8},{"damage":12,"enemies":"Exordium Wildlife","floor":11,"turns":5},{"damage":26,"enemies":"Exordium Thugs","floor":12,"turns":4},{"damage":3,"enemies":"Gremlin Nob","floor":13,"turns":4},{"damage":2,"enemies":"Blue Slaver","floor":14,"turns":3},{"damage":28,"enemies":"The Guardian","floor":16,"turns":2}],"seed_played":"1291863444397144190","potions_obtained":[{"floor":1,"key":"PowerPotion"},{"floor":2,"key":"FearPotion"},{"floor":8,"key":"SteroidPotion"},{"floor":12,"key":"Block Potion"},{"floor":14,"key":"LiquidBronze"}],"is_trial":false,"path_per_floor":["M","M","M","M","?","E","R","E","T","R","M","M","E","M","R","B"],"character_chosen":"DEFECT","items_purchased":[],"campfire_rested":2,"item_purchase_floors":[],"current_hp_per_floor":[71,71,64,53,53,43,43,24,24,47,35,9,6,4,27,0],"gold":333,"neow_bonus":"TEN_PERCENT_HP_BONUS","is_prod":false,"is_daily":false,"chose_seed":false,"campfire_upgraded":1,"win_rate":0,"timestamp":1553647231,"path_taken":["M","M","M","M","?","E","R","E","T","R","?","M","E","M","R","BOSS"],"build_version":"2019-01-23","purchased_purges":0,"victory":false,"max_hp_per_floor":[78,78,78,78,78,78,78,78,78,78,78,78,78,78,78,78],"card_choices":[{"not_picked":["Leap","Streamline"],"picked":"Hello World","floor":1},{"not_picked":["Heatsinks","Chaos"],"picked":"Conserve Battery","floor":2},{"not_picked":["Auto Shields","Streamline"],"picked":"Double Energy","floor":3},{"not_picked":["Turbo","Recycle"],"picked":"Leap","floor":4},{"not_picked":["Turbo","Auto Shields"],"picked":"Loop","floor":6},{"not_picked":["Go for the Eyes","Melter"],"picked":"Glacier","floor":8},{"not_picked":["Steam","Beam Cell","Conserve Battery"],"picked":"SKIP","floor":11},{"not_picked":["Lockon","Conserve Battery"],"picked":"Seek","floor":12},{"not_picked":["Compile Driver","Skim"],"picked":"Go for the Eyes","floor":13},{"not_picked":["Leap","Turbo","Barrage"],"picked":"SKIP","floor":14}],"player_experience":1159008,"relics_obtained":[{"floor":6,"key":"War Paint"},{"floor":8,"key":"Bronze Scales"},{"floor":9,"key":"Boot"},{"floor":13,"key":"Pen Nib"}],"event_choices":[{"cards_removed":["Defend_B"],"damage_healed":0,"gold_gain":0,"player_choice":"Offered Basic","damage_taken":0,"max_hp_gain":0,"max_hp_loss":0,"event_name":"Bonfire Elementals","floor":5,"gold_loss":0}],"is_beta":false,"boss_relics":[],"items_purged_floors":[],"is_endless":false,"potions_floor_spawned":[1,2,3,8,12,14],"killed_by":"The Guardian","ascension_level":15}