{"gold_per_floor":[10,10,21,21,21,62,62,42,42,62,143,163,88,88,88,183,183,206,256,3,27,27,27],"floor_reached":23,"playtime":682,"items_purged":["Injury"],"score":365,"play_id":"a06dc92d-6d41-47d0-94b5-467b09d04dd9","local_time":"20190407233002","is_ascension_mode":true,"campfire_choices":[{"floor":7.0,"key":"REST"},{"floor":15.0,"key":"REST"}],"neow_cost":"NO_GOLD","seed_source_timestamp":691707773692000,"circlet_count":0,"master_deck":["AscendersBane","Strike_B+1","Strike_B+1","Strike_B","Defend_B","Defend_B","Defend_B+1","Zap+1","Dualcast","Consume","Tempest","Coolheaded","Conserve Battery","Compile Driver","Chill","Defragment","Coolheaded","Echo Form","Coolheaded","Hologram","Shame"],"special_seed":0,"relics":["Cracked Core","Golden Idol","Whetstone","Dodecahedron","Bottled Flame","Runic Pyramid","Membership Card","Toxic Egg 2"],"potions_floor_usage":[16,23,23],"damage_taken":[{"damage":12.0,"enemies":"Jaw Worm","floor":1.0,"turns":3.0},{"damage":0.0,"enemies":"Small Slimes","floor":3.0,"turns":3.0},{"damage":30.0,"enemies":"Gremlin Nob","floor":6.0,"turns":4.0},{"damage":1.0,"enemies":"Cultist","floor":10.0,"turns":3.0},{"damage":4.0,"enemies":"Gremlin Nob","floor":11.0,"turns":3.0},{"damage":2.0,"enemies":"Looter","floor":12.0,"turns":3.0},{"damage":1,"enemies":"The Guardian","floor":16,"turns":11},{"damage":1,"enemies":"Spheric Guardian","floor":18,"turns":5},{"damage":9,"enemies":"Chosen","floor":21,"turns":5},{"damage":55,"enemies":"Slavers","floor":23,"turns":5}],"seed_played":"-3924299453895504508","potions_obtained":[{"floor":1.0,"key":"EntropicBrew"},{"floor":8.0,"key":"AttackPotion"},{"floor":10.0,"key":"FearPotion"},{"floor":11.0,"key":"Poison Potion"},{"floor":14.0,"key":"EssenceOfSteel"},{"floor":14.0,"key":"PowerPotion"},{"floor":21,"key":"EssenceOfSteel"}],"is_trial":false,"path_per_floor":["M","?","M","?","?","E","R","?","T","M","?","M","$","?","R","B",null,"M","?","$","M","?","E"],"character_chosen":"DEFECT","items_purchased":["Membership Card","Coolheaded"],"campfire_rested":2,"item_purchase_floors":[20,20],"current_hp_per_floor":[52,31,31,31,31,1,22,22,22,21,17,15,15,15,36,35,62,61,61,61,52,52,0],"gold":27,"neow_bonus":"TRANSFORM_TWO_CARDS","is_prod":false,"is_daily":false,"chose_seed":false,"campfire_upgraded":0,"win_rate":0,"timestamp":1554672602,"path_taken":["M","?","M","?","?","E","R","?","T","?","?","M","$","?","R","BOSS","M","?","$","M","?","E"],"build_version":"2019-01-23","purchased_purges":1,"victory":false,"max_hp_per_floor":[71,71,71,71,71,71,71,71,71,71,71,71,71,71,71,71,71,71,71,71,71,71,71],"card_choices":[{"not_picked":["Undo","Turbo"],"picked":"Coolheaded","floor":1.0},{"not_picked":["Storm","White Noise"],"picked":"Conserve Battery","floor":3.0},{"not_picked":["Ball Lightning","Force Field"],"picked":"Compile Driver","floor":6.0},{"not_picked":["Redo","Beam Cell"],"picked":"Chill","floor":10.0},{"not_picked":["Barrage","Steam"],"picked":"Defragment","floor":11.0},{"not_picked":["Streamline","Scrape"],"picked":"Coolheaded","floor":12.0},{"not_picked":["Amplify","Multi-Cast"],"picked":"Echo Form","floor":16},{"not_picked":["Ball Lightning","Beam Cell","Streamline"],"picked":"SKIP","floor":18},{"not_picked":["Echo Form","Barrage+1"],"picked":"Hologram","floor":21}],"player_experience":512161,"relics_obtained":[{"floor":6.0,"key":"Whetstone"},{"floor":9.0,"key":"Dodecahedron"},{"floor":11.0,"key":"Bottled Flame"}],"event_choices":[{"damage_healed":0.0,"max_hp_gain":0.0,"max_hp_loss":0.0,"gold_gain":0.0,"event_name":"Shining Light","player_choice":"Entered Light","floor":2.0,"gold_loss":0.0,"damage_taken":21.0,"cards_upgraded":["Zap","Defend_B"]},{"damage_healed":0.0,"max_hp_gain":0.0,"max_hp_loss":0.0,"gold_gain":0.0,"event_name":"Golden Idol","player_choice":"Take Wound","floor":4.0,"gold_loss":0.0,"damage_taken":0.0,"relics_obtained":["Golden Idol"],"cards_obtained":["Injury"]},{"damage_healed":0.0,"max_hp_gain":0.0,"max_hp_loss":0.0,"gold_gain":0.0,"event_name":"The Cleric","player_choice":"Leave","floor":5.0,"gold_loss":0.0,"damage_taken":0.0},{"damage_healed":0.0,"max_hp_gain":0.0,"max_hp_loss":0.0,"gold_gain":0.0,"event_name":"The Woman in Blue","player_choice":"Bought 1 Potion","floor":8.0,"gold_loss":0.0,"damage_taken":0.0},{"damage_healed":0.0,"max_hp_gain":0.0,"max_hp_loss":0.0,"gold_gain":0.0,"event_name":"Dead Adventurer","player_choice":"Searched \u00271\u0027 times","floor":11.0,"gold_loss":0.0,"damage_taken":0.0},{"damage_healed":0.0,"max_hp_gain":0.0,"max_hp_loss":0.0,"gold_gain":0.0,"event_name":"Lab","player_choice":"Got Potions","floor":14.0,"gold_loss":0.0,"damage_taken":0.0},{"damage_healed":0,"gold_gain":50,"player_choice":"Stole From Cult","damage_taken":0,"max_hp_gain":0,"max_hp_loss":0,"event_name":"Nest","floor":19,"gold_loss":0},{"damage_healed":0,"gold_gain":0,"player_choice":"Stole Relic","damage_taken":0,"relics_obtained":["Toxic Egg 2"],"max_hp_gain":0,"max_hp_loss":0,"event_name":"Addict","floor":22,"gold_loss":0,"cards_obtained":["Shame"]}],"is_beta":false,"boss_relics":[{"not_picked":["Velvet Choker","Orrery"],"picked":"Runic Pyramid"}],"items_purged_floors":[13],"is_endless":false,"potions_floor_spawned":[1,10,11,21],"killed_by":"Slavers","ascension_level":19}