{"gold_per_floor":[18,18,18,18,29,29,29,62,62,27,46,46,21,40,40,134,134,157,157,140,140,159,159,159],"floor_reached":24,"playtime":650,"items_purged":[],"score":388,"play_id":"3f30ff04-7943-424f-8d85-617b2b132643","local_time":"20190222084640","is_ascension_mode":true,"campfire_choices":[{"data":"Zap","floor":6,"key":"SMITH"},{"data":"Dualcast","floor":12,"key":"SMITH"},{"data":"Streamline","floor":15,"key":"SMITH"},{"data":"Fission","floor":23,"key":"SMITH"}],"neow_cost":"NO_GOLD","seed_source_timestamp":2588534854774076,"circlet_count":0,"master_deck":["AscendersBane","Strike_B","Strike_B+1","Defend_B","Defend_B+1","Defend_B","Defend_B","Zap+1","Dualcast+1","Cold Snap","Self Repair","Ball Lightning","Auto Shields","Streamline+1","Fission+1","Undo"],"relics":["Cracked Core","StoneCalendar","Golden Idol","Boot","Happy Flower","Cursed Key"],"potions_floor_usage":[5,8,11,16,24],"damage_taken":[{"damage":0,"enemies":"2 Louse","floor":1,"turns":2},{"damage":7,"enemies":"Jaw Worm","floor":5,"turns":2},{"damage":13,"enemies":"Lagavulin","floor":8,"turns":5},{"damage":3,"enemies":"Small Slimes","floor":11,"turns":2},{"damage":2,"enemies":"Exordium Wildlife","floor":14,"turns":6},{"damage":30,"enemies":"Hexaghost","floor":16,"turns":9},{"damage":16,"enemies":"Spheric Guardian","floor":18,"turns":4},{"damage":11,"enemies":"2 Thieves","floor":20,"turns":4},{"damage":17,"enemies":"Snecko","floor":22,"turns":5},{"damage":34,"enemies":"Book of Stabbing","floor":24,"turns":5}],"seed_played":"7798591329365483061","potions_obtained":[{"floor":1,"key":"EntropicBrew"},{"floor":5,"key":"Explosive Potion"},{"floor":14,"key":"Strength Potion"},{"floor":20,"key":"Dexterity Potion"}],"is_trial":false,"path_per_floor":["M","?","?","$","M","R","?","E","T","?","M","R","$","M","R","B",null,"M","?","M","?","M","R","E"],"character_chosen":"DEFECT","items_purchased":["Streamline"],"campfire_rested":0,"item_purchase_floors":[13],"current_hp_per_floor":[64,43,36,36,29,29,29,23,23,39,43,43,43,48,48,25,54,45,45,41,41,31,31,0],"gold":159,"neow_bonus":"ONE_RARE_RELIC","is_prod":false,"is_daily":false,"chose_seed":false,"campfire_upgraded":4,"win_rate":0,"timestamp":1550792800,"path_taken":["M","?","?","?","?","R","?","E","T","?","M","R","?","M","R","BOSS","M","?","M","?","M","R","E"],"build_version":"2019-01-23","purchased_purges":0,"victory":false,"max_hp_per_floor":[71,71,71,71,71,71,64,64,64,64,64,64,64,64,64,64,64,64,64,64,64,64,64,64],"card_choices":[{"not_picked":["Tempest","Skim"],"picked":"Cold Snap","floor":1},{"not_picked":["Rip and Tear","Static Discharge"],"picked":"Self Repair","floor":5},{"not_picked":["Self Repair","Heatsinks"],"picked":"Ball Lightning","floor":8},{"not_picked":["Double Energy","Barrage"],"picked":"Auto Shields","floor":11},{"not_picked":["Turbo","Force Field","Steam"],"picked":"SKIP","floor":14},{"not_picked":["Meteor Strike","Rainbow"],"picked":"Fission","floor":16},{"not_picked":["Blizzard","Gash","Compile Driver"],"picked":"SKIP","floor":18},{"not_picked":["Genetic Algorithm","Steam"],"picked":"Undo","floor":20},{"not_picked":["Compile Driver","Recycle","Barrage"],"picked":"SKIP","floor":22}],"player_experience":579066,"relics_obtained":[{"floor":8,"key":"Boot"},{"floor":9,"key":"Happy Flower"}],"event_choices":[{"damage_healed":0,"gold_gain":0,"player_choice":"Entered Light","damage_taken":21,"max_hp_gain":0,"max_hp_loss":0,"event_name":"Shining Light","floor":2,"gold_loss":0,"cards_upgraded":["Strike_B","Defend_B"]},{"cards_removed":["Strike_B"],"damage_healed":0,"gold_gain":0,"player_choice":"Card Removal","damage_taken":7,"max_hp_gain":0,"max_hp_loss":0,"event_name":"Golden Wing","floor":3,"gold_loss":0},{"damage_healed":0,"gold_gain":0,"player_choice":"Lose Max HP","damage_taken":0,"relics_obtained":["Golden Idol"],"max_hp_gain":0,"max_hp_loss":7,"event_name":"Golden Idol","floor":7,"gold_loss":0},{"damage_healed":16,"gold_gain":0,"player_choice":"Healed","damage_taken":0,"max_hp_gain":0,"max_hp_loss":0,"event_name":"The Cleric","floor":10,"gold_loss":35},{"damage_healed":0,"gold_gain":0,"player_choice":"Ignored","damage_taken":0,"max_hp_gain":0,"max_hp_loss":0,"event_name":"The Mausoleum","floor":19,"gold_loss":0},{"cards_removed":["Strike_B"],"damage_healed":0,"gold_gain":0,"player_choice":"Offered Basic","damage_taken":0,"max_hp_gain":0,"max_hp_loss":0,"event_name":"Bonfire Elementals","floor":21,"gold_loss":0}],"is_beta":false,"boss_relics":[{"not_picked":["Eternal Feather","Pandora\u0027s Box"],"picked":"Cursed Key"}],"items_purged_floors":[],"is_endless":false,"potions_floor_spawned":[1,5,14,20],"killed_by":"Book of Stabbing","ascension_level":20}