{"gold_per_floor":[112,63,63,77,89,89,14,14,14,14,29,29,42,53,53,157,157,168,83,83,182,196,196,278,278,353,278,278,20,32,6,6,109,109,127,141,16,36,36,36,36,36,36,36,36,36],"floor_reached":46,"playtime":3844,"items_purged":["Strike_B","Defend_B","Strike_B"],"score":429,"play_id":"9627fe44-73c5-48ec-b049-ca1eca8aa163","local_time":"20180927183644","is_ascension_mode":false,"campfire_choices":[{"data":"Redo","floor":6,"key":"SMITH"},{"data":"Redo","floor":10,"key":"SMITH"},{"data":"Streamline","floor":12,"key":"SMITH"},{"data":"Stack","floor":15,"key":"SMITH"},{"data":"Multi-Cast","floor":23,"key":"SMITH"},{"data":"Steam","floor":28,"key":"SMITH"},{"data":"Steam","floor":32,"key":"SMITH"},{"data":"Conserve Battery","floor":40,"key":"SMITH"},{"data":"Glacier","floor":44,"key":"SMITH"}],"neow_cost":"NONE","seed_source_timestamp":530017117615078,"circlet_count":0,"master_deck":["Strike_B","Defend_B","Defend_B","Zap","Dualcast","Coolheaded","Redo+1","Steam+1","Redo+1","Streamline+1","Steam+1","Stack+1","Conserve Battery+1","Multi-Cast+1","Sweeping Beam+1","Steam+1","Ball Lightning","All For One","Beam Cell+1","Coolheaded","Biased Cognition","Leap+1","Conserve Battery+1","Glacier+1","Writhe","Good Instincts"],"relics":["Cracked Core","Sundial","Velvet Choker","Mercury Hourglass","Ornamental Fan","Letter Opener","Inserter","Bottled Tornado"],"potions_floor_usage":[16,33,33,38,46,46],"damage_taken":[{"damage":2,"enemies":"2 Louse","floor":1,"turns":2},{"damage":3,"enemies":"Small Slimes","floor":4,"turns":3},{"damage":4,"enemies":"Jaw Worm","floor":5,"turns":4},{"damage":10,"enemies":"Gremlin Gang","floor":11,"turns":5},{"damage":1,"enemies":"Red Slaver","floor":13,"turns":2},{"damage":0,"enemies":"Looter","floor":14,"turns":2},{"damage":4,"enemies":"Slime Boss","floor":16,"turns":10},{"damage":20,"enemies":"Chosen","floor":18,"turns":5},{"damage":4,"enemies":"3 Byrds","floor":22,"turns":3},{"damage":0,"enemies":"Snecko","floor":30,"turns":3},{"damage":25,"enemies":"Automaton","floor":33,"turns":12},{"damage":0,"enemies":"3 Shapes","floor":35,"turns":3},{"damage":30,"enemies":"3 Darklings","floor":36,"turns":4},{"damage":13,"enemies":"Sphere and 2 Shapes","floor":38,"turns":4},{"damage":63,"enemies":"Maw","floor":46,"turns":9}],"seed_played":"-129083684711394459","potions_obtained":[{"floor":1,"key":"Fire Potion"},{"floor":4,"key":"Regen Potion"},{"floor":5,"key":"Dexterity Potion"},{"floor":22,"key":"Swift Potion"},{"floor":30,"key":"Block Potion"},{"floor":33,"key":"Ancient Potion"},{"floor":35,"key":"SkillPotion"}],"is_trial":false,"path_per_floor":["M","$","?","M","M","R","$","?","T","R","M","R","M","M","R","B",null,"M","?","?","?","M","R","T","?","T","?","R","$","M","$","R","B",null,"M","M","$","M","?","R","$","?","T","R","?"],"character_chosen":"DEFECT","items_purchased":["Steam","All For One","Coolheaded"],"campfire_rested":0,"item_purchase_floors":[2,29,31],"current_hp_per_floor":[73,73,73,70,66,66,66,66,66,66,56,56,55,55,55,51,75,55,55,55,55,51,51,51,51,51,51,51,51,51,51,51,41,75,75,45,45,32,51,51,51,51,51,51,51,0],"gold":36,"neow_bonus":"THREE_CARDS","is_prod":false,"is_daily":false,"chose_seed":false,"campfire_upgraded":9,"win_rate":0.0,"timestamp":1538066204,"path_taken":["M","$","?","?","M","R","?","?","T","R","M","R","?","M","R","BOSS","M","?","?","?","?","R","?","?","T","?","R","$","M","?","R","BOSS","M","M","$","M","?","R","$","?","T","R","?","M"],"build_version":"2018-09-20","purchased_purges":3,"victory":false,"max_hp_per_floor":[75,75,75,75,75,75,75,75,75,75,75,75,75,75,75,75,75,75,75,75,75,75,75,75,75,75,75,75,75,75,75,75,75,75,75,75,75,75,75,75,75,75,75,75,75,75],"card_choices":[{"not_picked":["Leap","Go for the Eyes"],"picked":"Coolheaded","floor":0},{"not_picked":["Lockon","Sweeping Beam"],"picked":"Redo","floor":1},{"not_picked":["Leap","Genetic Algorithm"],"picked":"Redo","floor":4},{"not_picked":["Auto Shields","Cold Snap"],"picked":"Streamline","floor":5},{"not_picked":["Tempest","Rip and Tear"],"picked":"Steam","floor":11},{"not_picked":["Compile Driver","Streamline"],"picked":"Stack","floor":13},{"not_picked":["Gash","Chill"],"picked":"Conserve Battery","floor":14},{"not_picked":["Reboot","Amplify"],"picked":"Multi-Cast","floor":16},{"not_picked":["Aggregate","Genetic Algorithm"],"picked":"Sweeping Beam+1","floor":18},{"not_picked":["Gash","Stack"],"picked":"Steam+1","floor":22},{"not_picked":["Hologram","Sweeping Beam"],"picked":"Beam Cell+1","floor":30},{"not_picked":["Amplify","Electrodynamics"],"picked":"Biased Cognition","floor":33},{"not_picked":["Melter","Scrape"],"picked":"Leap+1","floor":35},{"not_picked":["Heatsinks+1","Static Discharge"],"picked":"Conserve Battery+1","floor":36},{"not_picked":["Genetic Algorithm","Lockon+1"],"picked":"Glacier","floor":38},{"not_picked":["Enlightenment","The Bomb"],"picked":"Good Instincts","floor":45}],"player_experience":45211,"relics_obtained":[{"floor":9,"key":"Sundial"},{"floor":24,"key":"Ornamental Fan"},{"floor":26,"key":"Letter Opener"},{"floor":43,"key":"Bottled Tornado"}],"event_choices":[{"event_name":"Living Wall","player_choice":"Forget","floor":3,"damage_taken":0},{"event_name":"The Cleric","player_choice":"Leave","floor":8,"damage_taken":0},{"event_name":"Addict","player_choice":"Obtained Relic","floor":19,"damage_taken":0},{"event_name":"Vampires","player_choice":"Ignored","floor":20,"damage_taken":0},{"event_name":"Nest","player_choice":"Stole From Cult","floor":21,"damage_taken":0},{"event_name":"The Library","player_choice":"Read","floor":25,"damage_taken":0},{"event_name":"Beggar","player_choice":"Gave Gold","floor":27,"damage_taken":0},{"event_name":"Winding Halls","player_choice":"Writhe","floor":39,"damage_taken":0},{"event_name":"Mysterious Sphere","player_choice":"Ignore","floor":42,"damage_taken":0},{"event_name":"SensoryStone","player_choice":"Memory 1","floor":45,"damage_taken":0}],"is_beta":false,"boss_relics":[{"not_picked":["Busted Crown","Philosopher\u0027s Stone"],"picked":"Velvet Choker"},{"not_picked":["Sozu","Astrolabe"],"picked":"Inserter"}],"items_purged_floors":[7,29,37],"is_endless":false,"potions_floor_spawned":[1,4,5,14,22,30,33,35],"killed_by":"Maw","ascension_level":0}