{"gold_per_floor":[111,122,139,139,158,192,192,202,202,202,213,49,49,68,68,145,145,145,145,45,45,45,45,45,21,21,21,21,21,21,21,21,21,21,21,21,21,21,21,21,21,21,21,21,21,21,21,21,21,21,21],"floor_reached":51,"playtime":3212,"items_purged":["Strike_R"],"score":1473,"play_id":"e480fd9e-6368-44e7-a16b-eb2041075a13","local_time":"20190414135739","is_ascension_mode":true,"campfire_choices":[{"data":"Uppercut","floor":7.0,"key":"SMITH"},{"data":"Demon Form","floor":10.0,"key":"SMITH"},{"floor":13.0,"key":"REST"},{"data":"Heavy Blade","floor":15.0,"key":"SMITH"},{"data":"Whirlwind","floor":23.0,"key":"SMITH"},{"data":"Warcry","floor":28.0,"key":"SMITH"},{"floor":30.0,"key":"REST"},{"data":"Offering","floor":32.0,"key":"SMITH"},{"data":"Enlightenment","floor":40.0,"key":"SMITH"},{"data":"Brutality","floor":42.0,"key":"SMITH"},{"floor":46.0,"key":"RECALL"},{"data":"Corruption","floor":49.0,"key":"SMITH"}],"neow_cost":"NONE","seed_source_timestamp":1398814699259064,"circlet_count":0,"master_deck":["AscendersBane","Strike_R","Strike_R","Defend_R","Defend_R","Defend_R","Defend_R","Bash","Clothesline","Demon Form+1","Uppercut+1","Pommel Strike","Heavy Blade+1","Ghostly Armor","Offering+1","Shrug It Off","Reaper","Whirlwind+1","Headbutt","Warcry+1","Corruption+1","Sentinel","Brutality+1","Evolve","Enlightenment+1","Thinking Ahead","Secret Weapon","Armaments+1","Shrug It Off","Feed"],"special_seed":0,"relics":["Burning Blood","NeowsBlessing","Vajra","Self Forming Clay","Ectoplasm","Red Mask","Pear","Sundial","Bottled Lightning","White Beast Statue","Ancient Tea Set","Strawberry"],"potions_floor_usage":[51,51,51],"damage_taken":[{"damage":0.0,"enemies":"Jaw Worm","floor":1.0,"turns":1.0},{"damage":0.0,"enemies":"Cultist","floor":2.0,"turns":1.0},{"damage":0.0,"enemies":"Small Slimes","floor":3.0,"turns":1.0},{"damage":9.0,"enemies":"Blue Slaver","floor":5.0,"turns":4.0},{"damage":50.0,"enemies":"3 Sentries","floor":6.0,"turns":10.0},{"damage":9.0,"enemies":"2 Fungi Beasts","floor":8.0,"turns":4.0},{"damage":9.0,"enemies":"3 Louse","floor":11.0,"turns":4.0},{"damage":12.0,"enemies":"Exordium Thugs","floor":14.0,"turns":4.0},{"damage":17.0,"enemies":"The Guardian","floor":16.0,"turns":6.0},{"damage":6.0,"enemies":"Chosen","floor":18.0,"turns":3.0},{"damage":18.0,"enemies":"2 Thieves","floor":20.0,"turns":5.0},{"damage":30.0,"enemies":"Shelled Parasite and Fungi","floor":21.0,"turns":5.0},{"damage":41.0,"enemies":"Masked Bandits","floor":22.0,"turns":6.0},{"damage":19.0,"enemies":"Book of Stabbing","floor":24.0,"turns":4.0},{"damage":25.0,"enemies":"Chosen and Byrds","floor":29.0,"turns":5.0},{"damage":49.0,"enemies":"Slavers","floor":31.0,"turns":6.0},{"damage":16.0,"enemies":"Automaton","floor":33.0,"turns":6.0},{"damage":8.0,"enemies":"Orb Walker","floor":35.0,"turns":3.0},{"damage":31.0,"enemies":"3 Darklings","floor":36.0,"turns":5.0},{"damage":18.0,"enemies":"Jaw Worm Horde","floor":39.0,"turns":2.0},{"damage":68.0,"enemies":"Reptomancer","floor":41.0,"turns":6.0},{"damage":17.0,"enemies":"Transient","floor":44.0,"turns":6.0},{"damage":43.0,"enemies":"Giant Head","floor":45.0,"turns":7.0},{"damage":20.0,"enemies":"3 Darklings","floor":47.0,"turns":5.0},{"damage":30.0,"enemies":"Spire Growth","floor":48.0,"turns":5.0},{"damage":71.0,"enemies":"Time Eater","floor":50.0,"turns":8.0},{"damage":54,"enemies":"Awakened One","floor":51,"turns":4}],"seed_played":"1555214545036110575","potions_obtained":[{"floor":5.0,"key":"SpeedPotion"},{"floor":6.0,"key":"GamblersBrew"},{"floor":11.0,"key":"PowerPotion"},{"floor":24.0,"key":"Energy Potion"},{"floor":31.0,"key":"Strength Potion"},{"floor":35.0,"key":"BloodPotion"},{"floor":36.0,"key":"Explosive Potion"},{"floor":39.0,"key":"FearPotion"},{"floor":41.0,"key":"SteroidPotion"},{"floor":44.0,"key":"EntropicBrew"}],"is_trial":false,"path_per_floor":["M","M","M","?","M","E","R","M","T","R","M","$","R","M","R","B",null,"M","?","M","M","?","R","E","$","T","$","R","M","R","E","R","B",null,"M","M","?","?","M","R","E","R","T","M","E","R","M","M","R","B","B"],"character_chosen":"IRONCLAD","items_purchased":["Offering","Warcry"],"campfire_rested":2,"item_purchase_floors":[12,25],"current_hp_per_floor":[74,75,75,75,72,28,28,25,25,25,22,22,44,38,38,27,63,75,54,57,58,33,33,44,44,44,44,44,36,63,54,54,76,87,90,84,74,74,74,74,45,45,45,59,56,56,94,82,82,51,0],"gold":21,"neow_bonus":"THREE_ENEMY_KILL","is_prod":false,"is_daily":false,"chose_seed":false,"campfire_upgraded":9,"win_rate":0,"timestamp":1555217859,"path_taken":["M","M","M","?","?","E","R","M","T","R","M","$","R","M","R","BOSS","M","?","M","M","?","R","E","$","T","$","R","M","R","E","R","BOSS","M","M","?","?","?","R","E","R","T","M","E","R","M","M","R","BOSS","BOSS"],"build_version":"2019-01-23","purchased_purges":1,"victory":false,"max_hp_per_floor":[75,75,75,75,75,75,75,75,75,75,75,75,75,75,75,75,75,75,80,80,80,80,80,90,90,90,90,90,90,90,90,90,90,90,90,90,90,90,90,90,90,90,90,90,97,97,100,100,100,100,103],"card_choices":[{"not_picked":["Armaments","Havoc","Dropkick"],"picked":"SKIP","floor":1.0},{"not_picked":["Armaments","Flex"],"picked":"Clothesline","floor":2.0},{"not_picked":["Sever Soul","Armaments"],"picked":"Demon Form","floor":3.0},{"not_picked":["Dropkick","Havoc"],"picked":"Pommel Strike","floor":5.0},{"not_picked":["Body Slam","Reckless Charge"],"picked":"Heavy Blade","floor":6.0},{"not_picked":["Warcry","Body Slam"],"picked":"Ghostly Armor","floor":8.0},{"not_picked":["Heavy Blade","Hemokinesis","Body Slam"],"picked":"SKIP","floor":11.0},{"not_picked":["Intimidate","Heavy Blade"],"picked":"Shrug It Off","floor":14.0},{"not_picked":["Dark Embrace","Brutality"],"picked":"Reaper","floor":16.0},{"not_picked":["Perfected Strike","Flex","Heavy Blade"],"picked":"SKIP","floor":18.0},{"not_picked":["Flex","Rampage"],"picked":"Whirlwind","floor":20.0},{"not_picked":["Rupture","Body Slam+1","Clash"],"picked":"SKIP","floor":21.0},{"not_picked":["Combust","Perfected Strike"],"picked":"Headbutt","floor":22.0},{"not_picked":["Entrench","Havoc","Iron Wave"],"picked":"SKIP","floor":24.0},{"not_picked":["Iron Wave","Clash"],"picked":"Corruption","floor":29.0},{"not_picked":["Iron Wave","Havoc"],"picked":"Sentinel","floor":31.0},{"not_picked":["Dark Embrace","Juggernaut"],"picked":"Brutality","floor":33.0},{"not_picked":["Rampage+1","Bloodletting"],"picked":"Evolve","floor":35.0},{"not_picked":["Clothesline","Infernal Blade+1","Entrench+1"],"picked":"SKIP","floor":36.0},{"not_picked":["Purity","Thinking Ahead"],"picked":"Enlightenment","floor":37.0},{"not_picked":["Purity","Metamorphosis"],"picked":"Thinking Ahead","floor":37.0},{"not_picked":["Mind Blast","Bandage Up"],"picked":"Secret Weapon","floor":37.0},{"not_picked":["Headbutt","Flame Barrier"],"picked":"Armaments+1","floor":39.0},{"not_picked":["Thunderclap","Havoc+1"],"picked":"Shrug It Off","floor":41.0},{"not_picked":["Evolve","Clash+1","Juggernaut"],"picked":"SKIP","floor":44.0},{"not_picked":["Havoc","Metallicize"],"picked":"Feed","floor":45.0},{"not_picked":["Bloodletting","Clothesline","Cleave"],"picked":"SKIP","floor":47.0},{"not_picked":["Warcry","Cleave","Wild Strike"],"picked":"SKIP","floor":48.0}],"player_experience":922712,"relics_obtained":[{"floor":6.0,"key":"Vajra"},{"floor":9.0,"key":"Self Forming Clay"},{"floor":22.0,"key":"Red Mask"},{"floor":24.0,"key":"Pear"},{"floor":26.0,"key":"Sundial"},{"floor":31.0,"key":"Bottled Lightning"},{"floor":41.0,"key":"Ancient Tea Set"},{"floor":45.0,"key":"Strawberry"}],"event_choices":[{"damage_healed":0.0,"max_hp_gain":0.0,"max_hp_loss":0.0,"gold_gain":0.0,"cards_transformed":["Strike_R"],"event_name":"Transmorgrifier","player_choice":"Transformed","floor":4.0,"gold_loss":0.0,"damage_taken":0.0,"cards_obtained":["Uppercut"]},{"damage_healed":0.0,"max_hp_gain":5.0,"max_hp_loss":0.0,"gold_gain":0.0,"event_name":"Forgotten Altar","player_choice":"Shed Blood","floor":19.0,"gold_loss":0.0,"damage_taken":26.0},{"damage_healed":0.0,"max_hp_gain":0.0,"max_hp_loss":0.0,"gold_gain":0.0,"event_name":"Masked Bandits","player_choice":"Fought Bandits","floor":22.0,"gold_loss":0.0,"damage_taken":0.0},{"damage_healed":0.0,"max_hp_gain":0.0,"max_hp_loss":0.0,"gold_gain":0.0,"event_name":"SensoryStone","player_choice":"Memory 3","floor":37.0,"gold_loss":0.0,"damage_taken":10.0},{"cards_removed":["Strike_R"],"damage_healed":0.0,"max_hp_gain":0.0,"max_hp_loss":0.0,"gold_gain":0.0,"event_name":"Purifier","player_choice":"Purged","floor":38.0,"gold_loss":0.0,"damage_taken":0.0}],"is_beta":false,"boss_relics":[{"not_picked":["Velvet Choker","Coffee Dripper"],"picked":"Ectoplasm"},{"not_picked":["Runic Cube","Philosopher\u0027s Stone"],"picked":"White Beast Statue"}],"items_purged_floors":[12],"is_endless":false,"potions_floor_spawned":[5,6,11,14,24,29,31,35,36,39,41,44,45,47,48],"killed_by":"Awakened One","ascension_level":20}