{"gold_per_floor":[109,125,5,5,17,37,62,81,152,152,170,170,202,202,202,302,302,313,325,344,443,161,172,172,182,182,57,92,110,110,145,145,248,248,261,277,290,140,140,140,140,150,174,174,192,209,262,273,273,273],"floor_reached":50,"playtime":4011,"items_purged":["Defend_R","Pain","Doubt"],"score":503,"play_id":"0b232c11-c646-4ad7-bb94-343ab961d566","local_time":"20181124141902","is_ascension_mode":false,"campfire_choices":[{"data":"Shockwave","floor":10,"key":"SMITH"},{"data":"Inflame","floor":12,"key":"SMITH"},{"floor":15,"key":"RECALL"},{"data":"Infernal Blade","floor":24,"key":"SMITH"},{"data":"Limit Break","floor":30,"key":"SMITH"},{"data":"Heavy Blade","floor":32,"key":"SMITH"},{"data":"Reaper","floor":40,"key":"SMITH"},{"data":"Metallicize","floor":44,"key":"SMITH"},{"data":"Double Tap","floor":49,"key":"SMITH"}],"neow_cost":"NONE","seed_source_timestamp":1110006408990371,"circlet_count":0,"master_deck":["Strike_R","Strike_R","Strike_R","Defend_R","Defend_R","Defend_R","Bash","Iron Wave","Bludgeon","Shrug It Off","Cleave","Flex","Dropkick","Shockwave+1","Inflame+1","Infernal Blade+1","Limit Break+1","Clash+1","Heavy Blade+1","Metallicize+1","Power Through+1","Rampage","Twin Strike+1","Reaper+1","Inflame+1","Entrench+1","Double Tap+1"],"relics":["Burning Blood","NeowsBlessing","Oddly Smooth Stone","Self Forming Clay","Magic Flower","Calling Bell","Gremlin Horn","Torii","Bag of Marbles","Omamori","Red Mask","Regal Pillow","Astrolabe","Anchor","CultistMask","Blood Vial","Tiny Chest"],"potions_floor_usage":[7,16,19,19,20,25,31,45,46,48],"damage_taken":[{"damage":0,"enemies":"Jaw Worm","floor":1,"turns":1},{"damage":0,"enemies":"2 Louse","floor":2,"turns":1},{"damage":0,"enemies":"Cultist","floor":5,"turns":1},{"damage":8,"enemies":"Lots of Slimes","floor":6,"turns":3},{"damage":6,"enemies":"Gremlin Nob","floor":7,"turns":3},{"damage":12,"enemies":"Exordium Wildlife","floor":8,"turns":4},{"damage":8,"enemies":"3 Louse","floor":11,"turns":4},{"damage":1,"enemies":"Lagavulin","floor":13,"turns":6},{"damage":22,"enemies":"The Guardian","floor":16,"turns":8},{"damage":5,"enemies":"Chosen","floor":18,"turns":4},{"damage":14,"enemies":"Spheric Guardian","floor":19,"turns":4},{"damage":7,"enemies":"3 Cultists","floor":20,"turns":5},{"damage":29,"enemies":"Centurion and Healer","floor":23,"turns":6},{"damage":3,"enemies":"Sentry and Sphere","floor":25,"turns":7},{"damage":19,"enemies":"Masked Bandits","floor":28,"turns":4},{"damage":2,"enemies":"Cultist and Chosen","floor":29,"turns":3},{"damage":2,"enemies":"Slavers","floor":31,"turns":6},{"damage":91,"enemies":"Automaton","floor":33,"turns":7},{"damage":25,"enemies":"3 Darklings","floor":35,"turns":5},{"damage":12,"enemies":"3 Shapes","floor":36,"turns":6},{"damage":21,"enemies":"3 Darklings","floor":37,"turns":5},{"damage":14,"enemies":"Writhing Mass","floor":42,"turns":4},{"damage":1,"enemies":"Maw","floor":45,"turns":6},{"damage":25,"enemies":"4 Shapes","floor":46,"turns":6},{"damage":9,"enemies":"Jaw Worm Horde","floor":48,"turns":4},{"damage":70,"enemies":"Time Eater","floor":50,"turns":6}],"seed_played":"5314248520573039708","potions_obtained":[{"floor":5,"key":"AttackPotion"},{"floor":7,"key":"SteroidPotion"},{"floor":11,"key":"Swift Potion"},{"floor":13,"key":"SkillPotion"},{"floor":14,"key":"PowerPotion"},{"floor":18,"key":"SkillPotion"},{"floor":19,"key":"Dexterity Potion"},{"floor":25,"key":"FairyPotion"},{"floor":28,"key":"Block Potion"},{"floor":35,"key":"Ancient Potion"},{"floor":37,"key":"Dexterity Potion"},{"floor":42,"key":"Fire Potion"}],"is_trial":false,"path_per_floor":["M","M","$","?","M","M","E","M","T","R","M","R","E","?","R","B",null,"M","M","M","?","$","M","R","M","T","$","?","M","R","E","R","B",null,"M","M","M","$","?","R","$","M","T","R","M","M","T","M","R","B"],"character_chosen":"IRONCLAD","items_purchased":["Shrug It Off","Metallicize","Omamori","Anchor"],"campfire_rested":0,"item_purchase_floors":[3,22,22,38],"current_hp_per_floor":[80,80,80,80,80,78,78,72,72,72,70,70,75,75,75,62,80,80,75,77,77,77,57,57,63,63,63,53,60,60,67,67,21,80,80,77,78,78,78,78,78,73,73,73,80,64,64,67,67,0],"gold":273,"neow_bonus":"THREE_ENEMY_KILL","is_prod":false,"is_daily":false,"chose_seed":false,"campfire_upgraded":8,"win_rate":0,"timestamp":1543036742,"path_taken":["M","M","$","?","M","M","E","M","T","R","M","R","E","?","R","BOSS","M","?","?","?","$","M","R","M","T","$","?","M","R","E","R","BOSS","M","M","M","$","?","R","$","M","T","R","?","M","?","M","R","BOSS"],"build_version":"2018-11-15","purchased_purges":3,"victory":false,"max_hp_per_floor":[80,80,80,80,80,80,80,80,80,80,80,80,80,80,80,80,80,80,80,80,80,80,80,80,80,80,80,80,80,80,80,80,80,80,80,80,80,80,80,80,80,80,80,80,80,80,80,80,80,80],"card_choices":[{"not_picked":["Heavy Blade","Bloodletting"],"picked":"Iron Wave","floor":1},{"not_picked":["Heavy Blade","Clash"],"picked":"Bludgeon","floor":2},{"not_picked":["Bloodletting","Iron Wave"],"picked":"Cleave","floor":5},{"not_picked":["Seeing Red","Twin Strike"],"picked":"Flex","floor":6},{"not_picked":["Offering","Clothesline"],"picked":"Dropkick","floor":7},{"not_picked":["Shrug It Off","Hemokinesis"],"picked":"Shockwave","floor":8},{"not_picked":["Cleave","True Grit"],"picked":"Inflame","floor":11},{"not_picked":["Seeing Red","Twin Strike"],"picked":"Infernal Blade","floor":13},{"not_picked":["Double Tap","Bludgeon"],"picked":"Limit Break","floor":16},{"not_picked":["Headbutt","Pummel","Combust"],"picked":"SKIP","floor":18},{"not_picked":["True Grit","Infernal Blade"],"picked":"Clash+1","floor":19},{"not_picked":["Blood for Blood","Armaments"],"picked":"Heavy Blade","floor":20},{"not_picked":["Shrug It Off+1","Clothesline"],"picked":"Power Through+1","floor":23},{"not_picked":["True Grit","Blood for Blood","Pommel Strike"],"picked":"SKIP","floor":25},{"not_picked":["Berserk","Armaments"],"picked":"Rampage","floor":28},{"not_picked":["Thunderclap+1","Blood for Blood","Dual Wield"],"picked":"SKIP","floor":29},{"not_picked":["Reckless Charge","Uppercut"],"picked":"Twin Strike+1","floor":31},{"not_picked":["Brutality","Fiend Fire"],"picked":"Reaper","floor":33},{"not_picked":["Heavy Blade+1","Carnage","True Grit"],"picked":"SKIP","floor":35},{"not_picked":["Warcry+1","Intimidate+1","Headbutt+1"],"picked":"SKIP","floor":36},{"not_picked":["Cleave","Second Wind+1","Bloodletting+1"],"picked":"SKIP","floor":37},{"not_picked":["Combust+1","Sword Boomerang","Armaments"],"picked":"SKIP","floor":42},{"not_picked":["Clothesline","Iron Wave","Pommel Strike+1"],"picked":"SKIP","floor":45},{"not_picked":["Clash+1","Body Slam","Clothesline"],"picked":"SKIP","floor":46},{"not_picked":["Seeing Red","Rampage+1"],"picked":"Double Tap","floor":48}],"player_experience":40236,"relics_obtained":[{"floor":7,"key":"Oddly Smooth Stone"},{"floor":9,"key":"Self Forming Clay"},{"floor":13,"key":"Magic Flower"},{"floor":17,"key":"Gremlin Horn"},{"floor":17,"key":"Torii"},{"floor":17,"key":"Bag of Marbles"},{"floor":28,"key":"Red Mask"},{"floor":31,"key":"Regal Pillow"},{"floor":43,"key":"Blood Vial"},{"floor":47,"key":"Tiny Chest"}],"event_choices":[{"damage_healed":0,"gold_gain":0,"player_choice":"Leave","damage_taken":0,"max_hp_gain":0,"max_hp_loss":0,"event_name":"The Cleric","floor":4,"gold_loss":0},{"damage_healed":0,"gold_gain":0,"player_choice":"Got Potions","damage_taken":0,"max_hp_gain":0,"max_hp_loss":0,"event_name":"Lab","floor":14,"gold_loss":0},{"damage_healed":0,"gold_gain":99,"player_choice":"Stole From Cult","damage_taken":0,"max_hp_gain":0,"max_hp_loss":0,"event_name":"Nest","floor":21,"gold_loss":0},{"damage_healed":0,"gold_gain":0,"player_choice":"Fought Bandits","damage_taken":0,"max_hp_gain":0,"max_hp_loss":0,"event_name":"Masked Bandits","floor":28,"gold_loss":0},{"damage_healed":0,"gold_gain":0,"player_choice":"Trade","damage_taken":0,"relics_obtained":["CultistMask"],"max_hp_gain":0,"max_hp_loss":0,"event_name":"FaceTrader","floor":39,"gold_loss":0}],"is_beta":false,"boss_relics":[{"not_picked":["Orrery","Busted Crown"],"picked":"Calling Bell"},{"not_picked":["Black Blood","Runic Pyramid"],"picked":"Astrolabe"}],"items_purged_floors":[3,22,27],"is_endless":false,"potions_floor_spawned":[5,7,11,13,18,19,25,28,35,37,42],"killed_by":"Time Eater","ascension_level":0}