{"gold_per_floor":[119,6,6,23,37,37,67,67,67,92,92,41,51,61,61,165,165,181,181,191,206,226,226,226],"floor_reached":24,"playtime":3442,"items_purged":[],"score":218,"play_id":"f3a93bbb-c413-4755-b51d-b1978e41c382","local_time":"20190421182346","is_ascension_mode":true,"campfire_choices":[{"floor":6,"key":"RECALL"},{"data":"Coolheaded","floor":8,"key":"SMITH"},{"data":"Capacitor","floor":15,"key":"SMITH"},{"floor":23,"key":"REST"}],"neow_cost":"PERCENT_DAMAGE","seed_source_timestamp":23360288380200,"circlet_count":0,"master_deck":["Strike_B","Strike_B","Strike_B","Strike_B","Defend_B","Defend_B","Defend_B","Defend_B","Zap","Dualcast","Auto Shields","Defragment+1","Conserve Battery","Cold Snap","Coolheaded+1","FTL","Machine Learning+1","Leap","Rebound","Capacitor+1","Echo Form","Self Repair","Genetic Algorithm","Hello World","Buffer","Glacier"],"relics":["Cracked Core","Letter Opener","FossilizedHelix","Black Star"],"potions_floor_usage":[7,10,14,16,21],"damage_taken":[{"damage":1,"enemies":"Cultist","floor":1,"turns":4},{"damage":0,"enemies":"2 Louse","floor":4,"turns":3},{"damage":6,"enemies":"Small Slimes","floor":5,"turns":3},{"damage":5,"enemies":"Lagavulin","floor":7,"turns":8},{"damage":3,"enemies":"Gremlin Nob","floor":10,"turns":5},{"damage":0,"enemies":"Red Slaver","floor":13,"turns":5},{"damage":0,"enemies":"Gremlin Gang","floor":14,"turns":6},{"damage":12,"enemies":"Hexaghost","floor":16,"turns":13},{"damage":1,"enemies":"Spheric Guardian","floor":18,"turns":6},{"damage":0,"enemies":"Shell Parasite","floor":20,"turns":9},{"damage":44,"enemies":"3 Cultists","floor":21,"turns":8},{"damage":28,"enemies":"Snake Plant","floor":22,"turns":8},{"damage":61,"enemies":"Gremlin Leader","floor":24,"turns":6}],"seed_played":"-1044739196928548387","potions_obtained":[{"floor":1,"key":"Weak Potion"},{"floor":5,"key":"Regen Potion"},{"floor":10,"key":"Swift Potion"},{"floor":14,"key":"Swift Potion"},{"floor":18,"key":"Strength Potion"}],"is_trial":false,"path_per_floor":["M","$","?","M","M","R","E","R","T","E","?","$","M","M","R","B",null,"M","?","M","M","M","R","E"],"character_chosen":"DEFECT","items_purchased":["Defragment","Conserve Battery","Leap"],"campfire_rested":1,"item_purchase_floors":[2,2,12],"current_hp_per_floor":[67,67,67,67,61,61,71,71,71,68,68,68,68,68,68,56,89,88,88,89,45,24,50,0],"gold":226,"neow_bonus":"TWENTY_PERCENT_HP_BONUS","is_prod":false,"is_daily":false,"chose_seed":false,"campfire_upgraded":2,"win_rate":0,"timestamp":1555863826,"path_taken":["M","?","?","M","M","R","E","R","T","E","?","$","M","M","R","BOSS","M","?","M","?","M","R","E"],"build_version":"2019-01-23","purchased_purges":0,"victory":false,"max_hp_per_floor":[89,89,89,89,89,89,89,89,89,89,89,89,89,89,89,89,89,89,89,89,89,89,89,89],"card_choices":[{"not_picked":["Scrape","Leap"],"picked":"Auto Shields","floor":1},{"not_picked":["Hologram","Consume"],"picked":"Cold Snap","floor":4},{"not_picked":["Heatsinks","Gash"],"picked":"Coolheaded","floor":5},{"not_picked":["Stack","Cold Snap"],"picked":"FTL","floor":7},{"not_picked":["Barrage","Hologram"],"picked":"Machine Learning","floor":10},{"not_picked":["Beam Cell","Redo"],"picked":"Rebound","floor":13},{"not_picked":["Beam Cell","Go for the Eyes"],"picked":"Capacitor","floor":14},{"not_picked":["Reboot","Rainbow"],"picked":"Echo Form","floor":16},{"not_picked":["Stack","Go for the Eyes"],"picked":"Self Repair","floor":18},{"not_picked":["Steam","Leap"],"picked":"Hello World","floor":20},{"not_picked":["Cold Snap","Ball Lightning"],"picked":"Buffer","floor":21},{"not_picked":["Go for the Eyes","Barrage"],"picked":"Glacier","floor":22}],"player_experience":139044,"relics_obtained":[{"floor":7,"key":"Letter Opener"},{"floor":10,"key":"FossilizedHelix"}],"event_choices":[{"damage_healed":0,"gold_gain":0,"player_choice":"Grow","damage_taken":0,"max_hp_gain":0,"max_hp_loss":0,"event_name":"Living Wall","floor":3,"gold_loss":0,"cards_upgraded":["Defragment"]},{"damage_healed":0,"gold_gain":0,"player_choice":"Upgraded","damage_taken":0,"max_hp_gain":0,"max_hp_loss":0,"event_name":"Upgrade Shrine","floor":11,"gold_loss":0,"cards_upgraded":["Machine Learning"]},{"damage_healed":0,"gold_gain":0,"player_choice":"1 cards matched","damage_taken":0,"max_hp_gain":0,"max_hp_loss":0,"event_name":"Match and Keep!","floor":19,"gold_loss":0,"cards_obtained":["Genetic Algorithm"]}],"is_beta":false,"boss_relics":[{"not_picked":["Lizard Tail","Sozu"],"picked":"Black Star"}],"items_purged_floors":[],"is_endless":false,"potions_floor_spawned":[1,5,10,14,18],"killed_by":"Gremlin Leader","ascension_level":1}