{"gold_per_floor":[112,112,123,134,148,148,148,148,175,204,219,219,219,249,249,320,320,330,220,235,107,26,26,53,53,77,104,104,123,139,151,151,230,230,243,262,362,362,382,382,393,423,476,476,493,45,45,74,74,74,74,74,74,21,49,49],"floor_reached":57,"playtime":4536,"items_purged":["Blood for Blood+1"],"score":2670,"play_id":"b2722980-5dcd-4736-bad8-0ef6481351b6","local_time":"20190511142518","is_ascension_mode":true,"campfire_choices":[{"data":"Body Slam","floor":6.0,"key":"SMITH"},{"data":"Iron Wave","floor":8.0,"key":"SMITH"},{"data":"Body Slam","floor":12.0,"key":"SMITH"},{"data":"Evolve","floor":15.0,"key":"SMITH"},{"data":"True Grit","floor":23.0,"key":"SMITH"},{"data":"True Grit","floor":25.0,"key":"SMITH"},{"data":"Inflame","floor":28.0,"key":"SMITH"},{"data":"Limit Break","floor":32.0,"key":"SMITH"},{"floor":40.0,"key":"RECALL"},{"floor":44.0,"key":"REST"},{"floor":49.0,"key":"REST"},{"floor":53.0,"key":"REST"}],"neow_cost":"NONE","seed_source_timestamp":639633972419800,"circlet_count":0,"master_deck":["AscendersBane","Defend_R+1","Defend_R+1","Defend_R","Defend_R+1","Bash+1","Iron Wave+1","Shrug It Off+1","Evolve+1","Body Slam+1","Body Slam+1","Corruption","Offering+1","Reaper","Cleave+1","Juggernaut+1","Intimidate","True Grit+1","True Grit+1","Inflame+1","Shockwave+1","Limit Break+1","Dark Embrace","Spot Weakness+1","Warcry+1","Exhume","Burning Pact+1","Barricade+1","Shrug It Off","Rage"],"special_seed":0,"relics":["Burning Blood","War Paint","Strawberry","Pantograph","Centennial Puzzle","Astrolabe","Mercury Hourglass","Pen Nib","Bottled Tornado","Fusion Hammer","Prayer Wheel","Gremlin Horn","Mummified Hand","Anchor","Du-Vu Doll","Pocketwatch"],"potions_floor_usage":[],"damage_taken":[{"damage":0.0,"enemies":"Cultist","floor":1.0,"turns":3.0},{"damage":2.0,"enemies":"Small Slimes","floor":3.0,"turns":4.0},{"damage":0.0,"enemies":"2 Louse","floor":4.0,"turns":3.0},{"damage":6.0,"enemies":"Blue Slaver","floor":5.0,"turns":7.0},{"damage":12.0,"enemies":"Lagavulin","floor":10.0,"turns":5.0},{"damage":0.0,"enemies":"Exordium Thugs","floor":11.0,"turns":6.0},{"damage":1.0,"enemies":"3 Sentries","floor":14.0,"turns":9.0},{"damage":37.0,"enemies":"Slime Boss","floor":16.0,"turns":12.0},{"damage":6.0,"enemies":"Shell Parasite","floor":18.0,"turns":2.0},{"damage":4.0,"enemies":"Chosen","floor":20.0,"turns":3.0},{"damage":21.0,"enemies":"Gremlin Leader","floor":24.0,"turns":7.0},{"damage":30.0,"enemies":"Book of Stabbing","floor":27.0,"turns":4.0},{"damage":11.0,"enemies":"Centurion and Healer","floor":29.0,"turns":6.0},{"damage":24.0,"enemies":"Snecko","floor":30.0,"turns":6.0},{"damage":7.0,"enemies":"3 Cultists","floor":31.0,"turns":3.0},{"damage":15.0,"enemies":"Champ","floor":33.0,"turns":11.0},{"damage":14.0,"enemies":"3 Darklings","floor":35.0,"turns":6.0},{"damage":6.0,"enemies":"Orb Walker","floor":36.0,"turns":3.0},{"damage":7.0,"enemies":"Mind Bloom Boss Battle","floor":37.0,"turns":7.0},{"damage":41.0,"enemies":"Jaw Worm Horde","floor":39.0,"turns":2.0},{"damage":4.0,"enemies":"Sphere and 2 Shapes","floor":41.0,"turns":6.0},{"damage":36.0,"enemies":"Reptomancer","floor":42.0,"turns":4.0},{"damage":39.0,"enemies":"Maw","floor":45.0,"turns":8.0},{"damage":24.0,"enemies":"Nemesis","floor":48.0,"turns":7.0},{"damage":49.0,"enemies":"Donu and Deca","floor":50.0,"turns":5.0},{"damage":79.0,"enemies":"Awakened One","floor":51.0,"turns":11.0},{"damage":43.0,"enemies":"Shield and Spear","floor":55.0,"turns":3.0},{"damage":107,"enemies":"The Heart","floor":56,"turns":8}],"seed_played":"-2442309525029831196","potions_obtained":[{"floor":3.0,"key":"EssenceOfSteel"},{"floor":4.0,"key":"Poison Potion"},{"floor":11.0,"key":"Poison Potion"},{"floor":29.0,"key":"Explosive Potion"},{"floor":30.0,"key":"Poison Potion"},{"floor":31.0,"key":"BloodPotion"},{"floor":33.0,"key":"Fire Potion"},{"floor":36.0,"key":"SpeedPotion"},{"floor":41.0,"key":"Explosive Potion"},{"floor":45.0,"key":"FearPotion"}],"is_trial":false,"path_per_floor":["M","?","M","M","M","R","?","R","T","E","M","R","?","E","R","B",null,"M","?","M","$","$","R","E","R","T","E","R","M","M","M","R","B",null,"M","M","?","?","M","R","M","E","T","R","M","$","?","E","R","B","B",null,"R","$","E","B",null],"character_chosen":"IRONCLAD","items_purchased":["True Grit","Inflame","Mummified Hand","Anchor","Shrug It Off"],"campfire_rested":3,"item_purchase_floors":[21,22,46,46,54],"current_hp_per_floor":[74,51,55,61,61,61,54,54,54,55,61,61,50,55,55,49,74,74,74,76,76,76,76,73,73,73,55,55,64,46,66,66,82,82,82,82,82,82,82,82,82,69,69,82,82,82,82,82,82,82,36,71,82,82,82,21],"gold":49,"neow_bonus":"UPGRADE_CARD","is_prod":false,"is_daily":false,"chose_seed":false,"campfire_upgraded":8,"win_rate":0,"timestamp":1557599118,"path_taken":["M","?","M","M","M","R","?","R","T","E","M","R","?","E","R","BOSS","M","?","M","?","$","R","E","R","T","E","R","M","?","M","R","BOSS","M","M","?","?","M","R","M","E","T","R","?","$","?","E","R","BOSS","BOSS","R","$","E","BOSS"],"build_version":"2019-01-23","purchased_purges":1,"victory":true,"max_hp_per_floor":[75,75,75,75,75,75,75,75,75,82,82,82,82,82,82,82,82,82,82,82,82,82,82,82,82,82,82,82,82,82,82,82,82,82,82,82,82,82,82,82,82,82,82,82,82,82,82,82,82,82,82,82,82,82,82,82],"card_choices":[{"not_picked":["Clothesline","Dropkick"],"picked":"Iron Wave","floor":1.0},{"not_picked":["Clothesline","Flex"],"picked":"Shrug It Off","floor":3.0},{"not_picked":["Flex","Infernal Blade"],"picked":"Evolve","floor":4.0},{"not_picked":["Shrug It Off","Infernal Blade"],"picked":"Body Slam","floor":5.0},{"not_picked":["Anger","Flex"],"picked":"Body Slam","floor":10.0},{"not_picked":["Iron Wave","Infernal Blade"],"picked":"Corruption","floor":11.0},{"not_picked":["Second Wind","Heavy Blade"],"picked":"Offering","floor":14.0},{"not_picked":["Brutality","Double Tap"],"picked":"Reaper","floor":16.0},{"not_picked":["Heavy Blade","Evolve+1"],"picked":"Intimidate","floor":18.0},{"not_picked":["Headbutt+1","Iron Wave"],"picked":"True Grit","floor":20.0},{"not_picked":["Wild Strike","Sword Boomerang"],"picked":"Shockwave+1","floor":24.0},{"not_picked":["Corruption","Rampage","Perfected Strike"],"picked":"SKIP","floor":27.0},{"not_picked":["Clothesline","Heavy Blade+1"],"picked":"Limit Break","floor":29.0},{"not_picked":["Twin Strike","Clothesline","Clash+1"],"picked":"SKIP","floor":30.0},{"not_picked":["Rupture","Evolve","Iron Wave"],"picked":"SKIP","floor":31.0},{"not_picked":["Reaper","Berserk"],"picked":"Dark Embrace","floor":33.0},{"not_picked":["Dual Wield","Whirlwind+1"],"picked":"Spot Weakness+1","floor":35.0},{"not_picked":["Armaments+1","Reckless Charge"],"picked":"Warcry+1","floor":36.0},{"not_picked":["Reckless Charge","Seeing Red","Whirlwind+1"],"picked":"SKIP","floor":39.0},{"not_picked":["Whirlwind","Sentinel","Flex"],"picked":"SKIP","floor":39.0},{"not_picked":["Carnage","Clothesline+1"],"picked":"Burning Pact+1","floor":41.0},{"not_picked":["Cleave","Heavy Blade"],"picked":"Barricade","floor":41.0},{"not_picked":["Wild Strike","Second Wind","Intimidate"],"picked":"SKIP","floor":42.0},{"not_picked":["Sentinel","Pommel Strike","Havoc"],"picked":"SKIP","floor":45.0},{"not_picked":["Armaments","Pommel Strike","Fire Breathing+1"],"picked":"SKIP","floor":45.0},{"not_picked":["Heavy Blade+1","Bloodletting","Pommel Strike"],"picked":"SKIP","floor":48.0},{"not_picked":["Warcry+1","Offering"],"picked":"Rage","floor":55.0}],"player_experience":1261099,"relics_obtained":[{"floor":9.0,"key":"War Paint"},{"floor":10.0,"key":"Strawberry"},{"floor":14.0,"key":"Centennial Puzzle"},{"floor":24.0,"key":"Mercury Hourglass"},{"floor":26.0,"key":"Pen Nib"},{"floor":27.0,"key":"Bottled Tornado"},{"floor":37.0,"key":"Prayer Wheel"},{"floor":42.0,"key":"Gremlin Horn"},{"floor":48.0,"key":"Du-Vu Doll"},{"floor":55.0,"key":"Pocketwatch"}],"event_choices":[{"damage_healed":0.0,"max_hp_gain":0.0,"max_hp_loss":0.0,"gold_gain":0.0,"event_name":"Shining Light","player_choice":"Entered Light","floor":2.0,"gold_loss":0.0,"damage_taken":23.0,"cards_upgraded":["Defend_R","Defend_R"]},{"cards_removed":["Strike_R"],"damage_healed":0.0,"max_hp_gain":0.0,"max_hp_loss":0.0,"gold_gain":0.0,"event_name":"Golden Wing","player_choice":"Card Removal","floor":7.0,"gold_loss":0.0,"damage_taken":7.0},{"damage_healed":0.0,"max_hp_gain":0.0,"max_hp_loss":0.0,"gold_gain":0.0,"event_name":"Scrap Ooze","player_choice":"Success","floor":13.0,"gold_loss":0.0,"damage_taken":11.0,"relics_obtained":["Pantograph"]},{"cards_removed":["Strike_R"],"damage_healed":0.0,"max_hp_gain":0.0,"max_hp_loss":0.0,"gold_gain":0.0,"event_name":"Designer","player_choice":"Upgrade and Remove","floor":19.0,"gold_loss":110.0,"damage_taken":0.0,"cards_upgraded":["Offering"]},{"damage_healed":0.0,"max_hp_gain":0.0,"max_hp_loss":0.0,"gold_gain":0.0,"event_name":"MindBloom","player_choice":"Fight","floor":37.0,"gold_loss":0.0,"damage_taken":0.0},{"damage_healed":0.0,"max_hp_gain":0.0,"max_hp_loss":0.0,"gold_gain":0.0,"event_name":"Match and Keep!","player_choice":"1 cards matched","floor":38.0,"gold_loss":0.0,"damage_taken":0.0,"cards_obtained":["Exhume"]},{"damage_healed":0.0,"max_hp_gain":0.0,"max_hp_loss":0.0,"gold_gain":0.0,"event_name":"Upgrade Shrine","player_choice":"Upgraded","floor":47.0,"gold_loss":0.0,"damage_taken":0.0,"cards_upgraded":["Barricade"]}],"is_beta":false,"boss_relics":[{"not_picked":["Calling Bell","Ectoplasm"],"picked":"Astrolabe"},{"not_picked":["Lizard Tail","Eternal Feather"],"picked":"Fusion Hammer"}],"items_purged_floors":[21],"is_endless":false,"potions_floor_spawned":[3,4,11,20,29,30,31,33,36,41,45],"ascension_level":20}