{"gold_per_floor":[213,213,163,186,87,125,125,125,125,169,194,194,228,252,252,375,375,391,391,391,416,416,416,366,366,366,142,142,15,15,15,15,15],"floor_reached":33,"playtime":1897,"items_purged":["Strike_B","Regret","Writhe","Strike_B"],"score":295,"play_id":"e6d0ae17-f977-4424-b0a3-525afb83262a","local_time":"20180701082712","is_ascension_mode":true,"campfire_choices":[{"data":"Sweeping Beam","floor":7.0,"key":"SMITH"},{"data":"Echo Form","floor":15,"key":"SMITH"},{"floor":23,"key":"REST"},{"data":"Reboot","floor":25,"key":"SMITH"},{"data":"Zap","floor":30,"key":"SMITH"},{"data":"Dualcast","floor":32,"key":"SMITH"}],"neow_cost":"","seed_source_timestamp":0,"circlet_count":0,"master_deck":["Strike_B","Strike_B","Defend_B","Defend_B","Defend_B","Defend_B","Zap+1","Dualcast+1","Sweeping Beam+1","Rip and Tear","Conserve Battery","Auto Shields","Echo Form+1","Rip and Tear","BootSequence","Steam","Rebound","Electrodynamics","Darkness+1","Reboot+1","Dramatic Entrance+1","Rip and Tear+1","Rip and Tear+1"],"special_seed":0,"relics":["Cracked Core","Golden Idol","Letter Opener","Art of War","Shuriken","Potion Belt","Smiling Mask","Nuclear Battery","Anchor","Juzu Bracelet","Enchiridion","Molten Egg 2"],"potions_floor_usage":[13,13,13,16,33],"damage_taken":[{"damage":5.0,"enemies":"Small Slimes","floor":1.0,"turns":3.0},{"damage":1.0,"enemies":"Jaw Worm","floor":4.0,"turns":3.0},{"damage":6.0,"enemies":"Gremlin Nob","floor":6.0,"turns":3.0},{"damage":5,"enemies":"3 Sentries","floor":10,"turns":4},{"damage":1,"enemies":"2 Louse","floor":11,"turns":2},{"damage":3,"enemies":"Large Slime","floor":12,"turns":5},{"damage":30,"enemies":"Lagavulin","floor":13,"turns":7},{"damage":0,"enemies":"Looter","floor":14,"turns":2},{"damage":18,"enemies":"Slime Boss","floor":16,"turns":8},{"damage":20,"enemies":"Chosen","floor":18,"turns":4},{"damage":75,"enemies":"Collector","floor":33,"turns":7}],"seed_played":"7044248349330557983","potions_obtained":[{"floor":4.0,"key":"Poison Potion"},{"floor":6.0,"key":"Regen Potion"},{"floor":11,"key":"Swift Potion"},{"floor":12,"key":"Regen Potion"},{"floor":13,"key":"Weak Potion"},{"floor":18,"key":"Poison Potion"}],"is_trial":false,"path_per_floor":["M","?","?","M","$","E","R","?","T","E","M","M","E","M","R","B",null,"M","?","?","T","?","R","$","R","T","$","?","$","R","?","R"],"character_chosen":"DEFECT","items_purchased":["Conserve Battery","Dramatic Entrance+1","Rip and Tear+1","Rip and Tear+1"],"campfire_rested":1,"item_purchase_floors":[],"current_hp_per_floor":[70,70,70,69,69,63,63,63,63,58,57,54,49,49,49,31,75,55,55,55,55,39,61,61,61,61,61,61,61,61,61,61,0],"gold":15,"neow_bonus":"","is_prod":false,"is_daily":false,"chose_seed":false,"campfire_upgraded":5,"win_rate":0.0,"timestamp":1530451632,"path_taken":["M","?","?","M","$","E","R","?","T","E","?","?","E","M","R","BOSS","M","?","?","?","?","R","$","R","T","$","?","?","R","?","R","BOSS"],"build_version":"2018-06-28","purchased_purges":4,"victory":false,"max_hp_per_floor":[75,75,75,75,75,75,75,75,75,75,75,75,75,75,75,75,75,75,75,75,75,75,75,75,75,75,75,75,75,75,75,75,75],"card_choices":[{"not_picked":["Glacier","Cold Snap"],"picked":"Sweeping Beam","floor":1.0},{"not_picked":["Go for the Eyes","Ball Lightning"],"picked":"Rip and Tear","floor":4.0},{"not_picked":["Leap","Beam Cell"],"picked":"Auto Shields","floor":6.0},{"not_picked":["FTL","Hello World"],"picked":"Echo Form","floor":10},{"not_picked":["Go for the Eyes","Cold Snap"],"picked":"Rip and Tear","floor":11},{"not_picked":["Streamline","Gash"],"picked":"BootSequence","floor":12},{"not_picked":["Coolheaded","Undo"],"picked":"Steam","floor":13},{"not_picked":["Coolheaded","Ball Lightning"],"picked":"Rebound","floor":14},{"not_picked":["Biased Cognition","Reboot"],"picked":"Electrodynamics","floor":16},{"not_picked":["Redo","Rebound"],"picked":"Darkness+1","floor":18}],"player_experience":144117,"relics_obtained":[{"floor":6.0,"key":"Letter Opener"},{"floor":9.0,"key":"Shuriken"},{"floor":10,"key":"Potion Belt"},{"floor":13,"key":"Smiling Mask"},{"floor":21,"key":"Juzu Bracelet"},{"floor":22,"key":"Enchiridion"},{"floor":26,"key":"Molten Egg 2"}],"event_choices":[{"event_name":"Golden Idol","player_choice":"Take Wound","floor":2.0,"damage_taken":0.0},{"event_name":"The Cleric","player_choice":"Card Removal","floor":3.0,"damage_taken":0.0},{"event_name":"Big Fish","player_choice":"Box","floor":8.0,"damage_taken":0.0},{"event_name":"The Mausoleum","player_choice":"Yes","floor":19,"damage_taken":0},{"event_name":"Match and Keep!","player_choice":"1 cards matched","floor":20,"damage_taken":0},{"event_name":"Cursed Tome","player_choice":"Obtained Book","floor":22,"damage_taken":0},{"event_name":"Drug Dealer","player_choice":"Ignored","floor":28,"damage_taken":0},{"event_name":"Beggar","player_choice":"Ignored","floor":31,"damage_taken":0}],"boss_relics":[{"not_picked":["Eternal Feather","White Beast Statue"],"picked":"Nuclear Battery"}],"items_purged_floors":[],"is_endless":false,"potions_floor_spawned":[4,6,11,12,13,18],"killed_by":"Collector","ascension_level":1}