{"gold_per_floor":[109,109,120,140,159,159,175,210,210,210,225,225,254,47,47,123,123,141,151,151,170,170,170,46,72,72,72,103,115,6,38,38,111,111,129,143,143,161,175,203,221,221,247,247,247,262,262,280,280,280,280],"floor_reached":51,"playtime":4566,"items_purged":["Strike_G","Strike_G"],"score":1523,"play_id":"16593bdd-13cf-47d5-bf2f-1a59c1e2c36a","local_time":"20190429224553","is_ascension_mode":true,"campfire_choices":[{"data":"All Out Attack","floor":6,"key":"SMITH"},{"data":"Crippling Poison","floor":10,"key":"SMITH"},{"floor":12,"key":"REST"},{"data":"Apotheosis","floor":15,"key":"SMITH"},{"data":"Neutralize","floor":23,"key":"SMITH"},{"data":"Backflip","floor":27,"key":"SMITH"},{"floor":32,"key":"REST"},{"floor":42,"key":"REST"},{"floor":44,"key":"REST"},{"floor":47,"key":"RECALL"},{"floor":49,"key":"REST"}],"neow_cost":"NONE","seed_source_timestamp":59733440674100,"circlet_count":0,"master_deck":["AscendersBane","Defend_G","Defend_G","Defend_G","Defend_G","Defend_G","Strike_G","Strike_G","Strike_G","Survivor","Neutralize+1","Backstab","All Out Attack+1","Blur","Terror","Crippling Poison+1","Dagger Throw","Apotheosis+1","Backflip+1","Crippling Poison","Dodge and Roll","Crippling Poison+1","Backflip","PiercingWail","Malaise","Cloak And Dagger","Noxious Fumes","Escape Plan","Die Die Die+1","Cloak And Dagger+1","Deadly Poison+1","Thinking Ahead","Deflect+1","Leg Sweep+1","PiercingWail","Normality","Tools of the Trade"],"relics":["Ring of the Snake","NeowsBlessing","Happy Flower","Dead Branch","The Courier","Ornamental Fan","Cursed Key","Orichalcum","Molten Egg 2","Bronze Scales","White Beast Statue","Juzu Bracelet"],"potions_floor_usage":[7,13,16,25,31,33,33,38,40,48,50,50],"damage_taken":[{"damage":0,"enemies":"2 Louse","floor":1,"turns":1},{"damage":0,"enemies":"Small Slimes","floor":3,"turns":1},{"damage":0,"enemies":"Cultist","floor":4,"turns":1},{"damage":1,"enemies":"Gremlin Gang","floor":5,"turns":4},{"damage":3,"enemies":"Exordium Wildlife","floor":7,"turns":3},{"damage":10,"enemies":"3 Sentries","floor":8,"turns":6},{"damage":1,"enemies":"Large Slime","floor":11,"turns":5},{"damage":13,"enemies":"Gremlin Nob","floor":13,"turns":4},{"damage":1,"enemies":"Hexaghost","floor":16,"turns":8},{"damage":0,"enemies":"Chosen","floor":18,"turns":3},{"damage":0,"enemies":"3 Byrds","floor":19,"turns":4},{"damage":1,"enemies":"Snecko","floor":21,"turns":4},{"damage":0,"enemies":"Slavers","floor":25,"turns":4},{"damage":0,"enemies":"Gremlin Leader","floor":28,"turns":7},{"damage":3,"enemies":"Sentry and Sphere","floor":29,"turns":5},{"damage":9,"enemies":"Slavers","floor":31,"turns":6},{"damage":42,"enemies":"Champ","floor":33,"turns":14},{"damage":0,"enemies":"3 Shapes","floor":35,"turns":5},{"damage":8,"enemies":"Orb Walker","floor":36,"turns":4},{"damage":23,"enemies":"Spire Growth","floor":38,"turns":7},{"damage":0,"enemies":"4 Shapes","floor":39,"turns":4},{"damage":11,"enemies":"Reptomancer","floor":40,"turns":8},{"damage":0,"enemies":"Writhing Mass","floor":41,"turns":7},{"damage":18,"enemies":"Spire Growth","floor":46,"turns":6},{"damage":6,"enemies":"Jaw Worm Horde","floor":48,"turns":6},{"damage":24,"enemies":"Awakened One","floor":50,"turns":23},{"damage":31,"enemies":"Donu and Deca","floor":51,"turns":4}],"seed_played":"-4857203718413125019","potions_obtained":[{"floor":1,"key":"Poison Potion"},{"floor":7,"key":"Ancient Potion"},{"floor":8,"key":"Dexterity Potion"},{"floor":13,"key":"Poison Potion"},{"floor":16,"key":"SteroidPotion"},{"floor":18,"key":"PowerPotion"},{"floor":29,"key":"Poison Potion"},{"floor":31,"key":"AttackPotion"},{"floor":33,"key":"Ancient Potion"},{"floor":35,"key":"GhostInAJar"},{"floor":36,"key":"GhostInAJar"},{"floor":38,"key":"GamblersBrew"},{"floor":40,"key":"Fire Potion"},{"floor":41,"key":"Dexterity Potion"},{"floor":48,"key":"SteroidPotion"}],"is_trial":false,"path_per_floor":["M","?","M","M","M","R","M","E","T","R","M","R","E","$","R","B",null,"M","M","?","M","?","R","$","E","T","R","E","M","$","E","R","B",null,"M","M","?","M","M","E","M","R","T","R","?","M","R","M","R","B","B"],"character_chosen":"THE_SILENT","items_purchased":["Apotheosis","Backflip","Backflip","PiercingWail","Noxious Fumes"],"campfire_rested":5,"item_purchase_floors":[14,14,24,24,30],"current_hp_per_floor":[59,41,41,41,40,40,37,27,27,27,26,45,32,32,32,31,57,57,57,57,56,56,56,56,56,56,56,56,53,53,44,63,21,55,55,47,47,24,24,13,13,32,32,51,51,33,33,27,46,22,0],"gold":280,"neow_bonus":"THREE_ENEMY_KILL","is_prod":false,"is_daily":false,"chose_seed":false,"campfire_upgraded":5,"win_rate":0,"timestamp":1556545553,"path_taken":["M","?","M","M","M","R","M","E","T","R","M","R","E","$","R","BOSS","M","M","?","M","?","R","$","E","T","R","E","?","$","E","R","BOSS","M","?","?","M","M","E","M","R","T","R","?","M","R","M","R","BOSS","BOSS"],"build_version":"2019-01-23","purchased_purges":2,"victory":false,"max_hp_per_floor":[66,66,66,66,66,66,66,66,66,66,66,66,66,66,66,66,66,66,66,66,66,66,66,66,66,66,66,66,66,66,66,66,66,66,66,66,66,66,66,66,66,66,66,66,66,66,66,66,66,66,66],"card_choices":[{"not_picked":["Endless Agony","Riddle With Holes"],"picked":"Backstab","floor":1},{"not_picked":["Backflip","Dagger Spray"],"picked":"All Out Attack","floor":3},{"not_picked":["Deflect","Distraction","Tactician"],"picked":"SKIP","floor":4},{"not_picked":["Choke","Dagger Throw"],"picked":"Blur","floor":5},{"not_picked":["Flying Knee","Blade Dance"],"picked":"Terror","floor":7},{"not_picked":["Dodge and Roll","Sucker Punch"],"picked":"Crippling Poison","floor":8},{"not_picked":["Night Terror","Outmaneuver","Prepared"],"picked":"SKIP","floor":11},{"not_picked":["Prepared","Concentrate"],"picked":"Dagger Throw","floor":13},{"not_picked":["Finisher+1","Blade Dance","Underhanded Strike"],"picked":"SKIP","floor":18},{"not_picked":["Dash","Setup"],"picked":"Crippling Poison","floor":19},{"not_picked":["Acrobatics","Tactician"],"picked":"Dodge and Roll","floor":21},{"not_picked":["Bane+1","Underhanded Strike"],"picked":"Malaise","floor":25},{"not_picked":["Dash","Setup","Infinite Blades"],"picked":"SKIP","floor":28},{"not_picked":["Calculated Gamble","Outmaneuver"],"picked":"Cloak And Dagger","floor":29},{"not_picked":["Backflip","Prepared"],"picked":"Escape Plan","floor":31},{"not_picked":["Venomology","Tools of the Trade"],"picked":"Die Die Die+1","floor":33},{"not_picked":["Accuracy","All Out Attack+1"],"picked":"Cloak And Dagger+1","floor":35},{"not_picked":["Terror","Cloak And Dagger"],"picked":"Deadly Poison+1","floor":36},{"not_picked":["Jack Of All Trades","Violence"],"picked":"Thinking Ahead","floor":37},{"not_picked":["Bouncing Flask","Underhanded Strike+1"],"picked":"Deflect+1","floor":38},{"not_picked":["Underhanded Strike+1","Deflect","Cloak And Dagger"],"picked":"SKIP","floor":39},{"not_picked":["Poisoned Stab+1","Underhanded Strike+1"],"picked":"Leg Sweep+1","floor":40},{"not_picked":["Backflip","Caltrops+1"],"picked":"PiercingWail","floor":41},{"not_picked":["Deadly Poison","Heel Hook+1","Blade Dance"],"picked":"SKIP","floor":46},{"not_picked":["Infinite Blades","Flying Knee+1"],"picked":"Tools of the Trade","floor":48}],"player_experience":1149200,"relics_obtained":[{"floor":8,"key":"Dead Branch"},{"floor":9,"key":"The Courier"},{"floor":13,"key":"Ornamental Fan"},{"floor":25,"key":"Orichalcum"},{"floor":28,"key":"Molten Egg 2"},{"floor":31,"key":"Bronze Scales"},{"floor":40,"key":"Juzu Bracelet"}],"event_choices":[{"damage_healed":0,"gold_gain":0,"player_choice":"Success","damage_taken":18,"relics_obtained":["Happy Flower"],"max_hp_gain":0,"max_hp_loss":0,"event_name":"Scrap Ooze","floor":2,"gold_loss":0},{"damage_healed":0,"gold_gain":0,"player_choice":"Ignored","damage_taken":0,"max_hp_gain":0,"max_hp_loss":0,"event_name":"The Mausoleum","floor":20,"gold_loss":0},{"damage_healed":0,"gold_gain":0,"player_choice":"Copied","damage_taken":0,"max_hp_gain":0,"max_hp_loss":0,"event_name":"Duplicator","floor":22,"gold_loss":0,"cards_obtained":["Crippling Poison"]},{"damage_healed":0,"gold_gain":0,"player_choice":"Memory 1","damage_taken":0,"max_hp_gain":0,"max_hp_loss":0,"event_name":"SensoryStone","floor":37,"gold_loss":0},{"damage_healed":0,"gold_gain":0,"player_choice":"Ignored","damage_taken":0,"max_hp_gain":0,"max_hp_loss":0,"event_name":"Mysterious Sphere","floor":45,"gold_loss":0}],"is_beta":false,"boss_relics":[{"not_picked":["Lizard Tail","Eternal Feather"],"picked":"Cursed Key"},{"not_picked":["Velvet Choker","Calling Bell"],"picked":"White Beast Statue"}],"items_purged_floors":[24,30],"is_endless":false,"potions_floor_spawned":[1,7,8,13,16,18,19,29,31,33,35,36,38,39,40,41,46,48],"killed_by":"Donu and Deca","ascension_level":20}