{"gold_per_floor":[14,24,41,41,60,90,100,135,160,160,160,160,179,189,189,293,293,310,310,326,426,426,426,446,446,446,457,457,472,482,241,241,342,342,355,355,355,372,449,449,467,467,467,467,467,487,487,501,501,501,501,501,11,44,44],"floor_reached":56,"playtime":3100,"items_purged":[],"score":1211,"play_id":"9ec0bcac-941a-4466-b499-e7d0ea87cde0","local_time":"20190512194515","is_ascension_mode":false,"campfire_choices":[{"data":"Demon Form","floor":10.0,"key":"SMITH"},{"data":"Heavy Blade","floor":12.0,"key":"SMITH"},{"data":"True Grit","floor":15.0,"key":"SMITH"},{"floor":23.0,"key":"RECALL"},{"floor":25.0,"key":"REST"},{"floor":28.0,"key":"REST"},{"floor":32.0,"key":"REST"},{"floor":40.0,"key":"REST"},{"floor":42.0,"key":"REST"},{"data":"Double Tap","floor":45.0,"key":"SMITH"},{"data":"Bash","floor":47.0,"key":"SMITH"},{"data":"Flame Barrier","floor":49.0,"key":"SMITH"},{"data":"Flame Barrier","floor":52.0,"key":"SMITH"}],"neow_cost":"NO_GOLD","seed_source_timestamp":1348878476308682,"circlet_count":0,"master_deck":["Strike_R","Strike_R","Strike_R","Defend_R","Defend_R","Defend_R","Bash+1","Demon Form+1","Heavy Blade+1","True Grit+1","Flame Barrier+1","Battle Trance","Flame Barrier+1","Double Tap+1","Battle Trance","Evolve+1","Feed","Blood for Blood+1","Madness","Madness","Shrug It Off+1","Clothesline+1","Uppercut+1","Pummel+1"],"special_seed":0,"relics":["Burning Blood","Bag of Marbles","Oddly Smooth Stone","Anchor","Philosopher\u0027s Stone","StoneCalendar","Pear","Blood Vial","Sozu","Shuriken","Self Forming Clay","FossilizedHelix","Medical Kit","Strawberry"],"potions_floor_usage":[],"damage_taken":[{"damage":9.0,"enemies":"Jaw Worm","floor":1.0,"turns":5.0},{"damage":8.0,"enemies":"Small Slimes","floor":2.0,"turns":3.0},{"damage":1.0,"enemies":"Cultist","floor":3.0,"turns":4.0},{"damage":6.0,"enemies":"Large Slime","floor":5.0,"turns":6.0},{"damage":24.0,"enemies":"Gremlin Nob","floor":6.0,"turns":5.0},{"damage":9.0,"enemies":"Lots of Slimes","floor":7.0,"turns":5.0},{"damage":16.0,"enemies":"Lagavulin","floor":8.0,"turns":8.0},{"damage":2.0,"enemies":"2 Fungi Beasts","floor":13.0,"turns":4.0},{"damage":0.0,"enemies":"3 Louse","floor":14.0,"turns":5.0},{"damage":0.0,"enemies":"Slime Boss","floor":16.0,"turns":5.0},{"damage":4.0,"enemies":"3 Byrds","floor":18.0,"turns":4.0},{"damage":17.0,"enemies":"2 Thieves","floor":20.0,"turns":5.0},{"damage":18.0,"enemies":"Colosseum Slavers","floor":21.0,"turns":5.0},{"damage":26.0,"enemies":"Colosseum Nobs","floor":21.0,"turns":4.0},{"damage":31.0,"enemies":"Cultist and Chosen","floor":24.0,"turns":6.0},{"damage":41.0,"enemies":"3 Cultists","floor":27.0,"turns":7.0},{"damage":17.0,"enemies":"Snake Plant","floor":29.0,"turns":5.0},{"damage":5.0,"enemies":"Centurion and Healer","floor":30.0,"turns":5.0},{"damage":5.0,"enemies":"Champ","floor":33.0,"turns":7.0},{"damage":39.0,"enemies":"Orb Walker","floor":35.0,"turns":5.0},{"damage":27.0,"enemies":"3 Darklings","floor":38.0,"turns":7.0},{"damage":18.0,"enemies":"Maw","floor":41.0,"turns":6.0},{"damage":12.0,"enemies":"4 Shapes","floor":46.0,"turns":6.0},{"damage":13.0,"enemies":"Transient","floor":48.0,"turns":5.0},{"damage":49.0,"enemies":"Awakened One","floor":50.0,"turns":10.0},{"damage":28.0,"enemies":"Shield and Spear","floor":54.0,"turns":7.0},{"damage":104,"enemies":"The Heart","floor":55,"turns":9}],"seed_played":"6314431441486311615","potions_obtained":[{"floor":1.0,"key":"SpeedPotion"},{"floor":2.0,"key":"Weak Potion"},{"floor":3.0,"key":"SpeedPotion"},{"floor":5.0,"key":"Block Potion"},{"floor":13.0,"key":"Block Potion"},{"floor":14.0,"key":"PowerPotion"},{"floor":20.0,"key":"LiquidBronze"},{"floor":21.0,"key":"Regen Potion"},{"floor":29.0,"key":"AttackPotion"}],"is_trial":false,"path_per_floor":["M","M","M","?","M","E","M","E","T","R","?","R","M","M","R","B",null,"M","$","M","?","?","R","M","R","T","M","R","M","M","$","R","B",null,"M","?","?","M","T","R","M","R","T","?","R","M","R","M","R","B",null,"R","$","E","B",null],"character_chosen":"IRONCLAD","items_purchased":["FairyPotion","Blood Vial","FossilizedHelix","Medical Kit"],"campfire_rested":5,"item_purchase_floors":[31,31,53,53],"current_hp_per_floor":[77,75,80,80,80,62,59,49,49,49,49,49,53,59,59,65,80,80,80,69,47,47,47,22,49,49,29,56,45,46,46,73,76,90,60,48,48,32,32,60,53,82,82,82,82,81,81,76,76,35,102,102,102,87,9],"gold":44,"neow_bonus":"THREE_RARE_CARDS","is_prod":false,"is_daily":false,"chose_seed":false,"campfire_upgraded":7,"win_rate":0,"timestamp":1557661515,"path_taken":["M","M","M","?","M","E","M","E","T","R","?","R","M","M","R","BOSS","M","$","M","?","?","R","M","R","T","?","R","M","M","$","R","BOSS","M","?","?","M","?","R","?","R","T","?","R","M","R","M","R","BOSS","R","$","E","BOSS"],"build_version":"2019-01-23","purchased_purges":0,"victory":true,"max_hp_per_floor":[80,80,80,80,80,80,80,80,80,80,80,80,80,80,80,80,80,80,80,80,90,90,90,90,90,90,90,90,90,90,90,90,90,90,93,93,93,96,96,96,99,99,99,99,99,102,102,102,102,102,102,102,102,109,109],"card_choices":[{"not_picked":["Berserk","Bludgeon"],"picked":"Demon Form","floor":0.0},{"not_picked":["Sentinel","Rampage","Thunderclap"],"picked":"SKIP","floor":1.0},{"not_picked":["Power Through","Blood for Blood"],"picked":"Heavy Blade","floor":2.0},{"not_picked":["Body Slam","Barricade"],"picked":"True Grit","floor":3.0},{"not_picked":["Warcry","Thunderclap","Pommel Strike"],"picked":"SKIP","floor":5.0},{"not_picked":["Wild Strike","Iron Wave"],"picked":"Flame Barrier","floor":6.0},{"not_picked":["Dark Embrace","True Grit"],"picked":"Battle Trance","floor":7.0},{"not_picked":["Pommel Strike","True Grit","Hemokinesis"],"picked":"SKIP","floor":8.0},{"not_picked":["Battle Trance","Shrug It Off"],"picked":"Flame Barrier","floor":13.0},{"not_picked":["Clash","Flex","Second Wind"],"picked":"SKIP","floor":14.0},{"not_picked":["Offering","Berserk"],"picked":"Double Tap","floor":16.0},{"not_picked":["Burning Pact","Clash","Reckless Charge+1"],"picked":"SKIP","floor":18.0},{"not_picked":["True Grit+1","Headbutt"],"picked":"Battle Trance","floor":20.0},{"not_picked":["Twin Strike","Heavy Blade"],"picked":"Evolve+1","floor":24.0},{"not_picked":["Body Slam","Havoc+1","Wild Strike"],"picked":"SKIP","floor":27.0},{"not_picked":["Thunderclap+1","Armaments","True Grit"],"picked":"SKIP","floor":29.0},{"not_picked":["Fiend Fire","Wild Strike","Twin Strike"],"picked":"SKIP","floor":30.0},{"not_picked":["Juggernaut","Berserk"],"picked":"Feed","floor":33.0},{"not_picked":["Combust","Flex"],"picked":"Blood for Blood+1","floor":35.0},{"not_picked":["True Grit+1","Headbutt+1","Sword Boomerang"],"picked":"SKIP","floor":38.0},{"not_picked":["Headbutt+1","Armaments+1"],"picked":"Shrug It Off+1","floor":41.0},{"not_picked":["Power Through+1","Barricade"],"picked":"Clothesline+1","floor":46.0},{"not_picked":["Pommel Strike","Warcry"],"picked":"Uppercut+1","floor":48.0},{"not_picked":["Offering","Anger+1"],"picked":"Pummel+1","floor":54.0}],"player_experience":514287,"relics_obtained":[{"floor":6.0,"key":"Bag of Marbles"},{"floor":8.0,"key":"Oddly Smooth Stone"},{"floor":9.0,"key":"Anchor"},{"floor":21.0,"key":"StoneCalendar"},{"floor":21.0,"key":"Pear"},{"floor":39.0,"key":"Shuriken"},{"floor":43.0,"key":"Self Forming Clay"},{"floor":54.0,"key":"Strawberry"}],"event_choices":[{"cards_removed":["Strike_R"],"damage_healed":0.0,"max_hp_gain":0.0,"max_hp_loss":0.0,"gold_gain":0.0,"event_name":"Living Wall","player_choice":"Forget","floor":4.0,"gold_loss":0.0,"damage_taken":0.0},{"cards_removed":["Strike_R"],"damage_healed":0.0,"max_hp_gain":0.0,"max_hp_loss":0.0,"gold_gain":0.0,"event_name":"Purifier","player_choice":"Purged","floor":11.0,"gold_loss":0.0,"damage_taken":0.0},{"damage_healed":0.0,"max_hp_gain":0.0,"max_hp_loss":0.0,"gold_gain":0.0,"event_name":"Colosseum","player_choice":"Fight","floor":21.0,"gold_loss":0.0,"damage_taken":0.0},{"damage_healed":0.0,"max_hp_gain":0.0,"max_hp_loss":0.0,"gold_gain":0.0,"event_name":"Colosseum","player_choice":"Fought Nobs","floor":21.0,"gold_loss":0.0,"damage_taken":0.0},{"cards_removed":["Defend_R"],"damage_healed":0.0,"max_hp_gain":0.0,"max_hp_loss":0.0,"gold_gain":0.0,"event_name":"Wheel of Change","player_choice":"Card Removal","floor":22.0,"gold_loss":0.0,"damage_taken":0.0},{"damage_healed":0.0,"max_hp_gain":0.0,"max_hp_loss":0.0,"gold_gain":0.0,"event_name":"Winding Halls","player_choice":"Embrace Madness","floor":36.0,"gold_loss":0.0,"damage_taken":12.0,"cards_obtained":["Madness","Madness"]},{"damage_healed":0.0,"max_hp_gain":0.0,"max_hp_loss":0.0,"gold_gain":0.0,"event_name":"Mysterious Sphere","player_choice":"Ignored","floor":37.0,"gold_loss":0.0,"damage_taken":0.0},{"damage_healed":0.0,"max_hp_gain":0.0,"max_hp_loss":0.0,"gold_gain":0.0,"event_name":"FaceTrader","player_choice":"Leave","floor":44.0,"gold_loss":0.0,"damage_taken":0.0}],"is_beta":false,"boss_relics":[{"not_picked":["Black Blood","Busted Crown"],"picked":"Philosopher\u0027s Stone"},{"not_picked":["Fusion Hammer","Pandora\u0027s Box"],"picked":"Sozu"}],"items_purged_floors":[],"is_endless":false,"potions_floor_spawned":[1,2,3,5,13,14,20,21,21,29,38,46,48],"ascension_level":0}