{"gold_per_floor":[112,130,28,303,319,345,60,80,80,80,80,97,97,163,163,163],"floor_reached":16,"playtime":417,"items_purged":["Regret"],"score":204,"play_id":"d269ab3f-c566-4e80-ac4c-303d211b97cd","local_time":"20190423231733","is_ascension_mode":true,"campfire_choices":[{"floor":10,"key":"REST"},{"floor":15,"key":"REST"}],"neow_cost":"NONE","seed_source_timestamp":262608339500500,"circlet_count":0,"master_deck":["AscendersBane","Strike_R","Strike_R","Strike_R","Strike_R","Strike_R","Defend_R","Defend_R","Defend_R","Defend_R","Bash","Twin Strike","Inflame","Body Slam","Spot Weakness","Seeing Red","Armaments","Clothesline","Body Slam","Shrug It Off"],"relics":["Burning Blood","NeowsBlessing","MawBank","Regal Pillow","Bottled Flame","SsserpentHead"],"potions_floor_usage":[6,16],"damage_taken":[{"damage":0,"enemies":"Cultist","floor":1,"turns":1},{"damage":0,"enemies":"Jaw Worm","floor":2,"turns":1},{"damage":0,"enemies":"2 Louse","floor":5,"turns":1},{"damage":59,"enemies":"Lagavulin","floor":6,"turns":8},{"damage":16,"enemies":"Blue Slaver","floor":8,"turns":4},{"damage":24,"enemies":"Gremlin Gang","floor":12,"turns":6},{"damage":12,"enemies":"Looter","floor":14,"turns":3},{"damage":66,"enemies":"Slime Boss","floor":16,"turns":10}],"seed_played":"3440096867658399249","potions_obtained":[{"floor":2,"key":"SteroidPotion"},{"floor":12,"key":"AttackPotion"}],"is_trial":false,"path_per_floor":["M","M","$","?","M","E","$","M","T","R","$","M","?","M","R","B"],"character_chosen":"IRONCLAD","items_purchased":["Inflame","Body Slam","Regal Pillow","Armaments"],"campfire_rested":2,"item_purchase_floors":[3,3,7,7],"current_hp_per_floor":[74,75,75,75,75,22,22,12,12,49,49,31,31,25,62,0],"gold":163,"neow_bonus":"THREE_ENEMY_KILL","is_prod":false,"is_daily":false,"chose_seed":false,"campfire_upgraded":0,"win_rate":0,"timestamp":1556054253,"path_taken":["M","?","$","?","?","E","?","M","T","R","$","?","?","?","R","BOSS"],"build_version":"2019-01-23","purchased_purges":1,"victory":false,"max_hp_per_floor":[75,75,75,75,75,75,75,75,75,75,75,75,75,75,75,75],"card_choices":[{"not_picked":["Clash","Havoc","Body Slam"],"picked":"SKIP","floor":1},{"not_picked":["Rage","Clash"],"picked":"Twin Strike","floor":2},{"not_picked":["Body Slam","Sword Boomerang"],"picked":"Spot Weakness","floor":5},{"not_picked":["Feel No Pain","Clothesline"],"picked":"Seeing Red","floor":6},{"not_picked":["Rage","True Grit"],"picked":"Clothesline","floor":8},{"not_picked":["Entrench","Bludgeon"],"picked":"Body Slam","floor":12},{"not_picked":["Evolve","Blood for Blood"],"picked":"Shrug It Off","floor":14}],"player_experience":593532,"relics_obtained":[{"floor":6,"key":"MawBank"},{"floor":9,"key":"Bottled Flame"}],"event_choices":[{"damage_healed":0,"gold_gain":275,"player_choice":"Desecrate","damage_taken":0,"max_hp_gain":0,"max_hp_loss":0,"event_name":"Golden Shrine","floor":4,"gold_loss":0,"cards_obtained":["Regret"]},{"damage_healed":0,"gold_gain":0,"player_choice":"Trade","damage_taken":0,"relics_obtained":["SsserpentHead"],"max_hp_gain":0,"max_hp_loss":0,"event_name":"FaceTrader","floor":13,"gold_loss":0}],"is_beta":false,"boss_relics":[],"items_purged_floors":[7],"is_endless":false,"potions_floor_spawned":[2,12],"killed_by":"Slime Boss","ascension_level":20}