{"gold_per_floor":[114,114,134,144,155,213,213,242,242,262,273,273,293,311,311,311],"floor_reached":16,"playtime":764,"items_purged":[],"score":232,"play_id":"6cb12e3d-c2d0-4216-b54c-04c739cb3eb8","local_time":"20190429134947","is_ascension_mode":true,"campfire_choices":[{"data":"Bash","floor":7,"key":"SMITH"},{"data":"Offering","floor":12,"key":"SMITH"},{"data":"Anger","floor":15,"key":"SMITH"}],"neow_cost":"NONE","seed_source_timestamp":31369328535300,"circlet_count":0,"master_deck":["AscendersBane","Strike_R","Strike_R","Strike_R","Strike_R","Defend_R","Defend_R","Defend_R","Defend_R","Bash+1","Cleave","Offering+1","Thunderclap","Reaper","Shrug It Off","Double Tap","Shrug It Off","Shrug It Off","Anger+1"],"relics":["Burning Blood","Regal Pillow","Tiny Chest","Art of War","Gremlin Horn"],"potions_floor_usage":[6,10,11,16],"damage_taken":[{"damage":7,"enemies":"Small Slimes","floor":1,"turns":5},{"damage":8,"enemies":"Cultist","floor":3,"turns":4},{"damage":8,"enemies":"Jaw Worm","floor":4,"turns":4},{"damage":14,"enemies":"Blue Slaver","floor":5,"turns":6},{"damage":26,"enemies":"3 Sentries","floor":6,"turns":7},{"damage":45,"enemies":"Gremlin Nob","floor":8,"turns":4},{"damage":9,"enemies":"Red Slaver","floor":10,"turns":3},{"damage":10,"enemies":"Exordium Thugs","floor":11,"turns":5},{"damage":8,"enemies":"Exordium Wildlife","floor":13,"turns":3},{"damage":23,"enemies":"3 Louse","floor":14,"turns":3},{"damage":35,"enemies":"Hexaghost","floor":16,"turns":9}],"seed_played":"-3061445926323750437","potions_obtained":[{"floor":4,"key":"Energy Potion"},{"floor":5,"key":"Energy Potion"},{"floor":10,"key":"Strength Potion"},{"floor":11,"key":"Energy Potion"}],"is_trial":false,"path_per_floor":["M","?","M","M","M","E","R","E","T","M","M","R","M","M","R","B"],"character_chosen":"IRONCLAD","items_purchased":[],"campfire_rested":0,"item_purchase_floors":[],"current_hp_per_floor":[67,67,65,63,55,49,49,14,14,17,25,25,27,28,28,0],"gold":311,"neow_bonus":"RANDOM_COMMON_RELIC","is_prod":false,"is_daily":false,"chose_seed":false,"campfire_upgraded":3,"win_rate":0,"timestamp":1556513387,"path_taken":["M","?","M","M","M","E","R","E","T","M","M","R","?","M","R","BOSS"],"build_version":"2019-01-23","purchased_purges":0,"victory":false,"max_hp_per_floor":[75,75,75,75,75,75,75,75,75,75,75,75,75,75,75,75],"card_choices":[{"not_picked":["Wild Strike","Armaments"],"picked":"Cleave","floor":1},{"not_picked":["Iron Wave","Rampage"],"picked":"Thunderclap","floor":3},{"not_picked":["Headbutt","Rampage"],"picked":"Reaper","floor":4},{"not_picked":["Corruption","Wild Strike","Hemokinesis"],"picked":"SKIP","floor":5},{"not_picked":["Cleave","Seeing Red"],"picked":"Shrug It Off","floor":6},{"not_picked":["Power Through","True Grit"],"picked":"Double Tap","floor":8},{"not_picked":["Sentinel","Sever Soul"],"picked":"Shrug It Off","floor":10},{"not_picked":["Anger","Feel No Pain"],"picked":"Shrug It Off","floor":11},{"not_picked":["Wild Strike","Cleave","Sentinel"],"picked":"SKIP","floor":13},{"not_picked":["Cleave","Feel No Pain"],"picked":"Anger","floor":14}],"player_experience":1143816,"relics_obtained":[{"floor":6,"key":"Tiny Chest"},{"floor":8,"key":"Art of War"},{"floor":9,"key":"Gremlin Horn"}],"event_choices":[{"damage_healed":0,"gold_gain":0,"cards_transformed":["Strike_R"],"player_choice":"Transformed","damage_taken":0,"max_hp_gain":0,"max_hp_loss":0,"event_name":"Transmorgrifier","floor":2,"gold_loss":0,"cards_obtained":["Offering"]}],"is_beta":false,"boss_relics":[],"items_purged_floors":[],"is_endless":false,"potions_floor_spawned":[4,5,10,11],"killed_by":"Hexaghost","ascension_level":20}