{"gold_per_floor":[113,113,36,83,83,83,95,122,122,153,153,167,177,212,212,286,286,304,282,282,282,282,282,300,333,382,392,392,460,477,527,527,603,603,621,621,634,634,653,653,668,686,709,709,721,744,756,786,798,810],"floor_reached":51,"playtime":2623,"items_purged":[],"score":1405,"play_id":"51f817ad-394a-492c-9c73-34231626176b","local_time":"20190313210312","is_ascension_mode":true,"campfire_choices":[{"data":"Bash","floor":6.0,"key":"SMITH"},{"data":"Immolate","floor":15.0,"key":"SMITH"},{"data":"1","floor":23.0,"key":"LIFT"},{"data":"Limit Break","floor":28.0,"key":"SMITH"},{"data":"Shockwave","floor":32.0,"key":"SMITH"},{"data":"2","floor":40.0,"key":"LIFT"},{"data":"3","floor":47,"key":"LIFT"},{"data":"True Grit","floor":49,"key":"SMITH"}],"neow_cost":"NONE","seed_source_timestamp":574614031706205,"circlet_count":0,"master_deck":["AscendersBane","Strike_R","Strike_R","Defend_R","Defend_R","Defend_R","Bash+1","Disarm","Sentinel","Reaper","Feel No Pain","Feed","Immolate+1","True Grit+1","Clothesline","Limit Break+1","Flex+1","Shockwave+1","Feed","Warcry+1","Headbutt","Heavy Blade+1"],"special_seed":0,"relics":["Burning Blood","NeowsBlessing","Ancient Tea Set","Orichalcum","The Courier","Red Skull","Girya","Coffee Dripper","Nilry\u0027s Codex","MutagenicStrength","Potion Belt","Pen Nib","Bottled Tornado","Empty Cage","Smiling Mask","MawBank"],"potions_floor_usage":[45,45,50],"damage_taken":[{"damage":0.0,"enemies":"Cultist","floor":1.0,"turns":1.0},{"damage":0.0,"enemies":"Small Slimes","floor":7.0,"turns":1.0},{"damage":0.0,"enemies":"Gremlin Nob","floor":8.0,"turns":1.0},{"damage":10.0,"enemies":"3 Sentries","floor":10.0,"turns":14.0},{"damage":0.0,"enemies":"2 Louse","floor":12.0,"turns":2.0},{"damage":11.0,"enemies":"Looter","floor":13.0,"turns":5.0},{"damage":20.0,"enemies":"Gremlin Nob","floor":14.0,"turns":4.0},{"damage":40.0,"enemies":"Hexaghost","floor":16.0,"turns":10.0},{"damage":13.0,"enemies":"Shell Parasite","floor":18.0,"turns":5.0},{"damage":8.0,"enemies":"2 Thieves","floor":19.0,"turns":4.0},{"damage":27.0,"enemies":"Snecko","floor":24.0,"turns":7.0},{"damage":3.0,"enemies":"Book of Stabbing","floor":25.0,"turns":3.0},{"damage":20.0,"enemies":"Centurion and Healer","floor":27.0,"turns":4.0},{"damage":0.0,"enemies":"Snake Plant","floor":30.0,"turns":2.0},{"damage":84.0,"enemies":"Champ","floor":33.0,"turns":9.0},{"damage":9.0,"enemies":"Orb Walker","floor":35.0,"turns":4.0},{"damage":47.0,"enemies":"3 Darklings","floor":37.0,"turns":5.0},{"damage":41.0,"enemies":"4 Shapes","floor":39.0,"turns":6.0},{"damage":38.0,"enemies":"Maw","floor":41.0,"turns":7.0},{"damage":17.0,"enemies":"Sphere and 2 Shapes","floor":42.0,"turns":3.0},{"damage":17,"enemies":"Transient","floor":45,"turns":6},{"damage":15,"enemies":"4 Shapes","floor":48,"turns":11},{"damage":79,"enemies":"Donu and Deca","floor":50,"turns":8}],"seed_played":"1974043027207130804","potions_obtained":[{"floor":7.0,"key":"Fire Potion"},{"floor":10.0,"key":"PowerPotion"},{"floor":13.0,"key":"Poison Potion"},{"floor":16.0,"key":"Dexterity Potion"},{"floor":18.0,"key":"Energy Potion"},{"floor":24.0,"key":"Strength Potion"},{"floor":27.0,"key":"SteroidPotion"},{"floor":30.0,"key":"Explosive Potion"},{"floor":33.0,"key":"BloodPotion"},{"floor":37.0,"key":"PowerPotion"},{"floor":41.0,"key":"Dexterity Potion"},{"floor":42.0,"key":"Poison Potion"}],"is_trial":false,"path_per_floor":["M","?","$","T","?","R","M","E","T","E","?","M","M","E","R","B",null,"M","M","?","?","?","R","M","E","T","M","R","T","M","?","R","B",null,"M","?","M","?","M","R","M","M","T","?","M","T","R","M","R","B",null],"character_chosen":"IRONCLAD","items_purchased":["Sentinel"],"campfire_rested":0,"item_purchase_floors":[3],"current_hp_per_floor":[74,74,74,74,74,74,75,75,75,78,78,78,76,66,66,35,72,71,69,84,63,63,63,64,86,86,84,84,84,90,90,90,34,76,90,90,63,63,85,85,69,61,61,61,98,98,98,105,105,58],"gold":822,"neow_bonus":"THREE_ENEMY_KILL","is_prod":false,"is_daily":false,"chose_seed":false,"campfire_upgraded":5,"win_rate":0,"timestamp":1552478592,"path_taken":["M","?","$","?","?","R","?","E","T","E","?","M","M","E","R","BOSS","M","M","?","?","?","R","M","E","T","M","R","?","M","?","R","BOSS","M","?","M","?","M","R","M","M","T","?","?","?","R","M","R","BOSS"],"build_version":"2019-01-23","purchased_purges":0,"victory":true,"max_hp_per_floor":[75,75,75,75,75,75,75,75,75,78,78,78,81,81,81,84,84,84,84,84,84,84,84,87,87,87,90,90,90,90,90,90,90,90,90,90,90,90,93,93,96,99,99,99,99,99,99,105,105,105],"card_choices":[{"not_picked":["Perfected Strike","Flex"],"picked":"Disarm","floor":1.0},{"not_picked":["Battle Trance","Clash"],"picked":"Feel No Pain","floor":7.0},{"not_picked":["Armaments","Cleave"],"picked":"Feed","floor":8.0},{"not_picked":["Blood for Blood","Bludgeon"],"picked":"Immolate","floor":10.0},{"not_picked":["Power Through","Body Slam","Havoc"],"picked":"SKIP","floor":12.0},{"not_picked":["Infernal Blade","Perfected Strike"],"picked":"True Grit","floor":13.0},{"not_picked":["Cleave","Searing Blow"],"picked":"Clothesline","floor":14.0},{"not_picked":["Barricade","Brutality"],"picked":"Limit Break","floor":16.0},{"not_picked":["Power Through","Wild Strike"],"picked":"Intimidate","floor":18.0},{"not_picked":["Sword Boomerang","Rage","Body Slam"],"picked":"SKIP","floor":19.0},{"not_picked":["Headbutt","Pummel","True Grit"],"picked":"SKIP","floor":24.0},{"not_picked":["Perfected Strike","Fire Breathing","Entrench"],"picked":"SKIP","floor":25.0},{"not_picked":["Body Slam","Pommel Strike"],"picked":"Flex+1","floor":27.0},{"not_picked":["Body Slam","Cleave+1"],"picked":"Shockwave","floor":30.0},{"not_picked":["Bludgeon","Barricade"],"picked":"Feed","floor":33.0},{"not_picked":["Perfected Strike","Carnage"],"picked":"Warcry+1","floor":35.0},{"not_picked":["Seeing Red","Body Slam","Disarm"],"picked":"SKIP","floor":37.0},{"not_picked":["Twin Strike","Infernal Blade"],"picked":"Headbutt","floor":39.0},{"not_picked":["Bloodletting","Havoc"],"picked":"Heavy Blade","floor":41.0},{"not_picked":["Whirlwind","Anger+1","Hemokinesis+1"],"picked":"SKIP","floor":42.0},{"not_picked":["Rampage","Clash","Warcry"],"picked":"SKIP","floor":45},{"not_picked":["Rampage","Clash","Warcry"],"picked":"SKIP","floor":45},{"not_picked":["Bludgeon","Heavy Blade","Thunderclap+1"],"picked":"SKIP","floor":48}],"player_experience":696685,"relics_obtained":[{"floor":4.0,"key":"Ancient Tea Set"},{"floor":8.0,"key":"Orichalcum"},{"floor":9.0,"key":"The Courier"},{"floor":10.0,"key":"Red Skull"},{"floor":14.0,"key":"Girya"},{"floor":21.0,"key":"Nilry\u0027s Codex"},{"floor":25.0,"key":"Potion Belt"},{"floor":26.0,"key":"Pen Nib"},{"floor":29.0,"key":"Bottled Tornado"},{"floor":43.0,"key":"Smiling Mask"},{"floor":46,"key":"MawBank"}],"event_choices":[{"cards_removed":["Strike_R"],"damage_healed":0.0,"max_hp_gain":0.0,"max_hp_loss":0.0,"gold_gain":0.0,"event_name":"Purifier","player_choice":"Purged","floor":2.0,"gold_loss":0.0,"damage_taken":0.0},{"damage_healed":0.0,"max_hp_gain":0.0,"max_hp_loss":0.0,"gold_gain":0.0,"cards_transformed":["Defend_R"],"event_name":"Transmorgrifier","player_choice":"Transformed","floor":5.0,"gold_loss":0.0,"damage_taken":0.0,"cards_obtained":["Reaper"]},{"damage_healed":0.0,"max_hp_gain":0.0,"max_hp_loss":0.0,"gold_gain":0.0,"event_name":"Liars Game","player_choice":"Ignored","floor":11.0,"gold_loss":0.0,"damage_taken":0.0},{"damage_healed":17.0,"max_hp_gain":0.0,"max_hp_loss":0.0,"gold_gain":0.0,"event_name":"The Library","player_choice":"Heal","floor":20.0,"gold_loss":0.0,"damage_taken":0.0},{"damage_healed":0.0,"max_hp_gain":0.0,"max_hp_loss":0.0,"gold_gain":0.0,"event_name":"Cursed Tome","player_choice":"Obtained Book","floor":21.0,"gold_loss":0.0,"damage_taken":21.0},{"damage_healed":0.0,"max_hp_gain":0.0,"max_hp_loss":0.0,"gold_gain":0.0,"event_name":"Drug Dealer","player_choice":"Inject Mutagens","floor":22.0,"gold_loss":0.0,"damage_taken":0.0,"relics_obtained":["MutagenicStrength"]},{"damage_healed":0.0,"max_hp_gain":0.0,"max_hp_loss":0.0,"gold_gain":50.0,"event_name":"Nest","player_choice":"Stole From Cult","floor":31.0,"gold_loss":0.0,"damage_taken":0.0},{"cards_removed":["Intimidate"],"damage_healed":0.0,"max_hp_gain":0.0,"max_hp_loss":0.0,"gold_gain":0.0,"event_name":"Falling","player_choice":"Removed Skill","floor":36.0,"gold_loss":0.0,"damage_taken":0.0},{"damage_healed":0.0,"max_hp_gain":0.0,"max_hp_loss":0.0,"gold_gain":0.0,"event_name":"Tomb of Lord Red Mask","player_choice":"Ignored","floor":38.0,"gold_loss":0.0,"damage_taken":0.0},{"damage_healed":0.0,"max_hp_gain":0.0,"max_hp_loss":0.0,"gold_gain":0.0,"event_name":"Upgrade Shrine","player_choice":"Upgraded","floor":44.0,"gold_loss":0.0,"damage_taken":0.0,"cards_upgraded":["Heavy Blade"]}],"is_beta":false,"boss_relics":[{"not_picked":["Astrolabe","Calling Bell"],"picked":"Coffee Dripper"},{"not_picked":["Lizard Tail","Pandora\u0027s Box"],"picked":"Empty Cage"}],"items_purged_floors":[],"is_endless":false,"potions_floor_spawned":[7,10,13,16,18,24,27,30,33,37,41,42],"ascension_level":18}