{"gold_per_floor":[116,116,116,126,146,146,178,190,236,236,264,264,264,298,298,298],"floor_reached":16,"playtime":357,"items_purged":[],"score":108,"play_id":"7b615e07-d6d6-4be5-ba20-627ce5ed47ec","local_time":"20190211140127","is_ascension_mode":false,"campfire_choices":[{"data":"Flex","floor":6,"key":"SMITH"},{"data":"Rampage","floor":10,"key":"SMITH"},{"data":"Searing Blow","floor":15,"key":"SMITH"}],"neow_cost":"NONE","seed_source_timestamp":1657301296106025,"circlet_count":0,"master_deck":["Strike_R","Strike_R","Strike_R","Strike_R","Defend_R","Defend_R","Defend_R","Defend_R","Bash+1","Shrug It Off","Shrug It Off","Flex+1","Reaper","Rampage+1","Searing Blow+1"],"special_seed":0,"relics":["Burning Blood","Meat on the Bone","Juzu Bracelet","Odd Mushroom","Art of War","Potion Belt"],"potions_floor_usage":[7,11,14],"damage_taken":[{"damage":1.0,"enemies":"2 Louse","floor":1.0,"turns":3.0},{"damage":0,"enemies":"Cultist","floor":4,"turns":3},{"damage":3,"enemies":"Jaw Worm","floor":5,"turns":3},{"damage":19,"enemies":"3 Sentries","floor":7,"turns":3},{"damage":0,"enemies":"2 Fungi Beasts","floor":8,"turns":4},{"damage":16,"enemies":"The Mushroom Lair","floor":11,"turns":4},{"damage":36,"enemies":"Lagavulin","floor":14,"turns":5},{"damage":68,"enemies":"The Guardian","floor":16,"turns":8}],"seed_played":"7502719777032750643","potions_obtained":[{"floor":4,"key":"Ancient Potion"},{"floor":5,"key":"AttackPotion"},{"floor":11,"key":"Poison Potion"}],"is_trial":false,"path_per_floor":["M","?","?","M","M","R","E","M","T","R","?","?","?","E","R","B"],"character_chosen":"IRONCLAD","items_purchased":[],"campfire_rested":0,"item_purchase_floors":[],"current_hp_per_floor":[80,80,80,80,80,80,67,73,73,73,70,63,63,55,55,0],"gold":298,"neow_bonus":"UPGRADE_CARD","is_prod":false,"is_daily":false,"chose_seed":false,"campfire_upgraded":3,"win_rate":0,"timestamp":1549861287,"path_taken":["M","?","?","M","M","R","E","M","T","R","?","?","?","E","R","BOSS"],"build_version":"2019-01-23","purchased_purges":0,"victory":false,"max_hp_per_floor":[80,80,80,80,80,80,80,80,80,80,80,80,80,80,80,80],"card_choices":[{"not_picked":["Armaments","Rage"],"picked":"Shrug It Off","floor":1.0},{"not_picked":["Battle Trance","Sentinel"],"picked":"Shrug It Off","floor":4},{"not_picked":["Wild Strike","Clash"],"picked":"Flex","floor":5},{"not_picked":["True Grit","Pommel Strike"],"picked":"Reaper","floor":7},{"not_picked":["Battle Trance","Cleave"],"picked":"Rampage","floor":8},{"not_picked":["Blood for Blood","Sever Soul"],"picked":"Searing Blow","floor":14}],"player_experience":521382,"relics_obtained":[{"floor":7,"key":"Meat on the Bone"},{"floor":9,"key":"Juzu Bracelet"},{"floor":11,"key":"Odd Mushroom"},{"floor":14,"key":"Potion Belt"}],"event_choices":[{"damage_healed":0.0,"max_hp_gain":0.0,"max_hp_loss":0.0,"gold_gain":0.0,"event_name":"Liars Game","player_choice":"Ignored","floor":2.0,"gold_loss":0.0,"damage_taken":0.0},{"damage_healed":0,"gold_gain":0,"player_choice":"Leave","damage_taken":0,"max_hp_gain":0,"max_hp_loss":0,"event_name":"FaceTrader","floor":3,"gold_loss":0},{"damage_healed":0,"gold_gain":0,"player_choice":"Fought Mushrooms","damage_taken":0,"max_hp_gain":0,"max_hp_loss":0,"event_name":"Mushrooms","floor":11,"gold_loss":0},{"cards_removed":["Strike_R"],"damage_healed":0,"gold_gain":0,"player_choice":"Card Removal","damage_taken":7,"max_hp_gain":0,"max_hp_loss":0,"event_name":"Golden Wing","floor":12,"gold_loss":0},{"damage_healed":0,"gold_gain":0,"player_choice":"Searched \u00271\u0027 times","damage_taken":0,"relics_obtained":["Art of War"],"max_hp_gain":0,"max_hp_loss":0,"event_name":"Dead Adventurer","floor":13,"gold_loss":0}],"is_beta":false,"boss_relics":[],"items_purged_floors":[],"is_endless":false,"potions_floor_spawned":[4,5,11],"killed_by":"The Guardian","ascension_level":0}