{"gold_per_floor":[115,134,149,225,10,10,42,42,42,42,76,76,139,153,153,232,232,245,92,109,109,121,121,121],"floor_reached":24,"playtime":968,"items_purged":["Strike_R","Strike_R"],"score":408,"play_id":"a27eb6a4-8f9f-4022-a6db-3fad1585e902","local_time":"20190406095644","is_ascension_mode":true,"campfire_choices":[{"data":"Bash","floor":6,"key":"SMITH"},{"data":"Feel No Pain","floor":8,"key":"SMITH"},{"data":"Spot Weakness","floor":10,"key":"SMITH"},{"data":"Sword Boomerang","floor":12,"key":"SMITH"},{"data":"Warcry","floor":15,"key":"SMITH"},{"floor":23,"key":"REST"}],"neow_cost":"NONE","seed_source_timestamp":695852215961692,"circlet_count":0,"master_deck":["AscendersBane","Strike_R","Strike_R","Strike_R","Defend_R","Defend_R","Defend_R","Defend_R","Bash+1","Warcry+1","Spot Weakness+1","Reaper","Feel No Pain+1","Headbutt","Sword Boomerang+1","Pummel","Offering","Warcry"],"relics":["Burning Blood","Meat on the Bone","Omamori","Gremlin Horn","Blue Candle","Dream Catcher","Fusion Hammer"],"potions_floor_usage":[7,7,22,22,24],"damage_taken":[{"damage":18,"enemies":"Cultist","floor":1,"turns":5},{"damage":14,"enemies":"Small Slimes","floor":2,"turns":5},{"damage":3,"enemies":"2 Louse","floor":3,"turns":3},{"damage":38,"enemies":"Lagavulin","floor":7,"turns":8},{"damage":8,"enemies":"3 Sentries","floor":11,"turns":9},{"damage":40,"enemies":"Lagavulin Event","floor":13,"turns":5},{"damage":0,"enemies":"2 Fungi Beasts","floor":14,"turns":2},{"damage":56,"enemies":"The Guardian","floor":16,"turns":10},{"damage":26,"enemies":"Chosen","floor":18,"turns":5},{"damage":26,"enemies":"Shell Parasite","floor":20,"turns":3},{"damage":41,"enemies":"Cultist and Chosen","floor":22,"turns":7},{"damage":72,"enemies":"Slavers","floor":24,"turns":4}],"seed_played":"-6273654062549400846","potions_obtained":[{"floor":3,"key":"EssenceOfSteel"},{"floor":11,"key":"BloodPotion"},{"floor":20,"key":"SkillPotion"},{"floor":22,"key":"AttackPotion"}],"is_trial":false,"path_per_floor":["M","M","M","T","$","R","E","R","T","R","E","R","?","M","R","B",null,"M","$","M","?","M","R","E"],"character_chosen":"IRONCLAD","items_purchased":["Feel No Pain","Strength Potion","SteroidPotion"],"campfire_rested":1,"item_purchase_floors":[5,5,19],"current_hp_per_floor":[63,55,58,58,58,58,51,51,51,51,73,73,51,68,68,48,74,54,54,52,52,47,71,0],"gold":121,"neow_bonus":"TEN_PERCENT_HP_BONUS","is_prod":false,"is_daily":false,"chose_seed":false,"campfire_upgraded":5,"win_rate":0,"timestamp":1554512204,"path_taken":["M","M","M","?","$","R","E","R","T","R","E","R","?","M","R","BOSS","M","$","M","?","M","R","E"],"build_version":"2019-01-23","purchased_purges":2,"victory":false,"max_hp_per_floor":[82,82,82,82,82,82,82,82,82,82,82,82,82,82,82,82,82,82,82,82,82,82,82,82],"card_choices":[{"not_picked":["Thunderclap","Fire Breathing"],"picked":"Warcry","floor":1},{"not_picked":["Wild Strike","Thunderclap"],"picked":"Spot Weakness","floor":2},{"not_picked":["Wild Strike","Corruption"],"picked":"Reaper","floor":3},{"not_picked":["Fire Breathing","True Grit"],"picked":"Headbutt","floor":7},{"not_picked":["Whirlwind","Spot Weakness"],"picked":"Sword Boomerang","floor":11},{"not_picked":["Headbutt","Pommel Strike"],"picked":"Pummel","floor":14},{"not_picked":["Reaper","Impervious"],"picked":"Offering","floor":16},{"not_picked":["Sentinel+1","Perfected Strike","Iron Wave"],"picked":"SKIP","floor":18},{"not_picked":["Seeing Red","Intimidate"],"picked":"Warcry","floor":20},{"not_picked":["Headbutt","Body Slam","Flex"],"picked":"SKIP","floor":22}],"player_experience":836841,"relics_obtained":[{"floor":4,"key":"Meat on the Bone"},{"floor":7,"key":"Omamori"},{"floor":9,"key":"Gremlin Horn"},{"floor":11,"key":"Blue Candle"},{"floor":13,"key":"Dream Catcher"}],"event_choices":[{"damage_healed":0,"gold_gain":30,"player_choice":"Searched \u00272\u0027 times","damage_taken":0,"max_hp_gain":0,"max_hp_loss":0,"event_name":"Dead Adventurer","floor":13,"gold_loss":0},{"damage_healed":0,"gold_gain":0,"player_choice":"Ignored","damage_taken":0,"max_hp_gain":0,"max_hp_loss":0,"event_name":"Ghosts","floor":21,"gold_loss":0}],"is_beta":false,"boss_relics":[{"not_picked":["White Beast Statue","Astrolabe"],"picked":"Fusion Hammer"}],"items_purged_floors":[5,19],"is_endless":false,"potions_floor_spawned":[3,11,20,22],"killed_by":"Slavers","ascension_level":20}