{"gold_per_floor":[117,19,0,10,10,42,61,61,61,61,61,72,92,112,112,210,210,230,230,250,135,151,166,166,177,177,192,53,71,71,89,89,191,191,202,212,212,212,14,14,14,27,81,92,92,105,105,121,121,121],"floor_reached":50,"playtime":7924,"items_purged":["Defend_G+1","Skewer","Writhe"],"score":475,"play_id":"6d7929ba-544d-4b7a-a161-f2696e9bb100","local_time":"20190418234852","is_ascension_mode":false,"campfire_choices":[{"floor":8,"key":"REST"},{"data":"Neutralize","floor":11,"key":"SMITH"},{"floor":15,"key":"REST"},{"floor":24,"key":"REST"},{"floor":30,"key":"REST"},{"floor":32,"key":"REST"},{"floor":40,"key":"REST"},{"floor":45,"key":"REST"},{"floor":47,"key":"REST"},{"floor":49,"key":"REST"}],"neow_cost":"NONE","seed_source_timestamp":12264996276285,"circlet_count":0,"master_deck":["Defend_G+1","Defend_G+1","Defend_G+1","Strike_G+1","Strike_G+1","Strike_G+1","Strike_G+1","Strike_G+1","Survivor","Neutralize+1","Terror","Outmaneuver","Well Laid Plans","Poisoned Stab","Cloak And Dagger+1","Cloak And Dagger","Quick Slash","Bane","Dodge and Roll","Malaise","Backflip+1","Accuracy","Dagger Throw+1","Footwork+1","Dagger Spray","Blade Dance+1","Caltrops","Leg Sweep","Envenom","PiercingWail+1","Leg Sweep+1","Enlightenment","Footwork","Leg Sweep","Terror+1","PiercingWail+1","Parasite"],"relics":["Ring of the Snake","Gambling Chip","Question Card","Velvet Choker","Meat on the Bone","WristBlade","Centennial Puzzle"],"potions_floor_usage":[33,35,50],"damage_taken":[{"damage":2,"enemies":"Small Slimes","floor":1,"turns":4},{"damage":6,"enemies":"Jaw Worm","floor":4,"turns":4},{"damage":30,"enemies":"Gremlin Nob","floor":6,"turns":5},{"damage":0,"enemies":"2 Louse","floor":7,"turns":3},{"damage":0,"enemies":"Large Slime","floor":12,"turns":5},{"damage":8,"enemies":"Exordium Thugs","floor":13,"turns":5},{"damage":4,"enemies":"3 Louse","floor":14,"turns":4},{"damage":16,"enemies":"Hexaghost","floor":16,"turns":12},{"damage":5,"enemies":"3 Byrds","floor":18,"turns":8},{"damage":1,"enemies":"Shell Parasite","floor":20,"turns":5},{"damage":16,"enemies":"3 Cultists","floor":22,"turns":6},{"damage":4,"enemies":"Cultist and Chosen","floor":23,"turns":7},{"damage":19,"enemies":"Sentry and Sphere","floor":25,"turns":6},{"damage":20,"enemies":"Snecko","floor":27,"turns":6},{"damage":16,"enemies":"3 Cultists","floor":29,"turns":5},{"damage":18,"enemies":"Shelled Parasite and Fungi","floor":31,"turns":8},{"damage":26,"enemies":"Champ","floor":33,"turns":14},{"damage":61,"enemies":"3 Darklings","floor":35,"turns":6},{"damage":11,"enemies":"3 Shapes","floor":36,"turns":4},{"damage":24,"enemies":"3 Darklings","floor":42,"turns":7},{"damage":32,"enemies":"Transient","floor":44,"turns":5},{"damage":31,"enemies":"Maw","floor":46,"turns":11},{"damage":3,"enemies":"Writhing Mass","floor":48,"turns":12},{"damage":70,"enemies":"Time Eater","floor":50,"turns":13}],"seed_played":"4223236931480798859","potions_obtained":[{"floor":4,"key":"Regen Potion"},{"floor":6,"key":"SpeedPotion"},{"floor":12,"key":"GhostInAJar"},{"floor":42,"key":"FearPotion"},{"floor":44,"key":"FearPotion"},{"floor":48,"key":"AttackPotion"}],"is_trial":false,"path_per_floor":["M","$","?","M","?","E","M","R","T","?","R","M","M","M","R","B",null,"M","?","M","$","M","M","R","M","T","M","$","M","R","M","R","B",null,"M","M","?","?","$","R","?","M","T","M","R","M","R","M","R","B"],"character_chosen":"THE_SILENT","items_purchased":["Well Laid Plans","Poisoned Stab","Accuracy","Caltrops","Footwork"],"campfire_rested":9,"item_purchase_floors":[2,2,21,28,39],"current_hp_per_floor":[68,68,68,62,62,32,32,53,53,53,53,53,45,41,62,46,70,65,65,64,64,48,44,65,46,46,38,38,34,55,37,58,44,70,35,36,36,54,54,70,70,46,46,26,47,28,49,46,67,0],"gold":121,"neow_bonus":"TRANSFORM_CARD","is_prod":false,"is_daily":false,"chose_seed":false,"campfire_upgraded":1,"win_rate":0,"timestamp":1555645732,"path_taken":["M","$","?","M","?","E","M","R","T","?","R","M","?","M","R","BOSS","M","?","M","$","M","M","R","M","T","M","$","M","R","M","R","BOSS","M","M","?","?","$","R","?","M","T","?","R","M","R","M","R","BOSS"],"build_version":"2019-01-23","purchased_purges":3,"victory":false,"max_hp_per_floor":[70,70,70,70,70,70,70,70,70,70,70,70,70,70,70,70,70,70,70,70,70,70,70,70,70,70,70,70,70,70,70,70,70,70,70,70,70,70,70,70,70,70,70,70,70,70,70,70,70,70],"card_choices":[{"not_picked":["Reflex","Calculated Gamble"],"picked":"Outmaneuver","floor":1},{"not_picked":["Eviscerate","Outmaneuver"],"picked":"Cloak And Dagger","floor":4},{"not_picked":["Poisoned Stab","Glass Knife"],"picked":"Cloak And Dagger","floor":6},{"not_picked":["Expertise","Sucker Punch"],"picked":"Quick Slash","floor":7},{"not_picked":["Heel Hook","PiercingWail","Dagger Throw"],"picked":"Bane","floor":12},{"not_picked":["Cloak And Dagger","Doppelganger","Blade Dance"],"picked":"Dodge and Roll","floor":13},{"not_picked":["Cloak And Dagger","Deflect","Distraction"],"picked":"Skewer","floor":14},{"not_picked":["Tools of the Trade","Die Die Die","Night Terror"],"picked":"Malaise","floor":16},{"not_picked":["Setup","Sucker Punch","Deflect"],"picked":"Backflip+1","floor":18},{"not_picked":["Catalyst","Slice","Expertise+1","Cloak And Dagger+1"],"picked":"SKIP","floor":20},{"not_picked":["Outmaneuver","Bullet Time","Backflip"],"picked":"Dagger Throw+1","floor":22},{"not_picked":["Dodge and Roll","Flying Knee","Concentrate"],"picked":"Footwork+1","floor":23},{"not_picked":["PiercingWail","Caltrops","Slice"],"picked":"Dagger Spray","floor":25},{"not_picked":["Expertise","Outmaneuver","Distraction+1"],"picked":"Blade Dance+1","floor":27},{"not_picked":["Outmaneuver","Deflect","Sucker Punch"],"picked":"Leg Sweep","floor":29},{"not_picked":["Flying Knee","Distraction","Deflect","Blade Dance"],"picked":"SKIP","floor":31},{"not_picked":["Doppelganger","A Thousand Cuts","Burst"],"picked":"Envenom","floor":33},{"not_picked":["Deadly Poison","Bane","Blade Dance"],"picked":"PiercingWail+1","floor":35},{"not_picked":["Deflect","Caltrops","Blade Dance"],"picked":"Leg Sweep+1","floor":36},{"not_picked":["Metamorphosis","Discovery","Thinking Ahead"],"picked":"Enlightenment","floor":37},{"not_picked":["Slice","Blade Dance","Crippling Poison+1"],"picked":"Leg Sweep","floor":42},{"not_picked":["Deflect","Bane","Outmaneuver+1"],"picked":"Terror+1","floor":44},{"not_picked":["Dagger Throw+1","Outmaneuver","Dodge and Roll+1"],"picked":"PiercingWail+1","floor":46},{"not_picked":["Cloak And Dagger+1","Malaise","Escape Plan","Dagger Throw+1"],"picked":"SKIP","floor":48}],"player_experience":141787,"relics_obtained":[{"floor":6,"key":"Gambling Chip"},{"floor":9,"key":"Question Card"},{"floor":26,"key":"Meat on the Bone"},{"floor":43,"key":"Centennial Puzzle"}],"event_choices":[{"damage_healed":0,"gold_gain":0,"player_choice":"Left Gold","damage_taken":0,"max_hp_gain":0,"max_hp_loss":0,"event_name":"World of Goop","floor":3,"gold_loss":19},{"damage_healed":0,"gold_gain":0,"player_choice":"Grow","damage_taken":0,"max_hp_gain":0,"max_hp_loss":0,"event_name":"Living Wall","floor":5,"gold_loss":0,"cards_upgraded":["Cloak And Dagger"]},{"damage_healed":0,"gold_gain":0,"player_choice":"Searched \u00271\u0027 times","damage_taken":0,"max_hp_gain":0,"max_hp_loss":0,"event_name":"Dead Adventurer","floor":10,"gold_loss":0},{"damage_healed":0,"gold_gain":0,"player_choice":"Simplicity","damage_taken":0,"max_hp_gain":0,"max_hp_loss":0,"event_name":"Back to Basics","floor":19,"gold_loss":0,"cards_upgraded":["Defend_G","Defend_G","Defend_G","Defend_G","Strike_G","Strike_G","Strike_G","Strike_G","Strike_G"]},{"damage_healed":0,"gold_gain":0,"player_choice":"Memory 1","damage_taken":0,"max_hp_gain":0,"max_hp_loss":0,"event_name":"SensoryStone","floor":37,"gold_loss":0},{"damage_healed":18,"gold_gain":0,"player_choice":"Writhe","damage_taken":0,"max_hp_gain":0,"max_hp_loss":0,"event_name":"Winding Halls","floor":38,"gold_loss":0,"cards_obtained":["Writhe"]},{"damage_healed":0,"gold_gain":0,"player_choice":"Ignored","damage_taken":0,"max_hp_gain":0,"max_hp_loss":0,"event_name":"Mysterious Sphere","floor":41,"gold_loss":0}],"is_beta":false,"boss_relics":[{"not_picked":["Cursed Key","Orrery"],"picked":"Velvet Choker"},{"not_picked":["Coffee Dripper","White Beast Statue"],"picked":"WristBlade"}],"items_purged_floors":[21,28,39],"is_endless":false,"potions_floor_spawned":[4,6,12,14,18,25,29,31,42,44,48],"killed_by":"Time Eater","ascension_level":0}