{"gold_per_floor":[109,34,34,34,53,53,79,79,150,150,150,169,202,215,215,293,293,263,275,294,294,49,49,74,90,90,105,105,116,142,177,177,252,252,265,265,276,294,310,338,338,349,376,401,24,36,36,63,63,63,63,63,63,10,45,45],"floor_reached":57,"playtime":4548,"items_purged":["Strike_B"],"score":2834,"play_id":"fc51e6d4-7589-4046-b766-f5552a9444a0","local_time":"20190511195930","is_ascension_mode":true,"campfire_choices":[{"data":"Defragment","floor":6,"key":"SMITH"},{"data":"Self Repair","floor":11,"key":"SMITH"},{"data":"Coolheaded","floor":15,"key":"SMITH"},{"data":"Defragment","floor":23,"key":"SMITH"},{"data":"Coolheaded","floor":28,"key":"SMITH"},{"data":"Coolheaded","floor":32,"key":"SMITH"},{"data":"Biased Cognition","floor":41,"key":"SMITH"},{"floor":49,"key":"RECALL"},{"floor":53,"key":"REST"}],"neow_cost":"NONE","seed_source_timestamp":380972882221133,"circlet_count":0,"master_deck":["AscendersBane","Strike_B","Strike_B+1","Strike_B+1","Defend_B","Defend_B","Defend_B","Defend_B+1","Zap+1","Dualcast","Defragment+1","Self Repair+1","Coolheaded+1","Echo Form","All For One","Gash","Gash","Coolheaded+1","Defragment+1","FTL","Biased Cognition+1","Coolheaded+1","Hologram+1","Genetic Algorithm+1","Steam Power+1","Electrodynamics","Genetic Algorithm+1","Coolheaded+1","Undo+1","Hologram+1","Coolheaded+1","Hologram+1","Parasite","Turbo+1","Cold Snap"],"relics":["Cracked Core","Dead Branch","Mango","Pear","Bag of Preparation","Orichalcum","Runic Dome","Bronze Scales","Whetstone","Nunchaku","War Paint","Toxic Egg 2","Black Star","Matryoshka","Blood Vial","Pen Nib","Regal Pillow","Strawberry","Calipers","Sundial","Happy Flower","Kunai","Bottled Flame"],"potions_floor_usage":[18,24,40,56,56],"damage_taken":[{"damage":0,"enemies":"Cultist","floor":1,"turns":3},{"damage":4,"enemies":"Small Slimes","floor":5,"turns":3},{"damage":10,"enemies":"Lagavulin","floor":7,"turns":6},{"damage":4,"enemies":"2 Louse","floor":12,"turns":3},{"damage":35,"enemies":"3 Sentries","floor":13,"turns":7},{"damage":4,"enemies":"2 Fungi Beasts","floor":14,"turns":4},{"damage":31,"enemies":"The Guardian","floor":16,"turns":11},{"damage":8,"enemies":"2 Thieves","floor":18,"turns":4},{"damage":28,"enemies":"3 Byrds","floor":19,"turns":5},{"damage":41,"enemies":"Centurion and Healer","floor":20,"turns":7},{"damage":23,"enemies":"Slavers","floor":24,"turns":3},{"damage":6,"enemies":"Chosen and Byrds","floor":25,"turns":4},{"damage":23,"enemies":"Snake Plant","floor":27,"turns":3},{"damage":3,"enemies":"3 Cultists","floor":29,"turns":4},{"damage":6,"enemies":"Book of Stabbing","floor":31,"turns":5},{"damage":9,"enemies":"Automaton","floor":33,"turns":8},{"damage":8,"enemies":"3 Darklings","floor":35,"turns":3},{"damage":0,"enemies":"Orb Walker","floor":37,"turns":4},{"damage":21,"enemies":"4 Shapes","floor":38,"turns":5},{"damage":0,"enemies":"Maw","floor":39,"turns":7},{"damage":42,"enemies":"Giant Head","floor":40,"turns":8},{"damage":3,"enemies":"Sphere and 2 Shapes","floor":42,"turns":9},{"damage":31,"enemies":"Reptomancer","floor":44,"turns":6},{"damage":0,"enemies":"Writhing Mass","floor":46,"turns":6},{"damage":5,"enemies":"Giant Head","floor":48,"turns":8},{"damage":66,"enemies":"Awakened One","floor":50,"turns":14},{"damage":1,"enemies":"Time Eater","floor":51,"turns":15},{"damage":48,"enemies":"Shield and Spear","floor":55,"turns":8},{"damage":24,"enemies":"The Heart","floor":56,"turns":9}],"seed_played":"7761965098103428697","potions_obtained":[{"floor":5,"key":"AttackPotion"},{"floor":7,"key":"Block Potion"},{"floor":16,"key":"Fire Potion"},{"floor":18,"key":"SkillPotion"},{"floor":19,"key":"GamblersBrew"},{"floor":29,"key":"SteroidPotion"},{"floor":33,"key":"Explosive Potion"},{"floor":42,"key":"Swift Potion"}],"is_trial":false,"path_per_floor":["M","$","T","?","M","R","E","?","T","?","R","M","E","M","R","B",null,"M","M","M","T","$","R","E","M","T","M","R","M","T","E","R","B",null,"M","?","M","M","M","E","R","M","T","E","$","M","$","E","R","B","B",null,"R","$","E","B",null],"character_chosen":"DEFECT","items_purchased":["Defragment","Defragment","FTL","Calipers","Hologram+1","Weak Potion"],"campfire_rested":1,"item_purchase_floors":[2,22,22,45,45,54],"current_hp_per_floor":[64,64,64,69,65,65,69,69,79,79,79,85,70,76,76,65,91,93,85,64,64,64,64,51,65,65,52,52,59,59,63,63,64,91,93,100,100,89,99,67,67,76,76,74,74,96,96,107,107,61,72,98,107,107,79,57],"gold":45,"neow_bonus":"UPGRADE_CARD","is_prod":false,"is_daily":false,"chose_seed":false,"campfire_upgraded":7,"win_rate":0,"timestamp":1557629970,"path_taken":["M","$","?","?","M","R","E","?","T","?","R","M","E","M","R","BOSS","M","?","M","?","$","R","E","M","T","M","R","?","?","E","R","BOSS","M","?","M","M","M","E","R","?","T","E","?","?","$","E","R","BOSS","BOSS","R","$","E","BOSS"],"build_version":"2019-05-07","purchased_purges":1,"victory":true,"max_hp_per_floor":[71,71,71,76,76,76,90,90,100,100,100,100,100,100,100,100,100,100,100,100,100,100,100,100,100,100,100,100,100,100,100,100,100,100,100,100,100,100,100,100,100,100,100,107,107,107,107,107,107,107,107,107,107,107,107,107],"card_choices":[{"not_picked":["Leap","Turbo"],"picked":"Go for the Eyes","floor":1},{"not_picked":["Steam","Reprogram"],"picked":"Auto Shields","floor":5},{"not_picked":["Scrape","Aggregate"],"picked":"Self Repair","floor":7},{"not_picked":["Heatsinks","Fusion","Steam"],"picked":"SKIP","floor":12},{"not_picked":["Steam","Auto Shields"],"picked":"Coolheaded","floor":13},{"not_picked":["Gash","Ball Lightning"],"picked":"Echo Form","floor":14},{"not_picked":["Machine Learning","Multi-Cast"],"picked":"All For One","floor":16},{"not_picked":["Streamline","Chill+1"],"picked":"Gash","floor":18},{"not_picked":["Hologram+1","Darkness+1"],"picked":"Gash","floor":19},{"not_picked":["Leap","Ball Lightning+1"],"picked":"Coolheaded","floor":20},{"not_picked":["Static Discharge","Aggregate"],"picked":"Biased Cognition","floor":24},{"not_picked":["Redo","Aggregate"],"picked":"Coolheaded","floor":25},{"not_picked":["Ball Lightning+1","Blizzard"],"picked":"Hologram","floor":27},{"not_picked":["Static Discharge+1","Conserve Battery"],"picked":"Genetic Algorithm+1","floor":29},{"not_picked":["Sweeping Beam+1","Streamline"],"picked":"Steam Power","floor":31},{"not_picked":["Machine Learning","Amplify+1"],"picked":"Electrodynamics","floor":33},{"not_picked":["Leap+1","Sweeping Beam"],"picked":"Genetic Algorithm+1","floor":35},{"not_picked":["Streamline+1","Turbo+1"],"picked":"Coolheaded+1","floor":37},{"not_picked":["Redo+1","Compile Driver+1","Sweeping Beam"],"picked":"SKIP","floor":38},{"not_picked":["Stack+1","Beam Cell","Sweeping Beam"],"picked":"SKIP","floor":39},{"not_picked":["Hello World","Beam Cell"],"picked":"Undo+1","floor":40},{"not_picked":["Sunder","Streamline"],"picked":"Hologram+1","floor":42},{"not_picked":["Amplify+1","Barrage"],"picked":"Coolheaded+1","floor":44},{"not_picked":["Ball Lightning","Conserve Battery+1","Cold Snap"],"picked":"SKIP","floor":46},{"not_picked":["Melter","Steam+1"],"picked":"Turbo+1","floor":48},{"not_picked":["Leap+1","Reprogram+1"],"picked":"Cold Snap","floor":55}],"player_experience":6384618,"relics_obtained":[{"floor":3,"key":"Dead Branch"},{"floor":7,"key":"Mango"},{"floor":9,"key":"Pear"},{"floor":13,"key":"Orichalcum"},{"floor":21,"key":"Bronze Scales"},{"floor":24,"key":"Whetstone"},{"floor":26,"key":"Nunchaku"},{"floor":30,"key":"War Paint"},{"floor":31,"key":"Toxic Egg 2"},{"floor":40,"key":"Matryoshka"},{"floor":40,"key":"Blood Vial"},{"floor":43,"key":"Pen Nib"},{"floor":44,"key":"Regal Pillow"},{"floor":44,"key":"Strawberry"},{"floor":48,"key":"Sundial"},{"floor":48,"key":"Happy Flower"},{"floor":55,"key":"Kunai"},{"floor":55,"key":"Bottled Flame"}],"event_choices":[{"damage_healed":0,"gold_gain":0,"player_choice":"Donut","damage_taken":0,"max_hp_gain":5,"max_hp_loss":0,"event_name":"Big Fish","floor":4,"gold_loss":0},{"damage_healed":0,"gold_gain":0,"player_choice":"Ignored","damage_taken":0,"max_hp_gain":0,"max_hp_loss":0,"event_name":"Liars Game","floor":8,"gold_loss":0},{"cards_removed":["Go for the Eyes"],"damage_healed":0,"gold_gain":0,"player_choice":"Gave Card","damage_taken":0,"relics_obtained":["Bag of Preparation"],"max_hp_gain":0,"max_hp_loss":0,"event_name":"WeMeetAgain","floor":10,"gold_loss":0},{"cards_removed":["Auto Shields"],"damage_healed":7,"gold_gain":0,"player_choice":"Offered Uncommon","damage_taken":0,"max_hp_gain":0,"max_hp_loss":0,"event_name":"Bonfire Elementals","floor":36,"gold_loss":0}],"is_beta":true,"boss_relics":[{"not_picked":["Ectoplasm","Eternal Feather"],"picked":"Runic Dome"},{"not_picked":["Tiny House","Cursed Key"],"picked":"Black Star"}],"items_purged_floors":[22],"is_endless":false,"potions_floor_spawned":[5,7,16,18,19,29,31,33,35,38,42,44],"ascension_level":20}