{"gold_per_floor":[366,366,56,68,81,81,99,99,99,127,24,24,24,41,41,41],"floor_reached":16,"playtime":505,"items_purged":["Strike_G"],"score":200,"play_id":"04657bf9-fa1d-4d6e-ac1e-dcaf57aeb6d1","local_time":"20190415144542","is_ascension_mode":true,"campfire_choices":[{"data":"Caltrops","floor":6,"key":"SMITH"},{"data":"Secret Technique","floor":8,"key":"SMITH"},{"data":"Poisoned Stab","floor":13,"key":"SMITH"},{"data":"Poisoned Stab","floor":15,"key":"SMITH"}],"neow_cost":"TEN_PERCENT_HP_LOSS","seed_source_timestamp":1491259428480557,"circlet_count":0,"master_deck":["AscendersBane","Defend_G","Defend_G","Defend_G","Defend_G","Defend_G","Strike_G","Strike_G","Strike_G","Strike_G","Survivor","Neutralize+1","Poisoned Stab+1","Caltrops+1","Poisoned Stab+1","Secret Technique+1","Deflect","Dodge and Roll+1","Prepared+1","Calculated Gamble+1"],"relics":["Ring of the Snake","Paper Crane","Toxic Egg 2"],"potions_floor_usage":[10,16],"damage_taken":[{"damage":7,"enemies":"Jaw Worm","floor":1,"turns":5},{"damage":1,"enemies":"Cultist","floor":4,"turns":4},{"damage":0,"enemies":"2 Louse","floor":5,"turns":2},{"damage":3,"enemies":"Blue Slaver","floor":7,"turns":4},{"damage":13,"enemies":"3 Sentries","floor":10,"turns":9},{"damage":3,"enemies":"Large Slime","floor":14,"turns":6},{"damage":34,"enemies":"Slime Boss","floor":16,"turns":3}],"seed_played":"3407794300420871152","potions_obtained":[{"floor":4,"key":"EssenceOfSteel"},{"floor":5,"key":"SkillPotion"},{"floor":7,"key":"Fire Potion"}],"is_trial":false,"path_per_floor":["M","?","$","M","M","R","M","R","T","E","$","?","R","M","R","B"],"character_chosen":"THE_SILENT","items_purchased":["Caltrops","Poisoned Stab","Secret Technique","Prepared+1"],"campfire_rested":0,"item_purchase_floors":[3,3,3,11],"current_hp_per_floor":[52,52,52,51,51,51,48,48,48,35,35,35,35,32,32,0],"gold":41,"neow_bonus":"TWO_FIFTY_GOLD","is_prod":false,"is_daily":false,"chose_seed":false,"campfire_upgraded":4,"win_rate":0,"timestamp":1555307142,"path_taken":["M","?","$","M","M","R","M","R","T","E","?","?","R","M","R","BOSS"],"build_version":"2019-01-23","purchased_purges":1,"victory":false,"max_hp_per_floor":[60,60,60,60,60,60,60,60,60,60,60,60,60,60,60,60],"card_choices":[{"not_picked":["Infinite Blades","Bane"],"picked":"Poisoned Stab","floor":1},{"not_picked":["Acrobatics","Underhanded Strike","Caltrops"],"picked":"SKIP","floor":4},{"not_picked":["Predator","Tactician"],"picked":"Deflect","floor":5},{"not_picked":["Dagger Throw","Concentrate","Setup"],"picked":"SKIP","floor":7},{"not_picked":["Outmaneuver","Doppelganger"],"picked":"Dodge and Roll","floor":10},{"not_picked":["Sucker Punch","Slice"],"picked":"Calculated Gamble+1","floor":14}],"player_experience":933798,"relics_obtained":[{"floor":9,"key":"Paper Crane"},{"floor":10,"key":"Toxic Egg 2"}],"event_choices":[{"damage_healed":0,"gold_gain":0,"player_choice":"Upgraded","damage_taken":0,"max_hp_gain":0,"max_hp_loss":0,"event_name":"Upgrade Shrine","floor":2,"gold_loss":0,"cards_upgraded":["Neutralize"]},{"damage_healed":0,"gold_gain":0,"player_choice":"Leave","damage_taken":0,"max_hp_gain":0,"max_hp_loss":0,"event_name":"The Cleric","floor":12,"gold_loss":0}],"is_beta":false,"boss_relics":[],"items_purged_floors":[11],"is_endless":false,"potions_floor_spawned":[4,5,7],"killed_by":"Slime Boss","ascension_level":20}