{"path_per_floor":["M","?","M","M","M","E","R","E","T","R","M","M","E","M","R","B",null,"M","$","?","$","?","R","?","E","T","$","M","M","R","M","R","B",null,"M","?","?","M","M","R","M","R","T","?","T","E","R","M","R"],"character_chosen":"IRONCLAD","items_purchased":["Ghostly Armor","Matryoshka"],"gold_per_floor":[114,114,134,144,162,195,195,225,225,225,236,254,284,295,295,393,393,408,3,3,3,3,3,3,38,38,38,56,68,68,82,82,186,186,203,203,203,216,226,226,238,238,238,238,264,293,293,305,305,305],"floor_reached":50,"campfire_rested":2,"playtime":5320,"item_purchase_floors":[19,19],"current_hp_per_floor":[80,73,79,80,77,73,73,43,43,43,50,55,57,64,64,63,80,80,80,80,80,80,80,80,70,70,70,61,66,66,73,73,32,94,90,78,94,94,62,62,43,72,72,72,72,64,64,69,99,0],"items_purged":["Bash"],"gold":305,"score":537,"play_id":"c66abba6-346c-40e6-92f5-688754c660ce","local_time":"20180526233534","is_prod":false,"is_daily":false,"chose_seed":false,"is_ascension_mode":false,"campfire_upgraded":8,"win_rate":0.0,"timestamp":1527395734,"campfire_choices":[{"data":"Shockwave","floor":7,"key":"SMITH"},{"data":"Whirlwind","floor":10,"key":"SMITH"},{"data":"Combust","floor":15,"key":"SMITH"},{"data":"Infernal Blade","floor":23,"key":"SMITH"},{"data":"Flame Barrier","floor":30,"key":"SMITH"},{"data":"Infernal Blade","floor":32,"key":"SMITH"},{"data":"Feed","floor":40,"key":"SMITH"},{"floor":42,"key":"REST"},{"data":"Carnage","floor":47,"key":"SMITH"},{"floor":49,"key":"REST"}],"path_taken":["M","?","M","M","M","E","R","E","T","R","M","M","E","M","R","BOSS","M","$","?","$","?","R","?","E","T","?","M","M","R","M","R","BOSS","M","?","?","M","M","R","M","R","T","?","?","E","R","M","R","BOSS"],"build_version":"2018-05-24","seed_source_timestamp":340859312618573,"purchased_purges":1,"victory":false,"master_deck":["Strike_R","Strike_R","Strike_R","Defend_R","Defend_R","Defend_R","Shockwave+1","Thunderclap","Combust+1","Shrug It Off","Whirlwind+1","Warcry","Infernal Blade+1","Pummel","Rage","Shrug It Off","Berserk","Carnage+1","Ghostly Armor","Flame Barrier+1","Inflame","Cleave","Intimidate+1","Infernal Blade+1","Feed+1","Flex","Madness","Madness","Combust+1","Iron Wave+1","Dual Wield+1","Heavy Blade+1","Heavy Blade+1"],"max_hp_per_floor":[80,80,80,80,80,80,80,80,80,80,80,80,80,80,80,80,80,80,80,80,80,80,80,80,94,94,94,94,94,94,94,94,94,94,94,94,94,94,94,94,98,98,98,98,98,98,98,102,102,106],"relics":["Burning Blood","Bag of Preparation","Anchor","Orichalcum","Blood Vial","Meat on the Bone","Sozu","Matryoshka","Mango","Bag of Marbles","Black Star","Molten Egg 2","Oddly Smooth Stone","Happy Flower","Torii","Bird Faced Urn"],"card_choices":[{"not_picked":["Heavy Blade","Clash"],"picked":"Shockwave","floor":1},{"not_picked":["Spot Weakness","True Grit"],"picked":"Thunderclap","floor":3},{"not_picked":["Corruption","Anger"],"picked":"Combust","floor":4},{"not_picked":["Twin Strike","Cleave"],"picked":"Shrug It Off","floor":5},{"not_picked":["Heavy Blade","Brutality"],"picked":"Whirlwind","floor":6},{"not_picked":["Headbutt","Anger"],"picked":"Warcry","floor":8},{"not_picked":["Warcry","Spot Weakness"],"picked":"Infernal Blade","floor":11},{"not_picked":["Clash","Perfected Strike"],"picked":"Pummel","floor":12},{"not_picked":["Headbutt","Bludgeon"],"picked":"Rage","floor":13},{"not_picked":["True Grit","Clothesline"],"picked":"Shrug It Off","floor":14},{"not_picked":["Dark Embrace","Bludgeon"],"picked":"Berserk","floor":16},{"not_picked":["Corruption","Power Through"],"picked":"Carnage","floor":18},{"not_picked":["Berserk","Clash"],"picked":"Inflame","floor":25},{"not_picked":["Thunderclap","Combust"],"picked":"Cleave","floor":28},{"not_picked":["Thunderclap","Spot Weakness"],"picked":"Intimidate+1","floor":29},{"not_picked":["Pommel Strike","Shrug It Off"],"picked":"Infernal Blade","floor":31},{"not_picked":["Bludgeon","Juggernaut"],"picked":"Feed","floor":33},{"not_picked":["Sword Boomerang","Armaments"],"picked":"Flex","floor":35},{"not_picked":["Perfected Strike","Barricade"],"picked":"Combust+1","floor":38},{"not_picked":["Thunderclap","Rampage+1"],"picked":"Iron Wave+1","floor":39},{"not_picked":["Iron Wave","Rage+1"],"picked":"Dual Wield+1","floor":41},{"not_picked":["Berserk","Rage"],"picked":"Heavy Blade+1","floor":46},{"not_picked":["Sword Boomerang+1","Anger+1"],"picked":"Heavy Blade+1","floor":48}],"player_experience":10004,"potions_floor_usage":[6,6,14,14,28],"damage_taken":[{"damage":1,"enemies":"Cultist","floor":1,"turns":4},{"damage":0,"enemies":"2 Louse","floor":3,"turns":3},{"damage":3,"enemies":"Jaw Worm","floor":4,"turns":4},{"damage":9,"enemies":"Looter","floor":5,"turns":4},{"damage":10,"enemies":"3 Sentries","floor":6,"turns":4},{"damage":36,"enemies":"Gremlin Nob","floor":8,"turns":5},{"damage":1,"enemies":"Blue Slaver","floor":11,"turns":3},{"damage":3,"enemies":"3 Louse","floor":12,"turns":2},{"damage":6,"enemies":"3 Sentries","floor":13,"turns":3},{"damage":1,"enemies":"Exordium Wildlife","floor":14,"turns":3},{"damage":9,"enemies":"Slime Boss","floor":16,"turns":7},{"damage":6,"enemies":"Spheric Guardian","floor":18,"turns":3},{"damage":30,"enemies":"Gremlin Leader","floor":25,"turns":5},{"damage":17,"enemies":"Chosen","floor":28,"turns":3},{"damage":3,"enemies":"Snake Plant","floor":29,"turns":3},{"damage":1,"enemies":"3 Cultists","floor":31,"turns":2},{"damage":61,"enemies":"Collector","floor":33,"turns":11},{"damage":10,"enemies":"3 Darklings","floor":35,"turns":4},{"damage":0,"enemies":"Orb Walker","floor":38,"turns":2},{"damage":38,"enemies":"Maw","floor":39,"turns":9},{"damage":43,"enemies":"Sphere and 2 Shapes","floor":41,"turns":8},{"damage":40,"enemies":"Nemesis","floor":46,"turns":9},{"damage":7,"enemies":"4 Shapes","floor":48,"turns":2},{"damage":115,"enemies":"Awakened One","floor":50,"turns":11}],"relics_obtained":[{"floor":6,"key":"Anchor"},{"floor":8,"key":"Orichalcum"},{"floor":9,"key":"Blood Vial"},{"floor":13,"key":"Meat on the Bone"},{"floor":25,"key":"Mango"},{"floor":26,"key":"Bag of Marbles"},{"floor":43,"key":"Molten Egg 2"},{"floor":43,"key":"Oddly Smooth Stone"},{"floor":45,"key":"Happy Flower"},{"floor":46,"key":"Torii"},{"floor":46,"key":"Bird Faced Urn"}],"event_choices":[{"event_name":"Golden Wing","player_choice":"Card Removal","floor":2,"damage_taken":0},{"event_name":"Addict","player_choice":"Ignored","floor":20,"damage_taken":0},{"event_name":"The Library","player_choice":"Read","floor":22,"damage_taken":0},{"event_name":"Transmorgrifier","player_choice":"Transform","floor":24,"damage_taken":0},{"event_name":"Winding Halls","player_choice":"Embrace Madness","floor":36,"damage_taken":0},{"event_name":"Bonfire Elementals","player_choice":"UNCOMMON","floor":37,"damage_taken":0}],"boss_relics":[{"not_picked":["Black Blood","Orrery"],"picked":"Sozu"},{"not_picked":["White Beast Statue","Eternal Feather"],"picked":"Black Star"}],"items_purged_floors":[19],"potions_floor_spawned":[3,4,8,11,13,25,31,33,38,41,48],"seed_played":"1788674161757527447","killed_by":"Awakened One","ascension_level":0,"potions_obtained":[{"floor":3,"key":"Explosive Potion"},{"floor":4,"key":"SteroidPotion"},{"floor":8,"key":"GamblersBrew"},{"floor":11,"key":"Block Potion"},{"floor":13,"key":"Fire Potion"}],"is_trial":false}