{"gold_per_floor":[12,27,27,47,47,47,47,66,145,145,157,157,186,201,201,297,297,313,238,163,183,194,227,227,257,557,557,557,557,557,567,567,567],"floor_reached":33,"playtime":1042,"items_purged":["Searing Blow+1"],"score":285,"play_id":"fb895b1a-4a72-48ec-ac23-70eb21ca7038","local_time":"20180809003252","is_ascension_mode":false,"campfire_choices":[{"data":"Flex","floor":6.0,"key":"SMITH"},{"data":"Perfected Strike","floor":10.0,"key":"SMITH"},{"data":"Thunderclap","floor":15.0,"key":"SMITH"},{"floor":24.0,"key":"REST"},{"floor":27.0,"key":"REST"},{"data":"Seeing Red","floor":29.0,"key":"SMITH"},{"data":"Double Tap","floor":32.0,"key":"SMITH"}],"neow_cost":"NO_GOLD","seed_source_timestamp":5746704893491,"circlet_count":0,"master_deck":["Strike_R","Strike_R","Strike_R","Strike_R","Strike_R+1","Wild Strike+1","Flex+1","Perfected Strike+1","Thunderclap+1","Warcry","Immolate+1","Ghostly Armor+1","Seeing Red+1","Dropkick","Dropkick+1","Double Tap+1"],"special_seed":0,"relics":["Burning Blood","Dead Branch","Ornamental Fan","Pen Nib","Astrolabe","Whetstone","Shovel","Old Coin"],"potions_floor_usage":[33],"damage_taken":[{"damage":6.0,"enemies":"Cultist","floor":1.0,"turns":3.0},{"damage":11.0,"enemies":"Jaw Worm","floor":2.0,"turns":2.0},{"damage":5.0,"enemies":"Small Slimes","floor":4.0,"turns":4.0},{"damage":12.0,"enemies":"Exordium Thugs","floor":8.0,"turns":4.0},{"damage":14.0,"enemies":"3 Louse","floor":11.0,"turns":3.0},{"damage":8.0,"enemies":"3 Sentries","floor":13.0,"turns":4.0},{"damage":1.0,"enemies":"2 Fungi Beasts","floor":14.0,"turns":2.0},{"damage":41.0,"enemies":"Hexaghost","floor":16.0,"turns":7.0},{"damage":19.0,"enemies":"3 Byrds","floor":18.0,"turns":4.0},{"damage":22.0,"enemies":"Shell Parasite","floor":21.0,"turns":3.0},{"damage":21.0,"enemies":"Snake Plant","floor":22.0,"turns":2.0},{"damage":42.0,"enemies":"Gremlin Leader","floor":23.0,"turns":4.0},{"damage":30.0,"enemies":"Slavers","floor":25.0,"turns":4.0},{"damage":9.0,"enemies":"Sentry and Sphere","floor":31.0,"turns":4.0},{"damage":78,"enemies":"Automaton","floor":33,"turns":6}],"seed_played":"5187669108537855186","potions_obtained":[{"floor":4.0,"key":"Poison Potion"},{"floor":11.0,"key":"Block Potion"},{"floor":14.0,"key":"Energy Potion"},{"floor":16.0,"key":"SteroidPotion"},{"floor":18.0,"key":"FairyPotion"},{"floor":23.0,"key":"Swift Potion"},{"floor":31.0,"key":"Energy Potion"}],"is_trial":false,"path_per_floor":["M","M","$","M","?","R","$","M","T","R","M","?","E","M","R","B",null,"M","$","?","M","M","E","R","E","T","R","?","R","?","M","R"],"character_chosen":"IRONCLAD","items_purchased":[],"campfire_rested":2,"item_purchase_floors":[],"current_hp_per_floor":[80,75,75,76,76,76,76,70,70,70,62,62,60,65,65,30,80,67,67,67,51,36,14,38,14,14,38,64,64,64,61,61,0],"gold":567,"neow_bonus":"ONE_RARE_RELIC","is_prod":false,"is_daily":false,"chose_seed":false,"campfire_upgraded":5,"win_rate":0,"timestamp":1533745972,"path_taken":["M","M","$","M","?","R","?","M","T","R","M","?","E","M","R","BOSS","M","$","?","M","?","E","R","E","T","R","?","R","?","M","R","BOSS"],"build_version":"2018-08-02","purchased_purges":1,"victory":false,"max_hp_per_floor":[80,80,80,80,80,80,80,80,80,80,80,80,80,80,80,80,80,80,80,80,80,80,80,80,80,80,80,80,80,80,80,80,80],"card_choices":[{"not_picked":["Twin Strike","Sword Boomerang"],"picked":"Wild Strike","floor":1.0},{"not_picked":["Shockwave","Flame Barrier"],"picked":"Flex","floor":2.0},{"not_picked":["Intimidate","Twin Strike","Second Wind"],"picked":"SKIP","floor":4.0},{"not_picked":["Twin Strike","Havoc"],"picked":"Perfected Strike","floor":8.0},{"not_picked":["Wild Strike","Heavy Blade"],"picked":"Thunderclap","floor":11.0},{"not_picked":["Shockwave","Infernal Blade","Reckless Charge"],"picked":"SKIP","floor":13.0},{"not_picked":["Inflame","Havoc","Iron Wave"],"picked":"SKIP","floor":14.0},{"not_picked":["Shrug It Off","Evolve"],"picked":"Seeing Red","floor":18.0},{"not_picked":["Dual Wield","Sword Boomerang","Infernal Blade"],"picked":"SKIP","floor":21.0},{"not_picked":["Sword Boomerang+1","Clash","Shrug It Off"],"picked":"SKIP","floor":22.0},{"not_picked":["Combust","Searing Blow"],"picked":"Dropkick","floor":23.0},{"not_picked":["Cleave","Perfected Strike"],"picked":"Dropkick+1","floor":25.0},{"not_picked":["Metallicize+1","Headbutt"],"picked":"Double Tap","floor":31.0}],"player_experience":294106,"relics_obtained":[{"floor":9.0,"key":"Ornamental Fan"},{"floor":13.0,"key":"Pen Nib"},{"floor":23.0,"key":"Whetstone"},{"floor":25.0,"key":"Shovel"},{"floor":26.0,"key":"Old Coin"}],"event_choices":[{"event_name":"The Cleric","player_choice":"Leave","floor":5.0,"damage_taken":0.0},{"event_name":"Transmorgrifier","player_choice":"Transform","floor":12.0,"damage_taken":0.0},{"event_name":"Beggar","player_choice":"Gave Gold","floor":20.0,"damage_taken":0.0},{"event_name":"The Library","player_choice":"Heal","floor":28.0,"damage_taken":0.0},{"event_name":"Vampires","player_choice":"Ignored","floor":30.0,"damage_taken":0.0}],"is_beta":false,"boss_relics":[{"not_picked":["Orrery","Snecko Eye"],"picked":"Astrolabe"}],"items_purged_floors":[19],"is_endless":false,"potions_floor_spawned":[4,11,14,16,18,23,31],"killed_by":"Automaton","ascension_level":0}