{"gold_per_floor":[113,113,113,38,54,54,54,68,68,68,85,96,114,114,114,213,213,229,229,129,143,143,143,154,29,29,45,245,260,280,56,56,56],"floor_reached":33,"playtime":989,"items_purged":["Defend_R","Strike_R","Defend_R+1"],"score":264,"play_id":"0ad0a867-1375-486b-9807-5d8af0ff4962","local_time":"20181214172247","is_ascension_mode":false,"campfire_choices":[{"data":"Bash","floor":6,"key":"SMITH"},{"data":"Strike_R","floor":10,"key":"SMITH"},{"data":"Strike_R","floor":15,"key":"SMITH"},{"data":"Defend_R","floor":23,"key":"SMITH"},{"floor":32,"key":"REST"}],"neow_cost":"NONE","seed_source_timestamp":1353843747371855,"circlet_count":0,"master_deck":["Strike_R+1","Strike_R+1","Strike_R+1","Defend_R+1","Defend_R+1","Bash+1"],"relics":["Burning Blood","War Paint","Pocketwatch","Ornamental Fan","Mark of Pain","Pear","Membership Card"],"potions_floor_usage":[16,16,16,33,33,33],"damage_taken":[{"damage":6,"enemies":"2 Louse","floor":1,"turns":2},{"damage":3,"enemies":"Jaw Worm","floor":5,"turns":3},{"damage":0,"enemies":"Cultist","floor":8,"turns":3},{"damage":12,"enemies":"Looter","floor":11,"turns":3},{"damage":5,"enemies":"2 Fungi Beasts","floor":12,"turns":3},{"damage":31,"enemies":"Exordium Thugs","floor":13,"turns":4},{"damage":38,"enemies":"Hexaghost","floor":16,"turns":8},{"damage":12,"enemies":"Shell Parasite","floor":18,"turns":4},{"damage":14,"enemies":"Spheric Guardian","floor":21,"turns":4},{"damage":8,"enemies":"Centurion and Healer","floor":24,"turns":6},{"damage":23,"enemies":"3 Cultists","floor":27,"turns":7},{"damage":3,"enemies":"Snecko","floor":29,"turns":4},{"damage":21,"enemies":"Chosen and Byrds","floor":30,"turns":5},{"damage":83,"enemies":"Collector","floor":33,"turns":5}],"seed_played":"-7899658926451952270","potions_obtained":[{"floor":5,"key":"SmokeBomb"},{"floor":11,"key":"Block Potion"},{"floor":12,"key":"SteroidPotion"},{"floor":13,"key":"SteroidPotion"},{"floor":27,"key":"SteroidPotion"},{"floor":30,"key":"Block Potion"}],"is_trial":false,"path_per_floor":["M","?","T","$","M","R","$","M","T","R","M","M","M","?","R","B",null,"M","?","$","M","?","R","M","$","T","M","?","M","M","$","R","B"],"character_chosen":"IRONCLAD","items_purchased":["Membership Card","Poison Potion"],"campfire_rested":1,"item_purchase_floors":[31,31],"current_hp_per_floor":[80,85,85,85,85,85,85,85,85,85,79,80,55,55,55,23,85,79,79,79,71,71,71,69,69,79,62,62,65,50,50,78,0],"gold":56,"neow_bonus":"REMOVE_CARD","is_prod":false,"is_daily":false,"chose_seed":false,"campfire_upgraded":4,"win_rate":0,"timestamp":1544775767,"path_taken":["M","?","?","$","M","R","$","M","T","R","M","?","M","?","R","BOSS","M","?","$","M","?","R","?","?","T","M","?","M","M","$","R","BOSS"],"build_version":"2018-12-13","purchased_purges":3,"victory":false,"max_hp_per_floor":[80,85,85,85,85,85,85,85,85,85,85,85,85,85,85,85,85,85,85,85,85,85,85,85,85,95,95,95,95,95,95,95,95],"card_choices":[{"not_picked":["Body Slam","Heavy Blade","Dropkick"],"picked":"SKIP","floor":1},{"not_picked":["Perfected Strike","Spot Weakness","Second Wind"],"picked":"SKIP","floor":5},{"not_picked":["Clothesline","Feel No Pain","True Grit"],"picked":"SKIP","floor":8},{"not_picked":["Clothesline","Anger","Wild Strike"],"picked":"SKIP","floor":11},{"not_picked":["Flame Barrier","Havoc","Pommel Strike"],"picked":"SKIP","floor":12},{"not_picked":["Rupture","True Grit","Uppercut"],"picked":"SKIP","floor":13},{"not_picked":["Clothesline","Twin Strike+1","Warcry"],"picked":"SKIP","floor":18},{"not_picked":["Disarm","Battle Trance","Body Slam"],"picked":"SKIP","floor":21},{"not_picked":["Cleave","Shrug It Off","Pommel Strike"],"picked":"SKIP","floor":24},{"not_picked":["Iron Wave+1","Fire Breathing","Heavy Blade"],"picked":"SKIP","floor":27},{"not_picked":["Iron Wave","Perfected Strike","Pummel"],"picked":"SKIP","floor":29},{"not_picked":["True Grit","Spot Weakness+1","Armaments"],"picked":"SKIP","floor":30}],"player_experience":193741,"relics_obtained":[{"floor":3,"key":"War Paint"},{"floor":9,"key":"Pocketwatch"},{"floor":26,"key":"Pear"}],"event_choices":[{"damage_healed":0,"gold_gain":0,"player_choice":"Donut","damage_taken":0,"max_hp_gain":5,"max_hp_loss":0,"event_name":"Big Fish","floor":2,"gold_loss":0},{"damage_healed":0,"gold_gain":0,"player_choice":"Searched \u00271\u0027 times","damage_taken":0,"relics_obtained":["Ornamental Fan"],"max_hp_gain":0,"max_hp_loss":0,"event_name":"Dead Adventurer","floor":14,"gold_loss":0},{"damage_healed":0,"gold_gain":0,"player_choice":"Ignored","damage_taken":0,"max_hp_gain":0,"max_hp_loss":0,"event_name":"The Mausoleum","floor":19,"gold_loss":0},{"damage_healed":0,"gold_gain":0,"player_choice":"Forge","damage_taken":0,"max_hp_gain":0,"max_hp_loss":0,"event_name":"Accursed Blacksmith","floor":22,"gold_loss":0,"cards_upgraded":["Strike_R"]},{"damage_healed":0,"gold_gain":200,"player_choice":"Gold","damage_taken":0,"max_hp_gain":0,"max_hp_loss":0,"event_name":"Wheel of Change","floor":28,"gold_loss":0}],"is_beta":false,"boss_relics":[{"not_picked":["Tiny House","Philosopher\u0027s Stone"],"picked":"Mark of Pain"}],"items_purged_floors":[4,20,25],"is_endless":false,"potions_floor_spawned":[5,11,12,13,27,30],"killed_by":"Collector","ascension_level":0}