{"gold_per_floor":[118,43,93,106,125,125,200,226,226,226,15,66,66,80,80,80],"floor_reached":16,"playtime":426,"items_purged":["Strike_G"],"score":196,"play_id":"9dd3fe82-fed2-4b8d-ba8f-5e92a0aa67ba","local_time":"20190406135035","is_ascension_mode":true,"campfire_choices":[{"floor":13,"key":"REST"},{"data":"All Out Attack","floor":15,"key":"SMITH"}],"neow_cost":"NONE","seed_source_timestamp":710425930955463,"circlet_count":0,"master_deck":["AscendersBane","Defend_G","Defend_G","Defend_G","Defend_G","Defend_G","Strike_G","Strike_G","Strike_G","Survivor","Neutralize+1","All Out Attack+1","Dash","Quick Slash","Flying Knee"],"relics":["Ring of the Snake","NeowsBlessing","Turnip","Blue Candle","PreservedInsect"],"potions_floor_usage":[8,16,16],"damage_taken":[{"damage":0,"enemies":"Small Slimes","floor":1,"turns":1},{"damage":0,"enemies":"Cultist","floor":4,"turns":1},{"damage":0,"enemies":"2 Louse","floor":5,"turns":1},{"damage":34,"enemies":"Gremlin Nob","floor":8,"turns":5},{"damage":0,"enemies":"Blue Slaver","floor":14,"turns":4},{"damage":41,"enemies":"Hexaghost","floor":16,"turns":11}],"seed_played":"4350511418964979700","potions_obtained":[{"floor":4,"key":"Explosive Potion"},{"floor":5,"key":"SmokeBomb"},{"floor":8,"key":"Weak Potion"}],"is_trial":false,"path_per_floor":["M","?","?","M","M","?","?","E","T","?","$","T","R","M","R","B"],"character_chosen":"THE_SILENT","items_purchased":["LiquidBronze","PowerPotion"],"campfire_rested":1,"item_purchase_floors":[11,11],"current_hp_per_floor":[59,59,59,59,59,59,48,14,14,14,14,14,33,33,33,0],"gold":80,"neow_bonus":"THREE_ENEMY_KILL","is_prod":false,"is_daily":false,"chose_seed":false,"campfire_upgraded":1,"win_rate":0,"timestamp":1554526235,"path_taken":["M","?","?","M","?","?","?","E","T","?","?","?","R","M","R","BOSS"],"build_version":"2019-01-23","purchased_purges":1,"victory":false,"max_hp_per_floor":[66,66,66,66,66,66,66,66,66,66,66,66,66,66,66,66],"card_choices":[{"not_picked":["Outmaneuver","Backstab"],"picked":"All Out Attack","floor":1},{"not_picked":["Blade Dance","Prepared"],"picked":"Dash","floor":4},{"not_picked":["Dagger Spray","PiercingWail"],"picked":"Quick Slash","floor":5},{"not_picked":["Distraction","Setup","Dagger Throw"],"picked":"SKIP","floor":8},{"not_picked":["Heel Hook","Backstab"],"picked":"Flying Knee","floor":14}],"player_experience":842320,"relics_obtained":[{"floor":8,"key":"Turnip"},{"floor":9,"key":"Blue Candle"},{"floor":12,"key":"PreservedInsect"}],"event_choices":[{"cards_removed":["Strike_G"],"damage_healed":0,"gold_gain":0,"player_choice":"Card Removal","damage_taken":0,"max_hp_gain":0,"max_hp_loss":0,"event_name":"The Cleric","floor":2,"gold_loss":75},{"damage_healed":0,"gold_gain":50,"player_choice":"Pray","damage_taken":0,"max_hp_gain":0,"max_hp_loss":0,"event_name":"Golden Shrine","floor":3,"gold_loss":0},{"damage_healed":0,"gold_gain":0,"player_choice":"Grow","damage_taken":0,"max_hp_gain":0,"max_hp_loss":0,"event_name":"Living Wall","floor":6,"gold_loss":0,"cards_upgraded":["Neutralize"]},{"damage_healed":0,"gold_gain":75,"player_choice":"Gather Gold","damage_taken":11,"max_hp_gain":0,"max_hp_loss":0,"event_name":"World of Goop","floor":7,"gold_loss":0},{"damage_healed":0,"gold_gain":0,"player_choice":"Ignored","damage_taken":0,"max_hp_gain":0,"max_hp_loss":0,"event_name":"Liars Game","floor":10,"gold_loss":0}],"is_beta":false,"boss_relics":[],"items_purged_floors":[11],"is_endless":false,"potions_floor_spawned":[4,5,8],"killed_by":"Hexaghost","ascension_level":20}