{"gold_per_floor":[114,128,60,71,71,71,104,115,115,115,40,40,40,57,57,156,156,167,82,29,29,43,43,43,63,63,63,74,74,74,74,74,170,170,183,83,83,83,183,209,209,209,209,228,35,52,52,66,66,66],"floor_reached":51,"playtime":970,"items_purged":["Strike_R","Strike_R","Strike_R"],"score":671,"play_id":"f7e9c8fa-e561-4bdd-9653-d9418f2b8a76","local_time":"20181215153931","is_ascension_mode":false,"campfire_choices":[{"data":"Body Slam","floor":6.0,"key":"SMITH"},{"data":"Whirlwind","floor":10.0,"key":"SMITH"},{"data":"Spot Weakness","floor":15.0,"key":"SMITH"},{"data":"Armaments","floor":23.0,"key":"SMITH"},{"data":"Immolate","floor":27.0,"key":"SMITH"},{"data":"Flex","floor":30.0,"key":"SMITH"},{"floor":32.0,"key":"REST"},{"floor":41.0,"key":"REST"},{"data":"Heavy Blade","floor":49,"key":"SMITH"}],"neow_cost":"NONE","seed_source_timestamp":1434046293366283,"circlet_count":0,"master_deck":["Strike_R","Strike_R","Defend_R","Defend_R","Bash","Body Slam+1","Ghostly Armor","Twin Strike","Ghostly Armor","Whirlwind+1","Spot Weakness+1","Immolate+1","Flex+1","Armaments+1","Spot Weakness+1","Necronomicurse","Fiend Fire","Heavy Blade+1","Double Tap"],"special_seed":0,"relics":["Burning Blood","NeowsBlessing","Art of War","Self Forming Clay","Sozu","Mummified Hand","Oddly Smooth Stone","Necronomicon","Cursed Key","Prayer Wheel","Blue Candle"],"potions_floor_usage":[],"damage_taken":[{"damage":0.0,"enemies":"Cultist","floor":1.0,"turns":1.0},{"damage":0.0,"enemies":"Jaw Worm","floor":2.0,"turns":1.0},{"damage":0.0,"enemies":"Small Slimes","floor":4.0,"turns":1.0},{"damage":28.0,"enemies":"Gremlin Nob","floor":7.0,"turns":5.0},{"damage":0.0,"enemies":"2 Fungi Beasts","floor":8.0,"turns":3.0},{"damage":7.0,"enemies":"Blue Slaver","floor":14.0,"turns":2.0},{"damage":54.0,"enemies":"Hexaghost","floor":16.0,"turns":9.0},{"damage":17.0,"enemies":"2 Thieves","floor":18.0,"turns":3.0},{"damage":14.0,"enemies":"Shell Parasite","floor":22.0,"turns":3.0},{"damage":0.0,"enemies":"Cultist and Chosen","floor":25.0,"turns":4.0},{"damage":21.0,"enemies":"Snake Plant","floor":28.0,"turns":3.0},{"damage":68.0,"enemies":"Collector","floor":33.0,"turns":7.0},{"damage":29.0,"enemies":"3 Shapes","floor":35.0,"turns":4.0},{"damage":0.0,"enemies":"Mind Bloom Boss Battle","floor":39.0,"turns":3.0},{"damage":18.0,"enemies":"Nemesis","floor":40.0,"turns":3.0},{"damage":3,"enemies":"3 Darklings","floor":44,"turns":2},{"damage":6,"enemies":"4 Shapes","floor":46,"turns":1},{"damage":10,"enemies":"Spire Growth","floor":48,"turns":3},{"damage":74,"enemies":"Donu and Deca","floor":50,"turns":6}],"seed_played":"-6534218657332193573","potions_obtained":[{"floor":1.0,"key":"FairyPotion"},{"floor":4.0,"key":"Fruit Juice"}],"is_trial":false,"path_per_floor":["M","M","$","M","?","R","E","M","T","R","$","?","$","M","R","B",null,"M","?","$","?","M","R","?","M","T","R","M","$","R","?","R","B",null,"M","$","?","?","?","E","R","?","T","M","$","M","$","M","R","B",null],"character_chosen":"IRONCLAD","items_purchased":["Ghostly Armor","Flex","Double Tap"],"campfire_rested":2,"item_purchase_floors":[3,20,45],"current_hp_per_floor":[80,80,80,80,80,80,58,64,64,64,64,64,64,63,63,15,80,69,69,69,69,66,66,66,72,72,72,57,57,57,41,66,14,85,62,62,62,62,68,56,81,81,81,84,84,84,84,80,80,12],"gold":66,"neow_bonus":"THREE_ENEMY_KILL","is_prod":false,"is_daily":false,"chose_seed":false,"campfire_upgraded":7,"win_rate":0,"timestamp":1544855971,"path_taken":["M","?","$","M","?","R","E","M","T","R","$","?","$","?","R","BOSS","M","?","$","?","M","R","?","M","T","R","M","?","R","?","R","BOSS","M","$","?","?","?","E","R","?","T","M","$","?","$","M","R","BOSS"],"build_version":"2018-12-13","purchased_purges":3,"victory":true,"max_hp_per_floor":[80,80,80,80,80,80,80,80,80,80,80,80,80,80,80,80,80,80,80,80,80,85,85,85,85,85,85,85,85,85,85,85,85,85,85,85,85,85,85,85,85,85,85,85,85,85,85,85,85,85],"card_choices":[{"not_picked":["Rage","Flex"],"picked":"Body Slam","floor":1.0},{"not_picked":["Clothesline","Pommel Strike","Second Wind"],"picked":"SKIP","floor":2.0},{"not_picked":["Pommel Strike","Evolve"],"picked":"Twin Strike","floor":4.0},{"not_picked":["Rage","True Grit"],"picked":"Ghostly Armor","floor":7.0},{"not_picked":["Metallicize","True Grit"],"picked":"Whirlwind","floor":8.0},{"not_picked":["Armaments","Shrug It Off"],"picked":"Spot Weakness","floor":14.0},{"not_picked":["Berserk","Juggernaut"],"picked":"Immolate","floor":16.0},{"not_picked":["Perfected Strike","Power Through","Dual Wield"],"picked":"SKIP","floor":18.0},{"not_picked":["Second Wind","Clothesline"],"picked":"Spot Weakness+1","floor":22.0},{"not_picked":["Iron Wave","Havoc","Clash"],"picked":"SKIP","floor":25.0},{"not_picked":["Blood for Blood","Searing Blow","Evolve"],"picked":"SKIP","floor":28.0},{"not_picked":["Exhume","Limit Break"],"picked":"Fiend Fire","floor":33.0},{"not_picked":["Uppercut+1","Metallicize"],"picked":"Heavy Blade","floor":35.0},{"not_picked":["Uppercut","Pommel Strike","Disarm"],"picked":"SKIP","floor":40.0},{"not_picked":["Thunderclap","Dual Wield+1","Wild Strike"],"picked":"SKIP","floor":44},{"not_picked":["True Grit","Clash+1","Battle Trance"],"picked":"SKIP","floor":44},{"not_picked":["Carnage","Feel No Pain","Spot Weakness"],"picked":"SKIP","floor":46},{"not_picked":["Pommel Strike","Hemokinesis","Power Through"],"picked":"SKIP","floor":46},{"not_picked":["Shrug It Off+1","Reaper","Burning Pact+1"],"picked":"SKIP","floor":48},{"not_picked":["Pommel Strike+1","Iron Wave","Thunderclap+1"],"picked":"SKIP","floor":48}],"player_experience":208406,"relics_obtained":[{"floor":7.0,"key":"Art of War"},{"floor":9.0,"key":"Self Forming Clay"},{"floor":26.0,"key":"Oddly Smooth Stone"},{"floor":31.0,"key":"Necronomicon"},{"floor":39.0,"key":"Prayer Wheel"},{"floor":40.0,"key":"Blue Candle"}],"event_choices":[{"damage_healed":0.0,"max_hp_gain":0.0,"max_hp_loss":0.0,"gold_gain":0.0,"event_name":"Liars Game","player_choice":"Ignored","floor":5.0,"gold_loss":0.0,"damage_taken":0.0},{"cards_removed":["Defend_R"],"damage_healed":0.0,"max_hp_gain":0.0,"max_hp_loss":0.0,"gold_gain":0.0,"event_name":"Purifier","player_choice":"Purged","floor":12.0,"gold_loss":0.0,"damage_taken":0.0},{"damage_healed":0.0,"max_hp_gain":0.0,"max_hp_loss":0.0,"gold_gain":0.0,"event_name":"Addict","player_choice":"Obtained Relic","floor":19.0,"gold_loss":85.0,"damage_taken":0.0,"relics_obtained":["Mummified Hand"]},{"damage_healed":0.0,"max_hp_gain":0.0,"max_hp_loss":0.0,"gold_gain":0.0,"event_name":"The Library","player_choice":"Read","floor":21.0,"gold_loss":0.0,"damage_taken":0.0,"cards_obtained":["Armaments"]},{"damage_healed":0.0,"max_hp_gain":0.0,"max_hp_loss":0.0,"gold_gain":0.0,"event_name":"Beggar","player_choice":"Ignored","floor":24.0,"gold_loss":0.0,"damage_taken":0.0},{"damage_healed":0.0,"max_hp_gain":0.0,"max_hp_loss":0.0,"gold_gain":0.0,"event_name":"Cursed Tome","player_choice":"Obtained Book","floor":31.0,"gold_loss":0.0,"damage_taken":16.0},{"damage_healed":0.0,"max_hp_gain":0.0,"max_hp_loss":0.0,"gold_gain":0.0,"event_name":"Mysterious Sphere","player_choice":"Ignored","floor":37.0,"gold_loss":0.0,"damage_taken":0.0},{"cards_removed":["Defend_R"],"damage_healed":0.0,"max_hp_gain":0.0,"max_hp_loss":0.0,"gold_gain":0.0,"event_name":"Falling","player_choice":"Removed Skill","floor":38.0,"gold_loss":0.0,"damage_taken":0.0},{"damage_healed":0.0,"max_hp_gain":0.0,"max_hp_loss":0.0,"gold_gain":0.0,"event_name":"MindBloom","player_choice":"Fight","floor":39.0,"gold_loss":0.0,"damage_taken":0.0},{"damage_healed":0.0,"max_hp_gain":0.0,"max_hp_loss":0.0,"gold_gain":0.0,"event_name":"SensoryStone","player_choice":"Memory 1","floor":42.0,"gold_loss":0.0,"damage_taken":0.0}],"is_beta":false,"boss_relics":[{"not_picked":["Lizard Tail","Fusion Hammer"],"picked":"Sozu"},{"not_picked":["Runic Pyramid","Busted Crown"],"picked":"Cursed Key"}],"items_purged_floors":[11,36,45],"is_endless":false,"potions_floor_spawned":[1,4,18,33,35,44],"ascension_level":0}