{"path_per_floor":["M","?","M","M","$","R","M","M","T","M","M","?","R","$","R","B",null,"M","?","$","T","M","R","M","M","T","M","M","R","M","E","R","B",null,"M","M","$","?","?","R","M","?","T","$"],"character_chosen":"IRONCLAD","items_purchased":["Shrug It Off","Rampage","Rampage+1","FairyPotion","BloodPotion"],"gold_per_floor":[117,117,130,147,26,26,44,59,59,72,85,85,85,9,9,105,105,121,121,21,21,38,38,50,70,96,106,123,123,138,167,167,268,268,284,295,135,135,187,187,199,199,199,25,25],"floor_reached":45,"campfire_rested":1,"playtime":5038,"item_purchase_floors":[5,14,37,44,44],"current_hp_per_floor":[80,80,79,80,80,80,80,74,74,76,75,75,75,75,75,39,80,63,63,63,63,61,61,60,58,58,50,37,37,46,37,76,52,80,77,74,74,64,54,54,20,10,10,10,0],"items_purged":["Strike_R","Strike_R","Strike_R"],"gold":25,"score":429,"play_id":"c849fe45-2f0e-4bf9-bf5e-a9216dccbb65","local_time":"20180529214310","is_prod":false,"is_daily":false,"chose_seed":false,"is_ascension_mode":false,"campfire_upgraded":6,"win_rate":0,"timestamp":1527648190,"campfire_choices":[{"data":"Body Slam","floor":6,"key":"SMITH"},{"data":"Berserk","floor":13,"key":"SMITH"},{"data":"Rampage","floor":15,"key":"SMITH"},{"data":"Shrug It Off","floor":23,"key":"SMITH"},{"data":"Battle Trance","floor":29,"key":"SMITH"},{"floor":32,"key":"REST"},{"data":"Secret Weapon","floor":40,"key":"SMITH"}],"path_taken":["M","?","M","M","$","R","?","M","T","M","M","?","R","$","R","BOSS","M","?","?","?","M","R","M","?","T","M","M","R","M","E","R","BOSS","M","M","$","?","?","R","M","?","T","$","E"],"build_version":"2018-05-24","seed_source_timestamp":593607044337548,"purchased_purges":3,"victory":false,"master_deck":["Strike_R","Defend_R","Defend_R","Defend_R","Defend_R","Bash","Headbutt","Body Slam+1","Warcry","Shrug It Off+1","Shrug It Off","Berserk+1","Barricade+1","Rampage+1","Iron Wave+1","Cleave+1","Double Tap","True Grit+1","Battle Trance+1","Reaper+1","Entrench+1","Spot Weakness+1","Rampage+1","Apotheosis","Dark Shackles","Secret Weapon+1","Headbutt+1","Iron Wave+1","Madness","Madness"],"max_hp_per_floor":[80,80,80,80,80,80,80,80,80,80,80,80,80,80,80,80,80,80,80,80,80,80,80,80,80,80,80,80,80,80,80,80,80,80,80,80,80,80,80,80,80,80,80,80,80],"relics":["Burning Blood","Frozen Egg 2","Velvet Choker","Orichalcum","Regal Pillow","Molten Egg 2","Mark of Pain","Peace Pipe","Centennial Puzzle"],"card_choices":[{"not_picked":["Anger","Pommel Strike"],"picked":"Headbutt","floor":1},{"not_picked":["Clothesline","Havoc"],"picked":"Body Slam","floor":3},{"not_picked":["Twin Strike","Ghostly Armor"],"picked":"Warcry","floor":4},{"not_picked":["Anger","Clothesline"],"picked":"Shrug It Off","floor":7},{"not_picked":["Sword Boomerang","Clash"],"picked":"Berserk","floor":8},{"not_picked":["Clothesline","Armaments","Warcry"],"picked":"SKIP","floor":10},{"not_picked":["Sever Soul","Wild Strike","Headbutt"],"picked":"SKIP","floor":11},{"not_picked":["Twin Strike","Sword Boomerang"],"picked":"Iron Wave+1","floor":18},{"not_picked":["Headbutt","Flex"],"picked":"Cleave+1","floor":22},{"not_picked":["Armaments","Sentinel","Thunderclap"],"picked":"SKIP","floor":24},{"not_picked":["Flame Barrier+1","Carnage"],"picked":"Double Tap","floor":25},{"not_picked":["Warcry","Body Slam"],"picked":"True Grit+1","floor":27},{"not_picked":["Thunderclap","Feel No Pain+1"],"picked":"Battle Trance","floor":28},{"not_picked":["Armaments","Heavy Blade","Second Wind"],"picked":"SKIP","floor":30},{"not_picked":["Carnage","Fire Breathing+1","Armaments"],"picked":"SKIP","floor":31},{"not_picked":["Double Tap","Juggernaut+1"],"picked":"Reaper+1","floor":33},{"not_picked":["Clash+1","Ghostly Armor"],"picked":"Entrench+1","floor":35},{"not_picked":["Hemokinesis+1","Havoc+1"],"picked":"Spot Weakness+1","floor":36},{"not_picked":["Master of Strategy","Panacea"],"picked":"Apotheosis","floor":38},{"not_picked":["Madness","Flash of Steel"],"picked":"Dark Shackles","floor":38},{"not_picked":["Swift Strike","Finesse"],"picked":"Secret Weapon","floor":38},{"not_picked":["Rupture+1","Entrench+1"],"picked":"Headbutt+1","floor":39},{"not_picked":["Twin Strike+1","Perfected Strike+1"],"picked":"Iron Wave+1","floor":41}],"player_experience":56560,"potions_floor_usage":[8,16,16,24,27,30,31,33,39,41,45],"damage_taken":[{"damage":5,"enemies":"Jaw Worm","floor":1,"turns":4},{"damage":7,"enemies":"Small Slimes","floor":3,"turns":4},{"damage":1,"enemies":"Cultist","floor":4,"turns":4},{"damage":0,"enemies":"Lots of Slimes","floor":7,"turns":4},{"damage":12,"enemies":"Large Slime","floor":8,"turns":9},{"damage":4,"enemies":"Exordium Thugs","floor":10,"turns":4},{"damage":7,"enemies":"Looter","floor":11,"turns":3},{"damage":42,"enemies":"Hexaghost","floor":16,"turns":8},{"damage":23,"enemies":"Spheric Guardian","floor":18,"turns":6},{"damage":8,"enemies":"3 Byrds","floor":22,"turns":6},{"damage":7,"enemies":"Snecko","floor":24,"turns":6},{"damage":8,"enemies":"Cultist and Chosen","floor":25,"turns":8},{"damage":14,"enemies":"Snake Plant","floor":27,"turns":4},{"damage":19,"enemies":"Centurion and Healer","floor":28,"turns":8},{"damage":5,"enemies":"Sentry and Sphere","floor":30,"turns":5},{"damage":15,"enemies":"Book of Stabbing","floor":31,"turns":7},{"damage":30,"enemies":"Collector","floor":33,"turns":9},{"damage":9,"enemies":"3 Shapes","floor":35,"turns":7},{"damage":16,"enemies":"Orb Walker","floor":36,"turns":6},{"damage":25,"enemies":"Mysterious Sphere","floor":39,"turns":5},{"damage":45,"enemies":"3 Darklings","floor":41,"turns":7},{"damage":54,"enemies":"Giant Head","floor":45,"turns":8}],"relics_obtained":[{"floor":9,"key":"Frozen Egg 2"},{"floor":21,"key":"Orichalcum"},{"floor":26,"key":"Regal Pillow"},{"floor":31,"key":"Molten Egg 2"},{"floor":39,"key":"Peace Pipe"},{"floor":43,"key":"Centennial Puzzle"}],"event_choices":[{"event_name":"Liars Game","player_choice":"disagreed","floor":2,"damage_taken":0},{"event_name":"Transmorgrifier","player_choice":"Transform","floor":12,"damage_taken":0},{"event_name":"Vampires","player_choice":"Ignored","floor":19,"damage_taken":0},{"event_name":"SensoryStone","player_choice":"Memory 3","floor":38,"damage_taken":0},{"event_name":"Mysterious Sphere","player_choice":"Fight","floor":39,"damage_taken":0},{"event_name":"Winding Halls","player_choice":"Embrace Madness","floor":42,"damage_taken":0}],"boss_relics":[{"not_picked":["Sozu","Black Star"],"picked":"Velvet Choker"},{"not_picked":["Astrolabe","Runic Dome"],"picked":"Mark of Pain"}],"items_purged_floors":[5,20,37],"potions_floor_spawned":[4,7,11,16,25,27,30,31,33,36],"seed_played":"3051368501628684259","killed_by":"Giant Head","ascension_level":0,"potions_obtained":[{"floor":4,"key":"FearPotion"},{"floor":7,"key":"GamblersBrew"},{"floor":11,"key":"Strength Potion"},{"floor":16,"key":"Weak Potion"},{"floor":25,"key":"EssenceOfSteel"},{"floor":27,"key":"BloodPotion"},{"floor":30,"key":"SteroidPotion"},{"floor":31,"key":"Block Potion"},{"floor":33,"key":"PowerPotion"},{"floor":36,"key":"EssenceOfSteel"}],"is_trial":false}