{"gold_per_floor":[114,114,36,56,70,70,82,108,108,108,108,108,108,126,126,126],"floor_reached":16,"playtime":750,"items_purged":[],"score":120,"play_id":"f77ee430-0caa-4896-9b15-1744709c66d3","local_time":"20190508201338","is_ascension_mode":true,"campfire_choices":[{"data":"Footwork","floor":6,"key":"SMITH"},{"data":"Deadly Poison","floor":10,"key":"SMITH"},{"data":"PiercingWail","floor":13,"key":"SMITH"},{"data":"Neutralize","floor":15,"key":"SMITH"}],"neow_cost":"PERCENT_DAMAGE","seed_source_timestamp":900150187871396,"circlet_count":0,"master_deck":["Defend_G","Defend_G","Defend_G","Defend_G","Defend_G","Strike_G","Strike_G","Strike_G","Strike_G","Survivor","Neutralize+1","Blade Dance","Footwork+1","Escape Plan","Deadly Poison+1","PiercingWail+1","PiercingWail"],"relics":["Ring of the Snake","Tough Bandages","Gremlin Horn","Pear","Golden Idol","Frozen Egg 2"],"potions_floor_usage":[8,16],"damage_taken":[{"damage":1,"enemies":"2 Louse","floor":1,"turns":3},{"damage":0,"enemies":"Small Slimes","floor":4,"turns":4},{"damage":2,"enemies":"Jaw Worm","floor":5,"turns":6},{"damage":0,"enemies":"Exordium Thugs","floor":7,"turns":7},{"damage":44,"enemies":"Lagavulin","floor":8,"turns":12},{"damage":0,"enemies":"3 Louse","floor":14,"turns":4},{"damage":28,"enemies":"Hexaghost","floor":16,"turns":12}],"seed_played":"-8037774513890725337","potions_obtained":[{"floor":4,"key":"Regen Potion"},{"floor":14,"key":"Fire Potion"}],"is_trial":false,"path_per_floor":["M","?","$","M","M","R","M","E","T","R","?","T","R","M","R","B"],"character_chosen":"THE_SILENT","items_purchased":["Footwork"],"campfire_rested":0,"item_purchase_floors":[3],"current_hp_per_floor":[48,48,48,48,46,46,46,17,27,27,27,27,27,27,27,0],"gold":126,"neow_bonus":"ONE_RARE_RELIC","is_prod":false,"is_daily":false,"chose_seed":false,"campfire_upgraded":4,"win_rate":0,"timestamp":1557360818,"path_taken":["M","?","$","M","M","R","M","E","T","R","?","?","R","?","R","BOSS"],"build_version":"2019-01-23","purchased_purges":0,"victory":false,"max_hp_per_floor":[70,70,70,70,70,70,70,70,80,80,74,74,74,74,74,74],"card_choices":[{"not_picked":["Poisoned Stab","Flying Knee"],"picked":"Blade Dance","floor":1},{"not_picked":["Prepared","Dodge and Roll"],"picked":"Escape Plan","floor":4},{"not_picked":["Distraction","Slice"],"picked":"Deadly Poison","floor":5},{"not_picked":["Slice","Flechettes","Distraction"],"picked":"SKIP","floor":7},{"not_picked":["Grand Finale","Prepared"],"picked":"PiercingWail","floor":8},{"not_picked":["Deflect","Dagger Spray"],"picked":"PiercingWail","floor":14}],"player_experience":216317,"relics_obtained":[{"floor":8,"key":"Gremlin Horn"},{"floor":9,"key":"Pear"},{"floor":12,"key":"Frozen Egg 2"}],"event_choices":[{"cards_removed":["Strike_G"],"damage_healed":0,"gold_gain":0,"player_choice":"Forget","damage_taken":0,"max_hp_gain":0,"max_hp_loss":0,"event_name":"Living Wall","floor":2,"gold_loss":0},{"damage_healed":0,"gold_gain":0,"player_choice":"Lose Max HP","damage_taken":0,"relics_obtained":["Golden Idol"],"max_hp_gain":0,"max_hp_loss":6,"event_name":"Golden Idol","floor":11,"gold_loss":0}],"is_beta":false,"boss_relics":[],"items_purged_floors":[],"is_endless":false,"potions_floor_spawned":[4,14],"killed_by":"Hexaghost","ascension_level":4}