{"gold_per_floor":[209,224,26,43,53,53,85,85,85,85,85,96,126,139,139,216,216,230,230],"floor_reached":19,"playtime":808,"items_purged":[],"score":340,"play_id":"823417dd-3dfb-40fb-916e-05798886bc98","local_time":"20190329170808","is_ascension_mode":true,"campfire_choices":[{"data":"Transmutation","floor":6,"key":"SMITH"},{"floor":8,"key":"REST"},{"floor":10,"key":"REST"},{"floor":15,"key":"REST"}],"neow_cost":"NONE","seed_source_timestamp":63915153008960,"circlet_count":0,"master_deck":["AscendersBane","Strike_B","Strike_B","Defend_B","Defend_B","Zap","Dualcast","Leap","Gash","Transmutation+1","Melter","Hologram","Core Surge","Leap","Rainbow","Hologram","Electrodynamics","BootSequence+1","Cold Snap+1","Chill+1","Doom and Gloom+1"],"relics":["Cracked Core","Orichalcum","Centennial Puzzle","Shuriken","Astrolabe"],"potions_floor_usage":[5,13,16],"damage_taken":[{"damage":2,"enemies":"Cultist","floor":1,"turns":4},{"damage":0,"enemies":"2 Louse","floor":2,"turns":3},{"damage":8,"enemies":"Small Slimes","floor":4,"turns":4},{"damage":11,"enemies":"Exordium Thugs","floor":5,"turns":8},{"damage":23,"enemies":"Lagavulin","floor":7,"turns":7},{"damage":2,"enemies":"Looter","floor":12,"turns":2},{"damage":102,"enemies":"Gremlin Nob","floor":13,"turns":7},{"damage":2,"enemies":"Red Slaver","floor":14,"turns":4},{"damage":30,"enemies":"Slime Boss","floor":16,"turns":9},{"damage":19,"enemies":"2 Thieves","floor":18,"turns":5}],"seed_played":"-2665534931673347907","potions_obtained":[{"floor":1,"key":"Dexterity Potion"},{"floor":5,"key":"FairyPotion"},{"floor":7,"key":"EntropicBrew"}],"is_trial":false,"path_per_floor":["M","M","$","M","M","R","E","R","T","R","?","M","E","M","R","B",null,"M","$"],"character_chosen":"DEFECT","items_purchased":["Transmutation"],"campfire_rested":3,"item_purchase_floors":[3],"current_hp_per_floor":[62,62,62,54,43,43,20,41,41,62,62,60,7,5,26,7,55,36,36],"gold":230,"neow_bonus":"HUNDRED_GOLD","is_prod":false,"is_daily":false,"chose_seed":false,"campfire_upgraded":1,"win_rate":0,"timestamp":1553897288,"path_taken":["M","?","$","M","M","R","E","R","T","R","?","?","E","M","R","BOSS","M","$"],"build_version":"2019-01-23","purchased_purges":0,"victory":false,"max_hp_per_floor":[71,71,71,71,71,71,71,71,71,71,71,71,71,71,71,71,71,71,71],"card_choices":[{"not_picked":["Recycle","Streamline"],"picked":"Leap","floor":1},{"not_picked":["Steam","Force Field"],"picked":"Gash","floor":2},{"not_picked":["Conserve Battery","Beam Cell"],"picked":"Melter","floor":4},{"not_picked":["Sweeping Beam","BootSequence"],"picked":"Hologram","floor":5},{"not_picked":["Glacier","Turbo"],"picked":"Core Surge","floor":7},{"not_picked":["Stack","Sweeping Beam"],"picked":"Leap","floor":12},{"not_picked":["Rebound","Hyperbeam"],"picked":"Rainbow","floor":13},{"not_picked":["Compile Driver","Streamline"],"picked":"Hologram","floor":14},{"not_picked":["Creative AI","Hyperbeam"],"picked":"Electrodynamics","floor":16},{"not_picked":["Go for the Eyes","Sunder"],"picked":"Doom and Gloom+1","floor":18}],"player_experience":1185935,"relics_obtained":[{"floor":7,"key":"Orichalcum"},{"floor":9,"key":"Centennial Puzzle"},{"floor":13,"key":"Shuriken"}],"event_choices":[{"cards_removed":["Strike_B"],"damage_healed":0,"gold_gain":0,"player_choice":"Purged","damage_taken":0,"max_hp_gain":0,"max_hp_loss":0,"event_name":"Purifier","floor":11,"gold_loss":0}],"is_beta":false,"boss_relics":[{"not_picked":["Coffee Dripper","Runic Dome"],"picked":"Astrolabe"}],"items_purged_floors":[],"is_endless":false,"potions_floor_spawned":[1,5,7,13],"ascension_level":18}