{"gold_per_floor":[116,116,116,129,79,79,108,125,177,205,218,218,40,60,60,164,164,180,195,195,208,208,208,227,227,275,275,50,66,15,15,15,15],"floor_reached":33,"playtime":1787,"items_purged":["Strike_R","Strike_R"],"score":306,"play_id":"ec866020-b33d-4338-ac85-169e3550b5b9","local_time":"20181029213920","is_ascension_mode":true,"campfire_choices":[{"data":"Cleave","floor":6,"key":"SMITH"},{"floor":12,"key":"REST"},{"data":"Anger","floor":15,"key":"SMITH"},{"data":"Barricade","floor":23,"key":"SMITH"},{"floor":27,"key":"REST"},{"floor":32,"key":"REST"}],"neow_cost":"NONE","seed_source_timestamp":779791371187960,"circlet_count":0,"master_deck":["Strike_R+1","Defend_R","Defend_R+1","Defend_R","Defend_R","Bash","True Grit","Cleave+1","Shrug It Off","Flex","Barricade+1","Anger+1","Iron Wave","Rage","Anger","Body Slam","Ghostly Armor","Twin Strike"],"relics":["Black Blood","Vajra","Art of War","Thread and Needle","MutagenicStrength","Bag of Preparation"],"potions_floor_usage":[11,11,14,16,21,24,33],"damage_taken":[{"damage":0,"enemies":"Small Slimes","floor":1,"turns":3},{"damage":8,"enemies":"2 Louse","floor":4,"turns":3},{"damage":32,"enemies":"Lagavulin","floor":7,"turns":6},{"damage":0,"enemies":"Jaw Worm","floor":8,"turns":3},{"damage":29,"enemies":"3 Sentries","floor":10,"turns":9},{"damage":0,"enemies":"Lots of Slimes","floor":11,"turns":3},{"damage":1,"enemies":"Exordium Thugs","floor":14,"turns":3},{"damage":42,"enemies":"Hexaghost","floor":16,"turns":12},{"damage":13,"enemies":"2 Thieves","floor":18,"turns":4},{"damage":5,"enemies":"Chosen","floor":19,"turns":6},{"damage":44,"enemies":"Snecko","floor":21,"turns":8},{"damage":41,"enemies":"Cultist and Chosen","floor":24,"turns":9},{"damage":29,"enemies":"Snake Plant","floor":29,"turns":7},{"damage":45,"enemies":"Collector","floor":33,"turns":5}],"seed_played":"-878964622573525276","potions_obtained":[{"floor":0,"key":"PowerPotion"},{"floor":0,"key":"Regen Potion"},{"floor":0,"key":"Weak Potion"},{"floor":10,"key":"Block Potion"},{"floor":16,"key":"GamblersBrew"},{"floor":18,"key":"Explosive Potion"},{"floor":21,"key":"Explosive Potion"}],"is_trial":false,"path_per_floor":["M","?","?","M","?","R","E","M","T","E","M","R","$","M","R","B",null,"M","M","?","M","?","R","M","?","T","R","$","M","$","?","R"],"character_chosen":"IRONCLAD","items_purchased":["Anger","Block Potion","Ghostly Armor","Swift Potion","Fire Potion"],"campfire_rested":3,"item_purchase_floors":[13,13,28,28,30],"current_hp_per_floor":[80,64,64,62,62,62,36,42,42,19,34,58,58,63,63,27,80,77,80,80,46,46,46,15,15,15,39,39,20,20,20,44,0],"gold":15,"neow_bonus":"THREE_SMALL_POTIONS","is_prod":false,"is_daily":false,"chose_seed":false,"campfire_upgraded":3,"win_rate":0,"timestamp":1540845560,"path_taken":["M","?","?","M","?","R","E","?","T","E","M","R","?","M","R","BOSS","M","?","?","?","?","R","M","?","T","R","$","M","$","?","R","BOSS"],"build_version":"2018-10-25v2","purchased_purges":2,"victory":false,"max_hp_per_floor":[80,80,80,80,80,80,80,80,80,80,80,80,80,80,80,80,80,80,80,80,80,80,80,80,80,80,80,80,80,80,80,80,80],"card_choices":[{"not_picked":["Entrench","Armaments"],"picked":"True Grit","floor":1},{"not_picked":["Havoc","Anger"],"picked":"Cleave","floor":4},{"not_picked":["Sword Boomerang","Shockwave","Bloodletting"],"picked":"SKIP","floor":7},{"not_picked":["Whirlwind","Armaments"],"picked":"Shrug It Off","floor":8},{"not_picked":["Reckless Charge","Shockwave"],"picked":"Flex","floor":10},{"not_picked":["Pommel Strike","Power Through"],"picked":"Barricade","floor":11},{"not_picked":["Intimidate","Clash"],"picked":"Iron Wave","floor":14},{"not_picked":["Dual Wield+1","Battle Trance+1"],"picked":"Rage","floor":18},{"not_picked":["Heavy Blade","Seeing Red","Pommel Strike+1"],"picked":"SKIP","floor":19},{"not_picked":["Hemokinesis+1","Seeing Red"],"picked":"Anger","floor":21},{"not_picked":["Cleave+1","Flex"],"picked":"Body Slam","floor":24},{"not_picked":["Second Wind+1","Cleave+1"],"picked":"Twin Strike","floor":29}],"player_experience":256563,"relics_obtained":[{"floor":7,"key":"Vajra"},{"floor":9,"key":"Art of War"},{"floor":10,"key":"Thread and Needle"},{"floor":26,"key":"Bag of Preparation"}],"event_choices":[{"damage_healed":0,"gold_gain":0,"player_choice":"Entered Light","damage_taken":16,"max_hp_gain":0,"max_hp_loss":0,"event_name":"Shining Light","floor":2,"gold_loss":0,"cards_upgraded":["Defend_R","Strike_R"]},{"cards_removed":["Strike_R"],"damage_healed":0,"gold_gain":0,"player_choice":"Card Removal","damage_taken":0,"max_hp_gain":0,"max_hp_loss":0,"event_name":"Wheel of Change","floor":3,"gold_loss":0},{"cards_removed":["Strike_R"],"damage_healed":0,"gold_gain":0,"player_choice":"Card Removal","damage_taken":0,"max_hp_gain":0,"max_hp_loss":0,"event_name":"The Cleric","floor":5,"gold_loss":50},{"damage_healed":0,"gold_gain":0,"player_choice":"Inject Mutagens","damage_taken":0,"relics_obtained":["MutagenicStrength"],"max_hp_gain":0,"max_hp_loss":0,"event_name":"Drug Dealer","floor":20,"gold_loss":0},{"damage_healed":0,"gold_gain":0,"player_choice":"Ignored","damage_taken":0,"max_hp_gain":0,"max_hp_loss":0,"event_name":"The Mausoleum","floor":22,"gold_loss":0},{"damage_healed":0,"gold_gain":0,"player_choice":"Ignored","damage_taken":0,"max_hp_gain":0,"max_hp_loss":0,"event_name":"Cursed Tome","floor":25,"gold_loss":0}],"is_beta":false,"boss_relics":[{"not_picked":["Empty Cage","Runic Dome"],"picked":"Black Blood"}],"items_purged_floors":[13,28],"is_endless":false,"potions_floor_spawned":[7,10,16,18,21],"killed_by":"Collector","ascension_level":4}