{"gold_per_floor":[114,44,54,229,36,47,47,67,117,133,133,133,148,148,148,249,249,263,90,90,90,109,109,122,122,122,122,142,142],"floor_reached":29,"playtime":1397,"items_purged":["Doubt","Strike_B"],"score":269,"play_id":"38bc3b78-3df7-4d21-82ee-06172e942f1f","local_time":"20181103225507","is_ascension_mode":true,"campfire_choices":[{"data":"Defragment","floor":7,"key":"SMITH"},{"data":"Capacitor","floor":12,"key":"SMITH"},{"data":"Steam","floor":15,"key":"SMITH"},{"data":"Gash","floor":23,"key":"SMITH"},{"floor":25,"key":"REST"}],"neow_cost":"NONE","seed_source_timestamp":4092673703863,"circlet_count":0,"master_deck":["Defend_B","Defend_B","Defend_B","Defend_B","Zap","Dualcast+1","Leap","Capacitor+1","Conserve Battery","Defragment+1","Cold Snap","Steam","Steam","Steam+1","Go for the Eyes","Gash","Gash+1","FTL","Turbo"],"relics":["Cracked Core","Bag of Marbles","Anchor","Empty Cage","Torii"],"potions_floor_usage":[29,29],"damage_taken":[{"damage":9,"enemies":"Jaw Worm","floor":1,"turns":3},{"damage":1,"enemies":"Cultist","floor":3,"turns":3},{"damage":7,"enemies":"2 Louse","floor":6,"turns":3},{"damage":0,"enemies":"Exordium Thugs","floor":8,"turns":4},{"damage":3,"enemies":"2 Fungi Beasts","floor":10,"turns":4},{"damage":0,"enemies":"Looter","floor":13,"turns":4},{"damage":26,"enemies":"The Guardian","floor":16,"turns":16},{"damage":0,"enemies":"Shell Parasite","floor":18,"turns":12},{"damage":16,"enemies":"3 Byrds","floor":22,"turns":5},{"damage":12,"enemies":"Snake Plant","floor":24,"turns":7},{"damage":10,"enemies":"Shelled Parasite and Fungi","floor":28,"turns":10},{"damage":49,"enemies":"Book of Stabbing","floor":29,"turns":7}],"seed_played":"2897148241088919637","potions_obtained":[{"floor":3,"key":"Strength Potion"},{"floor":6,"key":"GamblersBrew"},{"floor":18,"key":"GamblersBrew"},{"floor":24,"key":"LiquidBronze"}],"is_trial":false,"path_per_floor":["M","$","M","?","$","M","R","M","T","M","?","R","M","?","R","B",null,"M","$","?","?","M","R","M","R","T","?","M","E"],"character_chosen":"DEFECT","items_purchased":["Capacitor","Defragment","Cold Snap","Gash","SpeedPotion"],"campfire_rested":1,"item_purchase_floors":[2,5,5,19,19],"current_hp_per_floor":[66,66,65,65,65,58,58,58,58,55,55,55,55,55,55,29,64,64,64,64,64,48,48,36,58,58,58,48,0],"gold":142,"neow_bonus":"RANDOM_COMMON_RELIC","is_prod":false,"is_daily":false,"chose_seed":false,"campfire_upgraded":4,"win_rate":0,"timestamp":1541282107,"path_taken":["M","$","M","?","$","M","R","M","T","M","?","R","?","?","R","BOSS","M","$","?","?","M","R","M","R","T","?","M","E"],"build_version":"2018-11-01","purchased_purges":2,"victory":false,"max_hp_per_floor":[75,75,75,75,75,75,75,75,75,75,75,75,75,75,75,75,75,75,75,75,75,75,75,75,75,75,75,75,75],"card_choices":[{"not_picked":["Compile Driver","Hologram"],"picked":"Leap","floor":1},{"not_picked":["Chaos","Beam Cell"],"picked":"Conserve Battery","floor":3},{"not_picked":["Conserve Battery","Defragment"],"picked":"Steam","floor":6},{"not_picked":["Undo","Force Field"],"picked":"Steam","floor":8},{"not_picked":["Leap","Compile Driver"],"picked":"Steam","floor":10},{"not_picked":["Redo","Genetic Algorithm"],"picked":"Go for the Eyes","floor":13},{"not_picked":["Heatsinks+1","BootSequence","Compile Driver"],"picked":"SKIP","floor":18},{"not_picked":["Stack","Glacier","BootSequence+1"],"picked":"SKIP","floor":22},{"not_picked":["Stack","Glacier","BootSequence+1"],"picked":"SKIP","floor":22},{"not_picked":["Hologram","Barrage"],"picked":"FTL","floor":24},{"not_picked":["Compile Driver","Skim","Redo"],"picked":"SKIP","floor":28}],"player_experience":280267,"relics_obtained":[{"floor":9,"key":"Anchor"},{"floor":26,"key":"Torii"}],"event_choices":[{"damage_healed":0,"gold_gain":175,"player_choice":"AGREE","damage_taken":0,"max_hp_gain":0,"max_hp_loss":0,"event_name":"Liars Game","floor":4,"gold_loss":0,"cards_obtained":["Doubt"]},{"cards_removed":["Strike_B"],"damage_healed":0,"gold_gain":0,"player_choice":"Offered Basic","damage_taken":0,"max_hp_gain":0,"max_hp_loss":0,"event_name":"Bonfire Elementals","floor":11,"gold_loss":0},{"damage_healed":0,"gold_gain":0,"player_choice":"Forge","damage_taken":0,"max_hp_gain":0,"max_hp_loss":0,"event_name":"Accursed Blacksmith","floor":14,"gold_loss":0,"cards_upgraded":["Dualcast"]},{"damage_healed":0,"gold_gain":0,"player_choice":"Ignored","damage_taken":0,"max_hp_gain":0,"max_hp_loss":0,"event_name":"Ghosts","floor":20,"gold_loss":0},{"damage_healed":0,"gold_gain":0,"player_choice":"Read","damage_taken":0,"max_hp_gain":0,"max_hp_loss":0,"event_name":"The Library","floor":21,"gold_loss":0,"cards_obtained":["Gash"]},{"damage_healed":0,"gold_gain":0,"player_choice":"1 cards matched","damage_taken":0,"max_hp_gain":0,"max_hp_loss":0,"event_name":"Match and Keep!","floor":27,"gold_loss":0,"cards_obtained":["Turbo"]}],"is_beta":false,"boss_relics":[{"not_picked":["Tiny House","White Beast Statue"],"picked":"Empty Cage"}],"items_purged_floors":[5,19],"is_endless":false,"potions_floor_spawned":[3,6,18,24],"killed_by":"Book of Stabbing","ascension_level":5}