{"gold_per_floor":[109,109,34,54,54,54,70,70,70,70,104,119,119,129,129,226,226,240,240,140,156,31,61,61,61,110,110,110,135,84,101,101,101],"floor_reached":33,"playtime":2006,"items_purged":["Strike_G","Defend_G","Defend_G"],"score":337,"play_id":"25cc7d9c-2578-4e03-8a02-210f68c80933","local_time":"20190223233017","is_ascension_mode":true,"campfire_choices":[{"data":"Neutralize","floor":6,"key":"SMITH"},{"data":"Well Laid Plans","floor":8,"key":"SMITH"},{"data":"Survivor","floor":10,"key":"SMITH"},{"data":"Cloak And Dagger","floor":13,"key":"SMITH"},{"data":"Skewer","floor":15,"key":"SMITH"},{"data":"Outmaneuver","floor":24,"key":"SMITH"},{"data":"Bullet Time","floor":25,"key":"SMITH"},{"data":"Prepared","floor":28,"key":"SMITH"},{"floor":32,"key":"REST"}],"neow_cost":"NONE","seed_source_timestamp":40977653044263,"circlet_count":0,"master_deck":["Defend_G+1","Defend_G+1","Defend_G+1","Strike_G+1","Strike_G","Strike_G","Survivor+1","Neutralize+1","Well Laid Plans+1","Skewer+1","Dagger Throw","Sucker Punch","Outmaneuver+1","Cloak And Dagger+1","Prepared+1","Bullet Time+1","Finisher","Slice","Flying Knee","Blade Dance","PiercingWail","Phantasmal Killer"],"relics":["Ring of the Snake","Blood Vial","Kunai","Sozu","MutagenicStrength","WingedGreaves","Bag of Preparation","War Paint"],"potions_floor_usage":[21,23,33],"damage_taken":[{"damage":4,"enemies":"Small Slimes","floor":1,"turns":3},{"damage":1,"enemies":"2 Louse","floor":4,"turns":3},{"damage":0,"enemies":"Cultist","floor":7,"turns":4},{"damage":8,"enemies":"Lagavulin","floor":11,"turns":8},{"damage":0,"enemies":"3 Louse","floor":12,"turns":3},{"damage":3,"enemies":"2 Fungi Beasts","floor":14,"turns":5},{"damage":13,"enemies":"Hexaghost","floor":16,"turns":14},{"damage":17,"enemies":"3 Byrds","floor":18,"turns":7},{"damage":0,"enemies":"Shell Parasite","floor":21,"turns":2},{"damage":0,"enemies":"Gremlin Leader","floor":23,"turns":7},{"damage":13,"enemies":"Colosseum Slavers","floor":27,"turns":3},{"damage":20,"enemies":"Slavers","floor":29,"turns":5},{"damage":0,"enemies":"Snecko","floor":31,"turns":1},{"damage":58,"enemies":"Champ","floor":33,"turns":9}],"seed_played":"7264328706661438003","potions_obtained":[{"floor":1,"key":"Strength Potion"},{"floor":7,"key":"EssenceOfSteel"},{"floor":14,"key":"GhostInAJar"}],"is_trial":false,"path_per_floor":["M","?","$","M","?","R","M","R","T","R","E","M","R","M","R","B",null,"M","?","$","M","$","E","R","R","T","?","R","E","$","M","R","B"],"character_chosen":"THE_SILENT","items_purchased":["PiercingWail"],"campfire_rested":1,"item_purchase_floors":[30],"current_hp_per_floor":[66,52,52,51,51,51,51,51,51,51,45,47,47,46,46,35,70,53,53,53,55,55,57,57,57,57,46,46,28,28,30,51,0],"gold":101,"neow_bonus":"THREE_CARDS","is_prod":false,"is_daily":false,"chose_seed":false,"campfire_upgraded":8,"win_rate":0,"timestamp":1550935817,"path_taken":["M","?","$","M","?","R","M","R","T","R","E","?","R","M","R","BOSS","M","?","$","M","$","E","R","R","T","?","R","E","$","M","R","BOSS"],"build_version":"2019-01-23","purchased_purges":3,"victory":false,"max_hp_per_floor":[70,70,70,70,70,70,70,70,70,70,70,70,70,70,70,70,70,70,70,70,70,70,70,70,70,70,70,70,70,70,70,70,70],"card_choices":[{"not_picked":["Backflip","Masterful Stab"],"picked":"Well Laid Plans","floor":0},{"not_picked":["Predator","Cloak And Dagger"],"picked":"Skewer","floor":1},{"not_picked":["Dash","Acrobatics"],"picked":"Dagger Throw","floor":4},{"not_picked":["Backflip","Acrobatics"],"picked":"Outmaneuver","floor":7},{"not_picked":["Finisher","Flying Knee"],"picked":"Cloak And Dagger","floor":11},{"not_picked":["Blur","Unload"],"picked":"Prepared","floor":12},{"not_picked":["Bouncing Flask","Bane","Crippling Poison"],"picked":"SKIP","floor":14},{"not_picked":["Corpse Explosion","Malaise"],"picked":"Bullet Time","floor":16},{"not_picked":["Predator","PiercingWail"],"picked":"Finisher","floor":18},{"not_picked":["Endless Agony","Caltrops"],"picked":"Slice","floor":21},{"not_picked":["Riddle With Holes+1","Eviscerate"],"picked":"Flying Knee","floor":23},{"not_picked":["PiercingWail","Flying Knee"],"picked":"Blade Dance","floor":29},{"not_picked":["Choke","Noxious Fumes"],"picked":"Phantasmal Killer","floor":31}],"player_experience":408972,"relics_obtained":[{"floor":9,"key":"Blood Vial"},{"floor":11,"key":"Kunai"},{"floor":23,"key":"WingedGreaves"},{"floor":26,"key":"Bag of Preparation"},{"floor":29,"key":"War Paint"}],"event_choices":[{"damage_healed":0,"gold_gain":0,"player_choice":"Entered Light","damage_taken":14,"max_hp_gain":0,"max_hp_loss":0,"event_name":"Shining Light","floor":2,"gold_loss":0,"cards_upgraded":["Defend_G","Strike_G"]},{"damage_healed":0,"gold_gain":0,"cards_transformed":["Strike_G"],"player_choice":"Transformed","damage_taken":0,"max_hp_gain":0,"max_hp_loss":0,"event_name":"Transmorgrifier","floor":5,"gold_loss":0,"cards_obtained":["Sucker Punch"]},{"damage_healed":0,"gold_gain":0,"player_choice":"Inject Mutagens","damage_taken":0,"relics_obtained":["MutagenicStrength"],"max_hp_gain":0,"max_hp_loss":0,"event_name":"Drug Dealer","floor":19,"gold_loss":0},{"damage_healed":0,"gold_gain":0,"player_choice":"Fight","damage_taken":0,"max_hp_gain":0,"max_hp_loss":0,"event_name":"Colosseum","floor":27,"gold_loss":0},{"damage_healed":0,"gold_gain":0,"player_choice":"Fled From Nobs","damage_taken":0,"max_hp_gain":0,"max_hp_loss":0,"event_name":"Colosseum","floor":27,"gold_loss":0}],"is_beta":false,"boss_relics":[{"not_picked":["White Beast Statue","Fusion Hammer"],"picked":"Sozu"}],"items_purged_floors":[3,20,22],"is_endless":false,"potions_floor_spawned":[1,7,14,21,23,27,31],"killed_by":"Champ","ascension_level":2}