{"gold_per_floor":[117,42,42,42,42,42,67,32,32,42,56,72,72,86,86,160,160,173,173,185,185,185,185],"floor_reached":23,"playtime":637,"items_purged":["Defend_B"],"score":421,"play_id":"db66a34d-b472-43d8-a36f-a7eb5360af4a","local_time":"20190315153408","is_ascension_mode":true,"campfire_choices":[{"data":"Dualcast","floor":6,"key":"SMITH"},{"data":"Coolheaded","floor":15,"key":"SMITH"}],"neow_cost":"NONE","seed_source_timestamp":151911096639900,"circlet_count":0,"master_deck":["AscendersBane","Strike_B","Strike_B+1","Strike_B","Defend_B","Defend_B","Zap+1","Dualcast+1","Conserve Battery+1","Electrodynamics","Compile Driver","Rebound","Leap","Glacier","Conserve Battery","Conserve Battery","Loop","Coolheaded+1","Conserve Battery","Reboot","Glacier","Self Repair","Self Repair+1","Writhe"],"relics":["Cracked Core","NeowsBlessing","Dream Catcher","Prayer Wheel","Philosopher\u0027s Stone","Blue Candle"],"potions_floor_usage":[16,23],"damage_taken":[{"damage":0,"enemies":"Small Slimes","floor":1,"turns":1},{"damage":0,"enemies":"Gremlin Nob","floor":7,"turns":1},{"damage":0,"enemies":"Jaw Worm","floor":10,"turns":1},{"damage":0,"enemies":"2 Louse","floor":11,"turns":1},{"damage":2,"enemies":"Exordium Wildlife","floor":12,"turns":2},{"damage":0,"enemies":"3 Louse","floor":14,"turns":1},{"damage":19,"enemies":"Slime Boss","floor":16,"turns":9},{"damage":23,"enemies":"Chosen","floor":18,"turns":6},{"damage":16,"enemies":"Colosseum Slavers","floor":19,"turns":4},{"damage":0,"enemies":"Shell Parasite","floor":20,"turns":8},{"damage":31,"enemies":"Book of Stabbing","floor":23,"turns":9}],"seed_played":"-7803787136569370066","potions_obtained":[{"floor":7,"key":"Energy Potion"},{"floor":14,"key":"Fire Potion"},{"floor":18,"key":"Ancient Potion"}],"is_trial":false,"path_per_floor":["M","$","?","?","?","R","E","?","T","M","M","M","?","M","R","B",null,"M","?","M","?","?","E"],"character_chosen":"DEFECT","items_purchased":[],"campfire_rested":0,"item_purchase_floors":[],"current_hp_per_floor":[64,64,43,43,36,36,36,53,53,53,53,51,51,51,51,32,61,38,22,29,29,29,0],"gold":185,"neow_bonus":"THREE_ENEMY_KILL","is_prod":false,"is_daily":false,"chose_seed":false,"campfire_upgraded":2,"win_rate":0,"timestamp":1552660448,"path_taken":["M","$","?","?","?","R","E","?","T","M","?","M","?","M","R","BOSS","M","?","M","?","?","E"],"build_version":"2019-01-23","purchased_purges":1,"victory":false,"max_hp_per_floor":[71,71,71,71,71,71,71,71,71,71,71,71,71,71,71,71,71,71,71,71,71,71,71],"card_choices":[{"not_picked":["Redo","Leap"],"picked":"Conserve Battery","floor":1},{"not_picked":["Genetic Algorithm","Auto Shields"],"picked":"Electrodynamics","floor":7},{"not_picked":["Barrage","Heatsinks"],"picked":"Compile Driver","floor":10},{"not_picked":["Hologram","Sweeping Beam"],"picked":"Rebound","floor":10},{"not_picked":["Go for the Eyes","Stack"],"picked":"Leap","floor":11},{"not_picked":["Redo","Go for the Eyes"],"picked":"Glacier","floor":11},{"not_picked":["Beam Cell","Fusion"],"picked":"Conserve Battery","floor":12},{"not_picked":["Hologram","Biased Cognition"],"picked":"Conserve Battery","floor":12},{"not_picked":["Consume","Loop"],"picked":"Coolheaded","floor":14},{"not_picked":["Blizzard","Sunder"],"picked":"Conserve Battery","floor":14},{"not_picked":["Core Surge","Meteor Strike"],"picked":"Reboot","floor":16},{"not_picked":["Double Energy","Recycle"],"picked":"Glacier","floor":18},{"not_picked":["Coolheaded","Sweeping Beam+1"],"picked":"Self Repair","floor":18},{"not_picked":["Compile Driver","Undo"],"picked":"Self Repair+1","floor":20},{"not_picked":["Sweeping Beam","Hologram","Streamline"],"picked":"SKIP","floor":20}],"player_experience":484064,"relics_obtained":[{"floor":7,"key":"Dream Catcher"},{"floor":9,"key":"Prayer Wheel"}],"event_choices":[{"damage_healed":0,"gold_gain":0,"player_choice":"Entered Light","damage_taken":21,"max_hp_gain":0,"max_hp_loss":0,"event_name":"Shining Light","floor":3,"gold_loss":0,"cards_upgraded":["Strike_B","Conserve Battery"]},{"damage_healed":0,"gold_gain":0,"player_choice":"Grow","damage_taken":0,"max_hp_gain":0,"max_hp_loss":0,"event_name":"Living Wall","floor":4,"gold_loss":0,"cards_upgraded":["Zap"]},{"cards_removed":["Strike_B"],"damage_healed":0,"gold_gain":0,"player_choice":"Card Removal","damage_taken":7,"max_hp_gain":0,"max_hp_loss":0,"event_name":"Golden Wing","floor":5,"gold_loss":0},{"damage_healed":17,"gold_gain":0,"player_choice":"Healed","damage_taken":0,"max_hp_gain":0,"max_hp_loss":0,"event_name":"The Cleric","floor":8,"gold_loss":35},{"damage_healed":0,"gold_gain":0,"cards_transformed":["Defend_B"],"player_choice":"Transformed","damage_taken":0,"max_hp_gain":0,"max_hp_loss":0,"event_name":"Transmorgrifier","floor":13,"gold_loss":0,"cards_obtained":["Loop"]},{"damage_healed":0,"gold_gain":0,"player_choice":"Fight","damage_taken":0,"max_hp_gain":0,"max_hp_loss":0,"event_name":"Colosseum","floor":19,"gold_loss":0},{"damage_healed":0,"gold_gain":0,"player_choice":"Fled From Nobs","damage_taken":0,"max_hp_gain":0,"max_hp_loss":0,"event_name":"Colosseum","floor":19,"gold_loss":0},{"damage_healed":0,"gold_gain":0,"player_choice":"Opened","damage_taken":0,"relics_obtained":["Blue Candle"],"max_hp_gain":0,"max_hp_loss":0,"event_name":"The Mausoleum","floor":21,"gold_loss":0,"cards_obtained":["Writhe"]},{"damage_healed":0,"gold_gain":0,"player_choice":"Ignored","damage_taken":0,"max_hp_gain":0,"max_hp_loss":0,"event_name":"Ghosts","floor":22,"gold_loss":0}],"is_beta":false,"boss_relics":[{"not_picked":["Busted Crown","Inserter"],"picked":"Philosopher\u0027s Stone"}],"items_purged_floors":[2],"is_endless":false,"potions_floor_spawned":[7,14,18,20],"killed_by":"Book of Stabbing","ascension_level":17}