{"gold_per_floor":[113,63,63,81,101,101,121,159,159,159,236,277,300,316,316,406,406,420,6,24,24,24,24,59,59,130,161,177,177,201,244,244,339,339,354,422,422,117,137,177,195,195,195,239,20,20,20,59,59,59],"floor_reached":51,"playtime":2834,"items_purged":["Decay"],"score":1652,"play_id":"1302e246-a23d-4958-992d-78719d1e5a5d","local_time":"20190513004039","is_ascension_mode":true,"campfire_choices":[{"data":"Neutralize","floor":6.0,"key":"SMITH"},{"floor":10.0,"key":"REST"},{"data":"Cloak And Dagger","floor":15.0,"key":"SMITH"},{"data":"Noxious Fumes","floor":23.0,"key":"SMITH"},{"data":"Deadly Poison","floor":25.0,"key":"SMITH"},{"data":"After Image","floor":29,"key":"SMITH"},{"data":"Corpse Explosion","floor":32,"key":"SMITH"},{"data":"Sadistic Nature","floor":42,"key":"SMITH"},{"data":"Purity","floor":49,"key":"SMITH"}],"neow_cost":"NONE","seed_source_timestamp":32114876512410,"circlet_count":0,"master_deck":["AscendersBane","Defend_G","Defend_G","Defend_G","Defend_G","Defend_G","Strike_G","Strike_G","Strike_G","Strike_G","Survivor","Neutralize+1","Purity+1","Deflect","Cloak And Dagger+1","Deadly Poison+1","Dagger Spray","Acrobatics","PiercingWail","Corpse Explosion+1","After Image+1","PiercingWail","Leg Sweep+1","Noxious Fumes+1","Adrenaline+1","Ghostly+1","Ghostly+1","Ghostly+1","Ghostly+1","Ghostly+1","Dodge and Roll+1","Acrobatics+1","Blur+1","Catalyst+1","Burst+1","Deadly Poison+1","Sadistic Nature+1","Deflect+1","Masterful Stab+1","Parasite","Backflip+1","Setup+1","Writhe"],"special_seed":0,"relics":["Ring of the Snake","Golden Idol","Oddly Smooth Stone","Bag of Preparation","Mercury Hourglass","Blue Candle","Cursed Key","Toxic Egg 2","Gambling Chip","Letter Opener","Dream Catcher","Red Mask","Runic Pyramid","The Specimen","Medical Kit","Darkstone Periapt","Bottled Tornado","Regal Pillow","Orichalcum","Bag of Marbles"],"potions_floor_usage":[33,33,50,50],"damage_taken":[{"damage":0.0,"enemies":"2 Louse","floor":1.0,"turns":7.0},{"damage":1.0,"enemies":"Small Slimes","floor":4.0,"turns":4.0},{"damage":2.0,"enemies":"Jaw Worm","floor":5.0,"turns":6.0},{"damage":4.0,"enemies":"Blue Slaver","floor":7.0,"turns":7.0},{"damage":27.0,"enemies":"Gremlin Nob","floor":8.0,"turns":5.0},{"damage":3.0,"enemies":"3 Sentries","floor":12.0,"turns":6.0},{"damage":3.0,"enemies":"2 Fungi Beasts","floor":13.0,"turns":3.0},{"damage":0.0,"enemies":"Lots of Slimes","floor":14.0,"turns":2.0},{"damage":12.0,"enemies":"The Guardian","floor":16.0,"turns":9.0},{"damage":0.0,"enemies":"3 Byrds","floor":18.0,"turns":4.0},{"damage":0.0,"enemies":"Shell Parasite","floor":20.0,"turns":8.0},{"damage":0.0,"enemies":"Gremlin Leader","floor":24.0,"turns":8.0},{"damage":2.0,"enemies":"Book of Stabbing","floor":27.0,"turns":7.0},{"damage":1.0,"enemies":"Snecko","floor":28.0,"turns":5.0},{"damage":0,"enemies":"3 Cultists","floor":30,"turns":3},{"damage":0,"enemies":"Masked Bandits","floor":31,"turns":4},{"damage":0,"enemies":"Champ","floor":33,"turns":11},{"damage":0,"enemies":"3 Darklings","floor":35,"turns":1},{"damage":1,"enemies":"2 Orb Walkers","floor":36,"turns":6},{"damage":2,"enemies":"3 Shapes","floor":39,"turns":3},{"damage":0,"enemies":"Nemesis","floor":40,"turns":7},{"damage":0,"enemies":"Jaw Worm Horde","floor":41,"turns":2},{"damage":0,"enemies":"Reptomancer","floor":44,"turns":4},{"damage":0,"enemies":"Nemesis","floor":48,"turns":7},{"damage":0,"enemies":"Time Eater","floor":50,"turns":6}],"seed_played":"8922943518747411436","potions_obtained":[{"floor":4.0,"key":"Swift Potion"},{"floor":7.0,"key":"Fire Potion"},{"floor":8.0,"key":"PowerPotion"},{"floor":16.0,"key":"FearPotion"},{"floor":22.0,"key":"Poison Potion"},{"floor":22.0,"key":"Block Potion"},{"floor":28.0,"key":"GamblersBrew"},{"floor":33,"key":"SmokeBomb"},{"floor":35,"key":"Strength Potion"},{"floor":40,"key":"Poison Potion"}],"is_trial":false,"path_per_floor":["M","?","?","M","M","R","M","E","T","R","T","E","M","M","R","B",null,"M","$","M","?","?","R","E","R","T","E","M","R","M","?","R","B",null,"M","?","?","$","M","E","M","R","T","E","$","?","?","E","R","B",null],"character_chosen":"THE_SILENT","items_purchased":["Toxic Egg 2","Leg Sweep+1","Noxious Fumes","Medical Kit","Deflect+1","Orichalcum","Setup+1"],"campfire_rested":1,"item_purchase_floors":[19,19,19,38,38,45,45],"current_hp_per_floor":[63,63,46,45,43,43,39,12,12,33,33,30,27,27,27,15,56,56,56,56,35,35,35,35,35,35,33,32,32,32,32,32,32,34,34,33,33,33,31,31,31,31,37,37,37,36,42,42,42,42],"gold":59,"neow_bonus":"RANDOM_COLORLESS","is_prod":false,"is_daily":false,"chose_seed":false,"campfire_upgraded":8,"win_rate":0,"timestamp":1557700839,"path_taken":["M","?","?","M","M","R","M","E","T","R","?","E","?","M","R","BOSS","M","$","M","?","?","R","E","R","T","E","?","R","M","?","R","BOSS","M","?","?","$","M","E","M","R","T","E","$","?","?","E","R","BOSS"],"build_version":"2019-01-23","purchased_purges":1,"victory":true,"max_hp_per_floor":[70,70,70,70,70,70,70,70,70,70,70,70,70,70,70,70,70,70,70,70,35,35,35,35,35,35,35,35,35,35,35,35,35,35,35,35,35,35,35,35,35,35,41,41,41,36,42,42,42,42],"card_choices":[{"not_picked":["Accuracy","Outmaneuver"],"picked":"Deflect","floor":1.0},{"not_picked":["Deflect","Underhanded Strike"],"picked":"Cloak And Dagger","floor":4.0},{"not_picked":["Prepared","Bane","Outmaneuver"],"picked":"SKIP","floor":5.0},{"not_picked":["Heel Hook","Flying Knee"],"picked":"Deadly Poison","floor":7.0},{"not_picked":["Deadly Poison","Bouncing Flask"],"picked":"Dagger Spray","floor":8.0},{"not_picked":["Venomology","Prepared"],"picked":"Acrobatics","floor":12.0},{"not_picked":["Distraction","Dagger Throw"],"picked":"PiercingWail","floor":13.0},{"not_picked":["Prepared","Underhanded Strike"],"picked":"Corpse Explosion","floor":14.0},{"not_picked":["Bullet Time","Corpse Explosion"],"picked":"After Image","floor":16.0},{"not_picked":["Flying Knee","Dagger Throw"],"picked":"PiercingWail","floor":18.0},{"not_picked":["Backflip+1","Dagger Throw"],"picked":"Adrenaline+1","floor":20.0},{"not_picked":["PiercingWail+1","Flying Knee+1"],"picked":"Dodge and Roll+1","floor":24.0},{"not_picked":["Expertise+1","Dagger Throw"],"picked":"Acrobatics+1","floor":27.0},{"not_picked":["Concentrate+1","Poisoned Stab"],"picked":"Blur+1","floor":28.0},{"not_picked":["Underhanded Strike","Infinite Blades","Slice"],"picked":"SKIP","floor":30},{"not_picked":["Underhanded Strike","Infinite Blades","Slice"],"picked":"SKIP","floor":30},{"not_picked":["Accuracy","Deadly Poison+1"],"picked":"Catalyst+1","floor":31},{"not_picked":["Night Terror+1","Adrenaline+1"],"picked":"Burst+1","floor":33},{"not_picked":["Predator","Prepared+1","Dagger Throw+1"],"picked":"SKIP","floor":35},{"not_picked":["Prepared+1","Distraction+1"],"picked":"Deadly Poison+1","floor":36},{"not_picked":["Transmutation+1","Swift Strike"],"picked":"Sadistic Nature","floor":37},{"not_picked":["Blade Dance+1","Dagger Spray","Prepared+1"],"picked":"SKIP","floor":39},{"not_picked":["Poisoned Stab","Bane"],"picked":"Masterful Stab+1","floor":40},{"not_picked":["Riddle With Holes","Bane+1","Well Laid Plans"],"picked":"SKIP","floor":41},{"not_picked":["Skewer","Flechettes"],"picked":"Backflip+1","floor":44},{"not_picked":["Backstab","Flechettes","Calculated Gamble+1"],"picked":"SKIP","floor":48}],"player_experience":622996,"relics_obtained":[{"floor":8.0,"key":"Oddly Smooth Stone"},{"floor":9.0,"key":"Bag of Preparation"},{"floor":11.0,"key":"Mercury Hourglass"},{"floor":12.0,"key":"Blue Candle"},{"floor":24.0,"key":"Gambling Chip"},{"floor":26.0,"key":"Letter Opener"},{"floor":27.0,"key":"Dream Catcher"},{"floor":31,"key":"Red Mask"},{"floor":36,"key":"The Specimen"},{"floor":40,"key":"Darkstone Periapt"},{"floor":43,"key":"Bottled Tornado"},{"floor":44,"key":"Regal Pillow"},{"floor":48,"key":"Bag of Marbles"}],"event_choices":[{"cards_removed":["Strike_G"],"damage_healed":0.0,"max_hp_gain":0.0,"max_hp_loss":0.0,"gold_gain":0.0,"event_name":"The Cleric","player_choice":"Card Removal","floor":2.0,"gold_loss":50.0,"damage_taken":0.0},{"damage_healed":0.0,"max_hp_gain":0.0,"max_hp_loss":0.0,"gold_gain":0.0,"event_name":"Golden Idol","player_choice":"Take Damage","floor":3.0,"gold_loss":0.0,"damage_taken":17.0,"relics_obtained":["Golden Idol"]},{"damage_healed":0.0,"max_hp_gain":0.0,"max_hp_loss":35.0,"gold_gain":0.0,"event_name":"Ghosts","player_choice":"Became a Ghost","floor":21.0,"gold_loss":0.0,"damage_taken":0.0,"cards_obtained":["Ghostly","Ghostly","Ghostly","Ghostly","Ghostly"]},{"damage_healed":0.0,"max_hp_gain":0.0,"max_hp_loss":0.0,"gold_gain":0.0,"event_name":"Lab","player_choice":"Got Potions","floor":22.0,"gold_loss":0.0,"damage_taken":0.0},{"damage_healed":0,"gold_gain":0,"player_choice":"Fought Bandits","damage_taken":0,"max_hp_gain":0,"max_hp_loss":0,"event_name":"Masked Bandits","floor":31,"gold_loss":0},{"damage_healed":0,"gold_gain":0,"player_choice":"Fight","damage_taken":0,"max_hp_gain":0,"max_hp_loss":0,"event_name":"Mysterious Sphere","floor":36,"gold_loss":0},{"damage_healed":0,"gold_gain":0,"player_choice":"Memory 1","damage_taken":0,"max_hp_gain":0,"max_hp_loss":0,"event_name":"SensoryStone","floor":37,"gold_loss":0},{"damage_healed":36,"gold_gain":0,"player_choice":"Heal","damage_taken":0,"max_hp_gain":0,"max_hp_loss":5,"event_name":"The Moai Head","floor":46,"gold_loss":0},{"damage_healed":9,"gold_gain":0,"player_choice":"Writhe","damage_taken":0,"max_hp_gain":0,"max_hp_loss":0,"event_name":"Winding Halls","floor":47,"gold_loss":0,"cards_obtained":["Writhe"]}],"is_beta":false,"boss_relics":[{"not_picked":["White Beast Statue","Astrolabe"],"picked":"Cursed Key"},{"not_picked":["Eternal Feather","Lizard Tail"],"picked":"Runic Pyramid"}],"items_purged_floors":[38],"is_endless":false,"potions_floor_spawned":[4,7,8,16,24,28,31,33,35,40],"ascension_level":13}