{"gold_per_floor":[363,363,374,374,49,49,62,89,89,14,45,59,38,38,38,38],"floor_reached":16,"playtime":585,"items_purged":[],"score":224,"play_id":"703a1de1-a5c2-4e33-827d-841443f4ddce","local_time":"20190317072230","is_ascension_mode":true,"campfire_choices":[{"data":"Pommel Strike","floor":6,"key":"SMITH"},{"data":"Flame Barrier","floor":15,"key":"SMITH"}],"neow_cost":"CURSE","seed_source_timestamp":873071094916498,"circlet_count":0,"master_deck":["AscendersBane","Strike_R","Strike_R","Strike_R","Strike_R","Strike_R","Defend_R","Defend_R","Defend_R","Defend_R","Bash+1","Pommel Strike+1","Second Wind","Dropkick","Flame Barrier+1"],"relics":["Burning Blood","Ice Cream","Pantograph","Gremlin Horn","Art of War"],"potions_floor_usage":[8,11,13,14],"damage_taken":[{"damage":14,"enemies":"2 Louse","floor":1,"turns":2},{"damage":1,"enemies":"Cultist","floor":3,"turns":4},{"damage":4,"enemies":"Jaw Worm","floor":7,"turns":4},{"damage":20,"enemies":"Lagavulin","floor":8,"turns":6},{"damage":35,"enemies":"3 Sentries","floor":11,"turns":11},{"damage":11,"enemies":"Blue Slaver","floor":12,"turns":4},{"damage":1,"enemies":"Exordium Thugs","floor":13,"turns":4},{"damage":0,"enemies":"Exordium Wildlife","floor":14,"turns":1},{"damage":59,"enemies":"Hexaghost","floor":16,"turns":9}],"seed_played":"8167045816181400710","potions_obtained":[{"floor":2,"key":"Energy Potion"},{"floor":2,"key":"FearPotion"},{"floor":11,"key":"SkillPotion"},{"floor":13,"key":"SmokeBomb"}],"is_trial":false,"path_per_floor":["M","?","M","?","$","R","M","E","T","?","E","M","M","M","R","B"],"character_chosen":"IRONCLAD","items_purchased":["Ice Cream"],"campfire_rested":0,"item_purchase_floors":[5],"current_hp_per_floor":[60,60,65,65,65,65,67,53,53,53,24,19,24,30,30,0],"gold":38,"neow_bonus":"TWO_FIFTY_GOLD","is_prod":false,"is_daily":false,"chose_seed":false,"campfire_upgraded":2,"win_rate":0,"timestamp":1552774950,"path_taken":["M","?","?","?","$","R","M","E","T","?","E","M","M","M","R","BOSS"],"build_version":"2019-01-23","purchased_purges":0,"victory":false,"max_hp_per_floor":[75,75,75,75,75,75,75,75,75,75,75,75,75,75,75,75],"card_choices":[{"not_picked":["Ghostly Armor","Thunderclap"],"picked":"Pommel Strike","floor":1},{"not_picked":["Headbutt","True Grit","Bloodletting"],"picked":"SKIP","floor":3},{"not_picked":["Headbutt","Warcry"],"picked":"Second Wind","floor":7},{"not_picked":["Armaments","Second Wind","Cleave"],"picked":"SKIP","floor":8},{"not_picked":["Rampage","Evolve"],"picked":"Dropkick","floor":11},{"not_picked":["Dropkick","Dual Wield"],"picked":"Flame Barrier","floor":12},{"not_picked":["Wild Strike","Sentinel","Intimidate"],"picked":"SKIP","floor":13}],"player_experience":721217,"relics_obtained":[{"floor":8,"key":"Pantograph"},{"floor":9,"key":"Gremlin Horn"},{"floor":11,"key":"Art of War"}],"event_choices":[{"damage_healed":0,"gold_gain":0,"player_choice":"Got Potions","damage_taken":0,"max_hp_gain":0,"max_hp_loss":0,"event_name":"Lab","floor":2,"gold_loss":0},{"damage_healed":0,"gold_gain":0,"player_choice":"Grow","damage_taken":0,"max_hp_gain":0,"max_hp_loss":0,"event_name":"Living Wall","floor":4,"gold_loss":0,"cards_upgraded":["Bash"]},{"cards_removed":["Clumsy"],"damage_healed":0,"gold_gain":0,"player_choice":"Card Removal","damage_taken":0,"max_hp_gain":0,"max_hp_loss":0,"event_name":"The Cleric","floor":10,"gold_loss":75}],"is_beta":false,"boss_relics":[],"items_purged_floors":[],"is_endless":false,"potions_floor_spawned":[3,11,13],"killed_by":"Hexaghost","ascension_level":20}