{"gold_per_floor":[117,117,132,142,142,177,177,188,188,205,205,63,90,90,90,90],"floor_reached":16,"playtime":1368,"items_purged":["Strike_B"],"score":110,"play_id":"0883f63f-a2f4-4d24-9694-fca221ccfcf7","local_time":"20190408225938","is_ascension_mode":false,"campfire_choices":[{"data":"Self Repair","floor":7,"key":"SMITH"},{"data":"Dualcast","floor":11,"key":"SMITH"},{"data":"Echo Form","floor":15,"key":"SMITH"}],"neow_cost":"NONE","seed_source_timestamp":32768932523588,"circlet_count":0,"master_deck":["Strike_B","Strike_B","Defend_B","Defend_B","Defend_B","Defend_B","Zap+1","Dualcast+1","Glacier","Cold Snap","Leap","Auto Shields","Self Repair+1","Coolheaded","Conserve Battery","Capacitor","Echo Form+1","Steam Power"],"relics":["Cracked Core","Orichalcum","Cables","Pear"],"potions_floor_usage":[],"damage_taken":[{"damage":0,"enemies":"Small Slimes","floor":1,"turns":4},{"damage":0,"enemies":"Cultist","floor":3,"turns":5},{"damage":0,"enemies":"2 Louse","floor":4,"turns":3},{"damage":32,"enemies":"Gremlin Nob","floor":6,"turns":5},{"damage":15,"enemies":"Gremlin Gang","floor":8,"turns":6},{"damage":0,"enemies":"Large Slime","floor":10,"turns":6},{"damage":7,"enemies":"3 Sentries","floor":13,"turns":14},{"damage":59,"enemies":"Hexaghost","floor":16,"turns":24}],"seed_played":"-956865263788309636","potions_obtained":[{"floor":3,"key":"Ancient Potion"},{"floor":4,"key":"EssenceOfSteel"},{"floor":8,"key":"Regen Potion"}],"is_trial":false,"path_per_floor":["M","?","M","M","?","E","R","M","T","M","R","$","E","?","R","B"],"character_chosen":"DEFECT","items_purchased":["Capacitor"],"campfire_rested":0,"item_purchase_floors":[12],"current_hp_per_floor":[75,68,68,68,68,36,36,31,31,41,41,41,54,54,54,0],"gold":90,"neow_bonus":"THREE_CARDS","is_prod":false,"is_daily":false,"chose_seed":false,"campfire_upgraded":3,"win_rate":0,"timestamp":1554778778,"path_taken":["M","?","?","?","?","E","R","M","T","?","R","$","E","?","R","BOSS"],"build_version":"2019-01-23","purchased_purges":1,"victory":false,"max_hp_per_floor":[75,75,75,75,75,75,75,75,75,75,75,75,85,85,85,85],"card_choices":[{"not_picked":["Streamline","Static Discharge"],"picked":"Glacier","floor":0},{"not_picked":["Stack","Compile Driver"],"picked":"Cold Snap","floor":1},{"not_picked":["Cold Snap","Lockon"],"picked":"Leap","floor":3},{"not_picked":["Turbo","Beam Cell"],"picked":"Auto Shields","floor":4},{"not_picked":["Sunder","Electrodynamics"],"picked":"Self Repair","floor":6},{"not_picked":["Chill","Double Energy"],"picked":"Coolheaded","floor":8},{"not_picked":["Doom and Gloom","Leap"],"picked":"Conserve Battery","floor":10},{"not_picked":["Leap","Go for the Eyes"],"picked":"Echo Form","floor":13}],"player_experience":116729,"relics_obtained":[{"floor":6,"key":"Orichalcum"},{"floor":9,"key":"Cables"},{"floor":13,"key":"Pear"}],"event_choices":[{"damage_healed":0,"gold_gain":0,"player_choice":"Damaged","damage_taken":7,"max_hp_gain":0,"max_hp_loss":0,"event_name":"Wheel of Change","floor":2,"gold_loss":0},{"damage_healed":0,"gold_gain":0,"player_choice":"Upgraded","damage_taken":0,"max_hp_gain":0,"max_hp_loss":0,"event_name":"Upgrade Shrine","floor":5,"gold_loss":0,"cards_upgraded":["Zap"]},{"damage_healed":0,"gold_gain":0,"cards_transformed":["Strike_B"],"player_choice":"Change","damage_taken":0,"max_hp_gain":0,"max_hp_loss":0,"event_name":"Living Wall","floor":14,"gold_loss":0,"cards_obtained":["Steam Power"]}],"is_beta":false,"boss_relics":[],"items_purged_floors":[12],"is_endless":false,"potions_floor_spawned":[3,4,8,10],"killed_by":"Hexaghost","ascension_level":0}