{"gold_per_floor":[109,109,6,21,37,47,47,72,96,130,54,54,66,76,76,153,153,171,171,183,196,196,196,229,229,229,240,87,87,102,25,25,97,97,115,115,132,145,162,162],"floor_reached":40,"playtime":2461,"items_purged":["Pain","Strike_B"],"score":890,"play_id":"c545bd3e-ccac-491b-93f5-18f4ed442ec2","local_time":"20190430212457","is_ascension_mode":true,"campfire_choices":[{"data":"Zap","floor":7,"key":"SMITH"},{"data":"Doom and Gloom","floor":12,"key":"SMITH"},{"data":"Hologram","floor":15,"key":"SMITH"},{"floor":23,"key":"REST"},{"data":"Leap","floor":29,"key":"SMITH"},{"floor":32,"key":"REST"}],"neow_cost":"NONE","seed_source_timestamp":143382831170600,"circlet_count":0,"master_deck":["AscendersBane","Strike_B","Strike_B","Strike_B","Defend_B","Defend_B","Defend_B","Defend_B","Zap+1","Dualcast","Hologram+1","Rebound","Cold Snap","Cold Snap","Coolheaded","Echo Form","Ball Lightning","Doom and Gloom+1","Leap+1","Ball Lightning","All For One","Electrodynamics+1","Self Repair+1","Loop+1","Thunder Strike","Go for the Eyes+1","Loop+1","Force Field"],"relics":["Cracked Core","WarpedTongs","Regal Pillow","Orichalcum","Oddly Smooth Stone","Snecko Eye","Frozen Egg 2","Ornamental Fan","Velvet Choker","Meat on the Bone"],"potions_floor_usage":[8,10,16,24,24,33,33,40],"damage_taken":[{"damage":0,"enemies":"2 Louse","floor":1,"turns":2},{"damage":1,"enemies":"Cultist","floor":4,"turns":3},{"damage":0,"enemies":"Jaw Worm","floor":5,"turns":2},{"damage":2,"enemies":"Looter","floor":6,"turns":4},{"damage":11,"enemies":"3 Sentries","floor":8,"turns":5},{"damage":14,"enemies":"Gremlin Nob","floor":10,"turns":4},{"damage":1,"enemies":"Blue Slaver","floor":13,"turns":3},{"damage":1,"enemies":"Red Slaver","floor":14,"turns":4},{"damage":10,"enemies":"Hexaghost","floor":16,"turns":8},{"damage":0,"enemies":"Chosen","floor":18,"turns":5},{"damage":8,"enemies":"3 Byrds","floor":20,"turns":4},{"damage":17,"enemies":"Centurion and Healer","floor":21,"turns":8},{"damage":32,"enemies":"Slavers","floor":24,"turns":4},{"damage":0,"enemies":"Snake Plant","floor":27,"turns":3},{"damage":0,"enemies":"3 Cultists","floor":30,"turns":3},{"damage":26,"enemies":"Automaton","floor":33,"turns":12},{"damage":1,"enemies":"3 Shapes","floor":35,"turns":5},{"damage":54,"enemies":"3 Darklings","floor":37,"turns":5},{"damage":21,"enemies":"Spire Growth","floor":38,"turns":6},{"damage":5,"enemies":"4 Shapes","floor":39,"turns":6},{"damage":74,"enemies":"Giant Head","floor":40,"turns":6}],"seed_played":"-5722018402710226509","potions_obtained":[{"floor":0,"key":"LiquidBronze"},{"floor":0,"key":"AttackPotion"},{"floor":8,"key":"Poison Potion"},{"floor":13,"key":"FearPotion"},{"floor":16,"key":"SteroidPotion"},{"floor":24,"key":"Block Potion"},{"floor":33,"key":"FearPotion"},{"floor":39,"key":"Ancient Potion"}],"is_trial":false,"path_per_floor":["M","?","$","M","M","M","R","E","T","E","$","R","M","M","R","B",null,"M","T","M","M","?","R","E","?","T","M","$","R","M","$","R","B",null,"M","T","M","M","M","E"],"character_chosen":"DEFECT","items_purchased":["Rebound","Doom and Gloom","Block Potion","Loop+1"],"campfire_rested":2,"item_purchase_floors":[3,11,28,31],"current_hp_per_floor":[64,64,64,63,63,61,61,50,50,36,36,36,35,34,34,24,59,59,59,51,34,34,70,38,38,38,38,38,38,48,48,71,55,67,71,71,39,50,45,0],"gold":162,"neow_bonus":"THREE_SMALL_POTIONS","is_prod":false,"is_daily":false,"chose_seed":false,"campfire_upgraded":4,"win_rate":0,"timestamp":1556627097,"path_taken":["M","?","$","M","M","M","R","E","T","E","$","R","M","M","R","BOSS","M","?","M","M","?","R","E","?","T","M","$","R","M","?","R","BOSS","M","?","M","M","M","E"],"build_version":"2019-01-23","purchased_purges":2,"victory":false,"max_hp_per_floor":[71,71,71,71,71,71,71,71,71,71,71,71,71,71,71,71,71,71,71,71,71,71,71,71,71,71,71,71,71,71,71,71,71,71,71,71,71,71,71,71],"card_choices":[{"not_picked":["Redo","Barrage"],"picked":"Hologram","floor":1},{"not_picked":["Gash","Rebound"],"picked":"Cold Snap","floor":4},{"not_picked":["Meteor Strike","Aggregate"],"picked":"Cold Snap","floor":5},{"not_picked":["Rip and Tear","Gash"],"picked":"Coolheaded","floor":6},{"not_picked":["Double Energy","Aggregate"],"picked":"Echo Form","floor":8},{"not_picked":["Leap","Scrape"],"picked":"Ball Lightning","floor":10},{"not_picked":["BootSequence","Steam"],"picked":"Leap","floor":13},{"not_picked":["Sweeping Beam","Auto Shields"],"picked":"Ball Lightning","floor":14},{"not_picked":["Buffer","Machine Learning"],"picked":"All For One","floor":16},{"not_picked":["Leap+1","Compile Driver","Gash"],"picked":"SKIP","floor":18},{"not_picked":["Leap","Genetic Algorithm","Rip and Tear"],"picked":"SKIP","floor":20},{"not_picked":["Rebound","Chill","Gash"],"picked":"SKIP","floor":21},{"not_picked":["Compile Driver","Coolheaded+1","Ball Lightning"],"picked":"SKIP","floor":24},{"not_picked":["Reinforced Body","Go for the Eyes"],"picked":"Self Repair+1","floor":27},{"not_picked":["Barrage","Double Energy","Sweeping Beam+1"],"picked":"SKIP","floor":30},{"not_picked":["All For One","Fission"],"picked":"Thunder Strike","floor":33},{"not_picked":["Hologram","Streamline"],"picked":"Go for the Eyes+1","floor":35},{"not_picked":["Streamline+1","Melter+1"],"picked":"Loop+1","floor":37},{"not_picked":["Beam Cell","White Noise"],"picked":"Force Field","floor":38},{"not_picked":["Gash+1","Reprogram","Leap"],"picked":"SKIP","floor":39}],"player_experience":1165426,"relics_obtained":[{"floor":8,"key":"Regal Pillow"},{"floor":9,"key":"Orichalcum"},{"floor":10,"key":"Oddly Smooth Stone"},{"floor":19,"key":"Frozen Egg 2"},{"floor":24,"key":"Ornamental Fan"},{"floor":36,"key":"Meat on the Bone"}],"event_choices":[{"damage_healed":0,"gold_gain":0,"player_choice":"Rummage","damage_taken":0,"relics_obtained":["WarpedTongs"],"max_hp_gain":0,"max_hp_loss":0,"event_name":"Accursed Blacksmith","floor":2,"gold_loss":0,"cards_obtained":["Pain"]},{"damage_healed":0,"gold_gain":0,"player_choice":"Ignored","damage_taken":0,"max_hp_gain":0,"max_hp_loss":0,"event_name":"Vampires","floor":22,"gold_loss":0},{"damage_healed":0,"gold_gain":0,"player_choice":"Read","damage_taken":0,"max_hp_gain":0,"max_hp_loss":0,"event_name":"The Library","floor":25,"gold_loss":0,"cards_obtained":["Electrodynamics"]}],"is_beta":false,"boss_relics":[{"not_picked":["Inserter","Busted Crown"],"picked":"Snecko Eye"},{"not_picked":["Runic Pyramid","Orrery"],"picked":"Velvet Choker"}],"items_purged_floors":[3,28],"is_endless":false,"potions_floor_spawned":[6,8,13,14,16,18,20,24,30,33,39],"killed_by":"Giant Head","ascension_level":20}