{"gold_per_floor":[114,128,143,157,176,176,189,189,261,281,281,312,312,331,331,405,405,425,440,440],"floor_reached":20,"playtime":892,"items_purged":[],"score":360,"play_id":"460e4c7f-7375-4dfe-a487-75317280f7c7","local_time":"20190413195737","is_ascension_mode":true,"campfire_choices":[{"data":"Zap","floor":6.0,"key":"SMITH"},{"data":"White Noise","floor":8.0,"key":"SMITH"},{"floor":11.0,"key":"REST"},{"data":"Go for the Eyes","floor":15.0,"key":"SMITH"}],"neow_cost":"NONE","seed_source_timestamp":1336771935659272,"circlet_count":0,"master_deck":["AscendersBane","Strike_B","Defend_B","Defend_B","Defend_B","Defend_B","Zap+1","Dualcast","White Noise+1","Go for the Eyes+1","Ball Lightning","Hologram","Ball Lightning","Coolheaded","Coolheaded","Core Surge","Rip and Tear+1","Stack+1","Storm+1","Auto Shields","Conserve Battery+1"],"special_seed":0,"relics":["Cracked Core","Boot","Shuriken","Bottled Lightning","Astrolabe"],"potions_floor_usage":[20],"damage_taken":[{"damage":1.0,"enemies":"Cultist","floor":1.0,"turns":4.0},{"damage":5.0,"enemies":"Small Slimes","floor":2.0,"turns":3.0},{"damage":7.0,"enemies":"Jaw Worm","floor":3.0,"turns":3.0},{"damage":4.0,"enemies":"Looter","floor":4.0,"turns":3.0},{"damage":3.0,"enemies":"Blue Slaver","floor":5.0,"turns":4.0},{"damage":23.0,"enemies":"Gremlin Gang","floor":7.0,"turns":4.0},{"damage":9.0,"enemies":"Exordium Thugs","floor":10.0,"turns":3.0},{"damage":11.0,"enemies":"Gremlin Nob","floor":12.0,"turns":3.0},{"damage":9.0,"enemies":"Lots of Slimes","floor":14.0,"turns":3.0},{"damage":60.0,"enemies":"Hexaghost","floor":16.0,"turns":11.0},{"damage":28,"enemies":"2 Thieves","floor":18,"turns":4},{"damage":24,"enemies":"Spheric Guardian","floor":19,"turns":6},{"damage":10,"enemies":"Shelled Parasite and Fungi","floor":20,"turns":1}],"seed_played":"-6900272354987433506","potions_obtained":[{"floor":1.0,"key":"EntropicBrew"},{"floor":12.0,"key":"Ancient Potion"},{"floor":16.0,"key":"GamblersBrew"}],"is_trial":false,"path_per_floor":["M","M","M","M","M","R","M","R","T","M","R","E","?","M","R","B",null,"M","M","M"],"character_chosen":"DEFECT","items_purchased":[],"campfire_rested":1,"item_purchase_floors":[],"current_hp_per_floor":[63,58,51,47,44,44,21,21,21,12,33,22,71,62,62,2,54,26,2,0],"gold":440,"neow_bonus":"RANDOM_COMMON_RELIC","is_prod":false,"is_daily":false,"chose_seed":false,"campfire_upgraded":3,"win_rate":0,"timestamp":1555153057,"path_taken":["M","M","M","M","M","R","?","R","T","M","R","E","?","M","R","BOSS","M","M","?"],"build_version":"2019-01-23","purchased_purges":0,"victory":false,"max_hp_per_floor":[71,71,71,71,71,71,71,71,71,71,71,71,71,71,71,71,71,71,71,71],"card_choices":[{"not_picked":["Sweeping Beam","Hologram"],"picked":"White Noise","floor":1.0},{"not_picked":["Skim","Redo"],"picked":"Go for the Eyes","floor":2.0},{"not_picked":["FTL","Melter"],"picked":"Ball Lightning","floor":3.0},{"not_picked":["Steam","Streamline"],"picked":"Hologram","floor":4.0},{"not_picked":["Beam Cell","Hologram","Creative AI"],"picked":"SKIP","floor":5.0},{"not_picked":["Go for the Eyes","Rebound","Barrage"],"picked":"SKIP","floor":7.0},{"not_picked":["Gash","Multi-Cast"],"picked":"Ball Lightning","floor":10.0},{"not_picked":["Barrage","Lockon"],"picked":"Coolheaded","floor":12.0},{"not_picked":["Rip and Tear","Steam"],"picked":"Coolheaded","floor":14.0},{"not_picked":["Hyperbeam","Amplify"],"picked":"Core Surge","floor":16.0},{"not_picked":["Coolheaded","Gash+1"],"picked":"Auto Shields","floor":18},{"not_picked":["Leap","Barrage"],"picked":"Conserve Battery+1","floor":19}],"player_experience":919042,"relics_obtained":[{"floor":9.0,"key":"Shuriken"},{"floor":12.0,"key":"Bottled Lightning"}],"event_choices":[{"damage_healed":49.0,"max_hp_gain":0.0,"max_hp_loss":0.0,"gold_gain":0.0,"event_name":"Wheel of Change","player_choice":"Full Heal","floor":13.0,"gold_loss":0.0,"damage_taken":0.0}],"is_beta":false,"boss_relics":[{"not_picked":["Runic Dome","Orrery"],"picked":"Astrolabe"}],"items_purged_floors":[],"is_endless":false,"potions_floor_spawned":[1,10,12,16],"killed_by":"Shelled Parasite and Fungi","ascension_level":20}