{"gold_per_floor":[114,133,133,133,133,133,161,175,252,252],"floor_reached":10,"playtime":346,"items_purged":[],"score":106,"play_id":"490cbc50-f35a-4e05-907c-b1741d96e306","local_time":"20190504144806","is_ascension_mode":true,"campfire_choices":[{"data":"Neutralize","floor":6,"key":"SMITH"}],"neow_cost":"NONE","seed_source_timestamp":673380198837971,"circlet_count":0,"master_deck":["AscendersBane","Defend_G","Defend_G","Defend_G","Defend_G","Defend_G","Strike_G","Strike_G","Strike_G","Strike_G","Survivor","Neutralize+1","Cloak And Dagger","Footwork","Escape Plan"],"relics":["Ring of the Snake","Matryoshka","Mummified Hand","PreservedInsect","The Courier"],"potions_floor_usage":[7],"damage_taken":[{"damage":1,"enemies":"Cultist","floor":1,"turns":5},{"damage":0,"enemies":"Small Slimes","floor":2,"turns":3},{"damage":41,"enemies":"Lagavulin","floor":7,"turns":14},{"damage":0,"enemies":"Jaw Worm","floor":8,"turns":5},{"damage":45,"enemies":"Gremlin Nob","floor":10,"turns":5}],"seed_played":"-5432970104904037697","potions_obtained":[{"floor":1,"key":"Fire Potion"}],"is_trial":false,"path_per_floor":["M","M","T","?","$","R","E","M","T","E"],"character_chosen":"THE_SILENT","items_purchased":[],"campfire_rested":0,"item_purchase_floors":[],"current_hp_per_floor":[69,69,69,69,69,69,28,28,28,0],"gold":252,"neow_bonus":"TEN_PERCENT_HP_BONUS","is_prod":false,"is_daily":false,"chose_seed":false,"campfire_upgraded":1,"win_rate":0,"timestamp":1556974086,"path_taken":["M","M","?","?","$","R","E","M","T","E"],"build_version":"2019-01-23","purchased_purges":0,"victory":false,"max_hp_per_floor":[77,77,77,77,77,77,77,77,77,77],"card_choices":[{"not_picked":["All Out Attack","Blade Dance"],"picked":"Cloak And Dagger","floor":1},{"not_picked":["Outmaneuver","Reflex","Flying Knee"],"picked":"SKIP","floor":2},{"not_picked":["Distraction","Outmaneuver"],"picked":"Escape Plan","floor":7},{"not_picked":["Bane","Setup","Acrobatics"],"picked":"SKIP","floor":8}],"player_experience":537543,"relics_obtained":[{"floor":3,"key":"Matryoshka"},{"floor":7,"key":"Mummified Hand"},{"floor":9,"key":"PreservedInsect"},{"floor":9,"key":"The Courier"}],"event_choices":[{"damage_healed":0,"gold_gain":0,"cards_transformed":["Strike_G"],"player_choice":"Change","damage_taken":0,"max_hp_gain":0,"max_hp_loss":0,"event_name":"Living Wall","floor":4,"gold_loss":0,"cards_obtained":["Footwork"]}],"is_beta":false,"boss_relics":[],"items_purged_floors":[],"is_endless":false,"potions_floor_spawned":[1],"killed_by":"Gremlin Nob","ascension_level":12}