{"gold_per_floor":[116,116,129,129,141,172,25,43,43,43,67,99,115,135,135,237,237,247,15,15,35,46,74,74,103,103,103,114,114,148,85,85,180,180,197,16,28,28,44,44,55,101,101,101,132,232,232,54,54,54],"floor_reached":51,"playtime":2560,"items_purged":["Writhe","Strike_B","Dualcast"],"score":743,"play_id":"f22e30fd-1941-4859-be85-da733830051f","local_time":"20190419022740","is_ascension_mode":false,"campfire_choices":[{"data":"Go for the Eyes","floor":10,"key":"SMITH"},{"data":"Electrodynamics","floor":15,"key":"SMITH"},{"data":"Fission","floor":24,"key":"SMITH"},{"floor":32,"key":"REST"},{"data":"Seek","floor":40,"key":"SMITH"},{"data":"Hologram","floor":44,"key":"SMITH"},{"data":"Dark Shackles","floor":47,"key":"SMITH"},{"floor":49,"key":"REST"}],"neow_cost":"NONE","seed_source_timestamp":0,"circlet_count":0,"master_deck":["Defend_B","Defend_B","Defend_B","Defend_B","Zap+1","Rebound","Static Discharge","Conserve Battery","Doom and Gloom","Chill","Leap","Go for the Eyes+1","Ball Lightning","Electrodynamics+1","White Noise","Compile Driver+1","Fission+1","Dark Shackles+1","Coolheaded","Ball Lightning+1","Seek+1","Cold Snap+1","Go for the Eyes+1","Finesse","Chill+1","Hologram+1","Tempest+1","Leap+1","Steam","Compile Driver+1"],"relics":["Cracked Core","Bottled Tornado","Molten Egg 2","Odd Mushroom","Orichalcum","Inserter","DataDisk","Pen Nib","Nunchaku","Ornamental Fan","Regal Pillow","MawBank","Sozu","Turnip","Mummified Hand","Pocketwatch"],"potions_floor_usage":[11,16,16,18,23,30],"damage_taken":[{"damage":5,"enemies":"Small Slimes","floor":1,"turns":3},{"damage":0,"enemies":"Cultist","floor":3,"turns":2},{"damage":0,"enemies":"2 Louse","floor":5,"turns":2},{"damage":33,"enemies":"Gremlin Nob","floor":6,"turns":4},{"damage":0,"enemies":"Blue Slaver","floor":8,"turns":2},{"damage":0,"enemies":"The Mushroom Lair","floor":11,"turns":3},{"damage":14,"enemies":"Lagavulin","floor":12,"turns":5},{"damage":2,"enemies":"Large Slime","floor":13,"turns":3},{"damage":0,"enemies":"3 Louse","floor":14,"turns":1},{"damage":8,"enemies":"Hexaghost","floor":16,"turns":8},{"damage":9,"enemies":"2 Thieves","floor":18,"turns":3},{"damage":2,"enemies":"Chosen","floor":21,"turns":4},{"damage":5,"enemies":"Centurion and Healer","floor":22,"turns":5},{"damage":4,"enemies":"Book of Stabbing","floor":23,"turns":6},{"damage":15,"enemies":"Gremlin Leader","floor":25,"turns":5},{"damage":0,"enemies":"Snake Plant","floor":28,"turns":2},{"damage":4,"enemies":"Book of Stabbing","floor":30,"turns":5},{"damage":10,"enemies":"Champ","floor":33,"turns":10},{"damage":0,"enemies":"3 Shapes","floor":35,"turns":3},{"damage":0,"enemies":"3 Darklings","floor":37,"turns":4},{"damage":10,"enemies":"Sphere and 2 Shapes","floor":39,"turns":4},{"damage":0,"enemies":"Transient","floor":41,"turns":5},{"damage":24,"enemies":"2 Orb Walkers","floor":42,"turns":4},{"damage":3,"enemies":"Giant Head","floor":45,"turns":8},{"damage":2,"enemies":"Mind Bloom Boss Battle","floor":46,"turns":5},{"damage":33,"enemies":"Donu and Deca","floor":50,"turns":9}],"seed_played":"31896783215","potions_obtained":[{"floor":5,"key":"Strength Potion"},{"floor":8,"key":"PowerPotion"},{"floor":13,"key":"Regen Potion"},{"floor":14,"key":"SteroidPotion"},{"floor":16,"key":"SneckoOil"},{"floor":18,"key":"LiquidBronze"},{"floor":21,"key":"SkillPotion"},{"floor":23,"key":"EssenceOfSteel"}],"is_trial":false,"path_per_floor":["M","?","M","?","M","E","$","M","T","R","?","E","M","M","R","B",null,"M","$","?","M","M","E","R","E","T","?","M","?","E","$","R","B",null,"M","$","M","?","M","R","M","?","T","R","E","?","R","$","R","B",null],"character_chosen":"DEFECT","items_purchased":["Chill","Leap","Go for the Eyes","DataDisk","Dark Shackles","Finesse","Compile Driver+1"],"campfire_rested":2,"item_purchase_floors":[7,7,7,19,19,36,48],"current_hp_per_floor":[70,70,70,70,70,37,37,37,37,37,37,23,21,21,21,28,75,66,66,66,64,59,55,55,40,40,40,40,26,22,22,61,51,80,80,80,80,80,70,70,70,46,46,46,43,41,41,41,80,47],"gold":54,"neow_bonus":"UPGRADE_CARD","is_prod":false,"is_daily":false,"chose_seed":true,"campfire_upgraded":6,"win_rate":0,"timestamp":1555633660,"path_taken":["M","?","M","?","?","E","$","M","T","R","?","E","M","M","R","BOSS","M","$","?","M","M","E","R","E","T","?","M","?","E","?","R","BOSS","M","$","M","?","M","R","M","?","T","R","E","?","R","$","R","BOSS"],"build_version":"2019-01-23","purchased_purges":3,"victory":true,"max_hp_per_floor":[75,75,75,75,75,75,75,75,75,75,75,75,75,75,75,75,75,75,75,75,75,75,75,75,75,75,75,75,80,80,80,80,80,80,80,80,80,80,80,80,80,80,80,80,80,80,80,80,80,80],"card_choices":[{"not_picked":["Coolheaded","Static Discharge"],"picked":"Rebound","floor":1},{"not_picked":["Recycle","Turbo"],"picked":"Conserve Battery","floor":3},{"not_picked":["Steam Power","Lockon","Turbo"],"picked":"SKIP","floor":5},{"not_picked":["Rip and Tear","Tempest"],"picked":"Doom and Gloom","floor":6},{"not_picked":["Turbo","Leap"],"picked":"Ball Lightning","floor":8},{"not_picked":["Hologram","Steam"],"picked":"Electrodynamics","floor":11},{"not_picked":["Blizzard+1","Streamline+1","Leap"],"picked":"SKIP","floor":12},{"not_picked":["Fusion","Leap","White Noise"],"picked":"SKIP","floor":13},{"not_picked":["Fusion","Leap"],"picked":"White Noise","floor":13},{"not_picked":["Beam Cell+1","Reprogram"],"picked":"Compile Driver+1","floor":14},{"not_picked":["Hyperbeam+1","Reboot"],"picked":"Fission","floor":16},{"not_picked":["Heatsinks","Redo","Conserve Battery"],"picked":"SKIP","floor":18},{"not_picked":["Sunder+1","Gash+1"],"picked":"Ball Lightning+1","floor":21},{"not_picked":["Scrape+1","Turbo+1","Conserve Battery"],"picked":"SKIP","floor":22},{"not_picked":["Reprogram","Compile Driver+1","Barrage+1"],"picked":"SKIP","floor":23},{"not_picked":["Rip and Tear+1","Ball Lightning+1"],"picked":"Seek","floor":25},{"not_picked":["Beam Cell+1","Ball Lightning+1","Self Repair"],"picked":"SKIP","floor":28},{"not_picked":["Sweeping Beam+1","Darkness"],"picked":"Cold Snap+1","floor":30},{"not_picked":["Recycle+1","Redo"],"picked":"Go for the Eyes+1","floor":35},{"not_picked":["Redo+1","Compile Driver+1","Scrape+1"],"picked":"SKIP","floor":37},{"not_picked":["Redo+1","Rip and Tear+1"],"picked":"Chill+1","floor":39},{"not_picked":["Rip and Tear+1","Chill"],"picked":"Hologram","floor":41},{"not_picked":["Stack","Sweeping Beam+1"],"picked":"Tempest+1","floor":42},{"not_picked":["Chaos","Chill+1"],"picked":"Leap+1","floor":45},{"not_picked":["Chaos","Streamline+1"],"picked":"Steam","floor":46}],"player_experience":668867,"relics_obtained":[{"floor":6,"key":"Bottled Tornado"},{"floor":9,"key":"Molten Egg 2"},{"floor":11,"key":"Odd Mushroom"},{"floor":12,"key":"Orichalcum"},{"floor":23,"key":"Pen Nib"},{"floor":25,"key":"Nunchaku"},{"floor":26,"key":"Ornamental Fan"},{"floor":30,"key":"MawBank"},{"floor":42,"key":"Turnip"},{"floor":45,"key":"Mummified Hand"},{"floor":46,"key":"Pocketwatch"}],"event_choices":[{"damage_healed":0,"gold_gain":0,"cards_transformed":["Strike_B"],"player_choice":"Change","damage_taken":0,"max_hp_gain":0,"max_hp_loss":0,"event_name":"Living Wall","floor":2,"gold_loss":0,"cards_obtained":["Static Discharge"]},{"cards_removed":["Strike_B"],"damage_healed":0,"gold_gain":0,"player_choice":"Purged","damage_taken":0,"max_hp_gain":0,"max_hp_loss":0,"event_name":"Purifier","floor":4,"gold_loss":0},{"damage_healed":0,"gold_gain":0,"player_choice":"Fought Mushrooms","damage_taken":0,"max_hp_gain":0,"max_hp_loss":0,"event_name":"Mushrooms","floor":11,"gold_loss":0},{"damage_healed":0,"gold_gain":0,"player_choice":"Read","damage_taken":0,"max_hp_gain":0,"max_hp_loss":0,"event_name":"The Library","floor":20,"gold_loss":0,"cards_obtained":["Coolheaded"]},{"damage_healed":0,"gold_gain":0,"player_choice":"Opened","damage_taken":0,"relics_obtained":["Regal Pillow"],"max_hp_gain":0,"max_hp_loss":0,"event_name":"The Mausoleum","floor":27,"gold_loss":0,"cards_obtained":["Writhe"]},{"damage_healed":0,"gold_gain":0,"player_choice":"Shed Blood","damage_taken":19,"max_hp_gain":5,"max_hp_loss":0,"event_name":"Forgotten Altar","floor":29,"gold_loss":0},{"cards_removed":["Strike_B"],"damage_healed":0,"gold_gain":0,"player_choice":"Removed Attack","damage_taken":0,"max_hp_gain":0,"max_hp_loss":0,"event_name":"Falling","floor":38,"gold_loss":0},{"damage_healed":0,"gold_gain":0,"player_choice":"Fight","damage_taken":0,"max_hp_gain":0,"max_hp_loss":0,"event_name":"Mysterious Sphere","floor":42,"gold_loss":0},{"damage_healed":0,"gold_gain":0,"player_choice":"Fight","damage_taken":0,"max_hp_gain":0,"max_hp_loss":0,"event_name":"MindBloom","floor":46,"gold_loss":0}],"is_beta":false,"boss_relics":[{"not_picked":["Astrolabe","Snecko Eye"],"picked":"Inserter"},{"not_picked":["Runic Dome","Runic Pyramid"],"picked":"Sozu"}],"items_purged_floors":[31,36,48],"is_endless":false,"potions_floor_spawned":[5,8,13,14,16,18,21,23,37,39,45],"ascension_level":0}