{"gold_per_floor":[115,135,152,152,152,188,188,232,312,312,162,187,202,215,215,314,314,333,101,116,116,116,116,157,157,181,199,219,262,262,281,281,374,374,397,397,730,730,749,749,769,795,872,892,906,82,102,37,37,37,37,37,37,0,34,34],"floor_reached":57,"playtime":4291,"items_purged":["Strike_G","Strike_G+1"],"score":2868,"play_id":"3db337aa-0216-45f4-a6f4-0c47847c87a5","local_time":"20190503115644","is_ascension_mode":true,"campfire_choices":[{"data":"Bouncing Flask","floor":7,"key":"SMITH"},{"data":"Dash","floor":10,"key":"SMITH"},{"data":"Survivor","floor":15,"key":"SMITH"},{"data":"Adrenaline","floor":23,"key":"SMITH"},{"floor":25,"key":"REST"},{"floor":32,"key":"REST"},{"floor":40,"key":"RECALL"},{"floor":49,"key":"REST"},{"data":"Catalyst","floor":53,"key":"SMITH"}],"neow_cost":"NONE","seed_source_timestamp":366643963521800,"circlet_count":0,"master_deck":["AscendersBane","Defend_G+1","Defend_G+1","Defend_G+1","Defend_G+1","Defend_G+1","Strike_G+1","Survivor+1","Neutralize+1","Dagger Throw","Dash+1","Poisoned Stab","Bouncing Flask+1","Backstab","Poisoned Stab","Adrenaline+1","Deflect+1","PiercingWail+1","Cloak And Dagger","PiercingWail","Footwork","Bullet Time","Deflect","PiercingWail","Wraith Form v2","Catalyst+1","Deflect+1","Dodge and Roll","Footwork","Noxious Fumes","Noxious Fumes","Leg Sweep","PiercingWail","Caltrops"],"relics":["Ring of the Serpent","FossilizedHelix","Ancient Tea Set","Centennial Puzzle","The Courier","Boot","Oddly Smooth Stone","Orichalcum","War Paint","Meat on the Bone","Runic Pyramid","Bronze Scales","Membership Card","Mummified Hand","Bag of Preparation","Snake Skull","Anchor","Gambling Chip","Pantograph","Happy Flower","Shuriken"],"potions_floor_usage":[16,24,29,33,33,42,56],"damage_taken":[{"damage":0,"enemies":"Small Slimes","floor":1,"turns":4},{"damage":2,"enemies":"Jaw Worm","floor":2,"turns":6},{"damage":0,"enemies":"2 Louse","floor":3,"turns":2},{"damage":17,"enemies":"3 Sentries","floor":6,"turns":12},{"damage":0,"enemies":"Gremlin Nob","floor":8,"turns":3},{"damage":0,"enemies":"Red Slaver","floor":12,"turns":2},{"damage":0,"enemies":"Large Slime","floor":13,"turns":5},{"damage":0,"enemies":"Exordium Wildlife","floor":14,"turns":3},{"damage":10,"enemies":"Hexaghost","floor":16,"turns":6},{"damage":0,"enemies":"Spheric Guardian","floor":18,"turns":4},{"damage":10,"enemies":"3 Byrds","floor":20,"turns":6},{"damage":16,"enemies":"Gremlin Leader","floor":24,"turns":7},{"damage":0,"enemies":"Snecko","floor":27,"turns":6},{"damage":0,"enemies":"Centurion and Healer","floor":28,"turns":8},{"damage":9,"enemies":"Slavers","floor":29,"turns":7},{"damage":0,"enemies":"Snake Plant","floor":31,"turns":4},{"damage":44,"enemies":"Automaton","floor":33,"turns":15},{"damage":0,"enemies":"Orb Walker","floor":35,"turns":3},{"damage":0,"enemies":"3 Darklings","floor":39,"turns":10},{"damage":0,"enemies":"Maw","floor":41,"turns":10},{"damage":25,"enemies":"Reptomancer","floor":42,"turns":11},{"damage":0,"enemies":"Sphere and 2 Shapes","floor":44,"turns":6},{"damage":0,"enemies":"Jaw Worm Horde","floor":45,"turns":7},{"damage":0,"enemies":"Spire Growth","floor":47,"turns":6},{"damage":0,"enemies":"Time Eater","floor":50,"turns":14},{"damage":0,"enemies":"Donu and Deca","floor":51,"turns":10},{"damage":7,"enemies":"Shield and Spear","floor":55,"turns":7},{"damage":14,"enemies":"The Heart","floor":56,"turns":9}],"seed_played":"2148556181992190414","potions_obtained":[{"floor":1,"key":"SteroidPotion"},{"floor":8,"key":"SpeedPotion"},{"floor":14,"key":"SkillPotion"},{"floor":20,"key":"Explosive Potion"},{"floor":27,"key":"PowerPotion"},{"floor":29,"key":"Strength Potion"},{"floor":35,"key":"Block Potion"},{"floor":42,"key":"SteroidPotion"},{"floor":44,"key":"LiquidBronze"},{"floor":45,"key":"GamblersBrew"}],"is_trial":false,"path_per_floor":["M","M","M","?","?","E","R","E","T","R","?","M","M","M","R","B",null,"M","$","M","?","?","R","E","R","T","M","M","E","?","M","R","B",null,"M","?","?","?","M","R","M","E","T","M","M","$","M","$","R","B","B",null,"R","$","E","B",null],"character_chosen":"THE_SILENT","items_purchased":["Oddly Smooth Stone","PowerPotion","Membership Card","Mummified Hand","Bag of Preparation","Footwork","Snake Skull","Noxious Fumes","Anchor","Gambling Chip","Noxious Fumes","Pantograph","Happy Flower","PiercingWail","Caltrops"],"campfire_rested":3,"item_purchase_floors":[19,19,46,46,46,46,46,46,46,46,46,46,48,54,54],"current_hp_per_floor":[59,57,57,46,46,29,29,29,29,29,29,29,29,29,29,19,50,50,50,40,40,40,40,24,42,42,42,42,33,33,33,51,19,50,50,50,50,50,50,50,50,37,37,37,37,37,37,37,55,60,60,60,60,60,53,46],"gold":34,"neow_bonus":"UPGRADE_CARD","is_prod":false,"is_daily":false,"chose_seed":false,"campfire_upgraded":5,"win_rate":0,"timestamp":1556852204,"path_taken":["M","M","M","?","?","E","R","E","T","R","?","M","M","M","R","BOSS","M","$","M","?","?","R","E","R","T","?","M","E","?","M","R","BOSS","M","?","?","?","M","R","M","E","T","?","?","$","M","$","R","BOSS","BOSS","R","$","E","BOSS"],"build_version":"2019-01-23","purchased_purges":2,"victory":true,"max_hp_per_floor":[66,66,66,66,60,60,60,60,60,60,60,60,60,60,60,60,60,60,60,60,60,60,60,60,60,60,60,60,60,60,60,60,60,60,60,60,60,60,60,60,60,60,60,60,60,60,60,60,60,60,60,60,60,60,60,60],"card_choices":[{"not_picked":["Eviscerate","Dodge and Roll"],"picked":"Dagger Throw","floor":1},{"not_picked":["Catalyst","Bane"],"picked":"Dash","floor":2},{"not_picked":["Backflip","Deflect"],"picked":"Poisoned Stab","floor":3},{"not_picked":["Acrobatics","Reflex"],"picked":"Bouncing Flask","floor":6},{"not_picked":["Accuracy","Flying Knee","Unload"],"picked":"SKIP","floor":8},{"not_picked":["Sucker Punch","Dagger Throw"],"picked":"Backstab","floor":12},{"not_picked":["Blade Dance","Skewer","Reflex"],"picked":"SKIP","floor":13},{"not_picked":["Setup","Distraction"],"picked":"Poisoned Stab","floor":14},{"not_picked":["Grand Finale","Corpse Explosion"],"picked":"Adrenaline","floor":16},{"not_picked":["Bane","Sucker Punch"],"picked":"Deflect","floor":18},{"not_picked":["Accuracy","Quick Slash"],"picked":"PiercingWail","floor":20},{"not_picked":["Flying Knee","Quick Slash","Outmaneuver"],"picked":"SKIP","floor":24},{"not_picked":["Flying Knee","Quick Slash","Outmaneuver"],"picked":"SKIP","floor":24},{"not_picked":["Slice+1","Accuracy+1"],"picked":"Cloak And Dagger","floor":27},{"not_picked":["All Out Attack+1","Backstab"],"picked":"PiercingWail","floor":28},{"not_picked":["Dagger Throw+1","Outmaneuver+1","Doppelganger"],"picked":"SKIP","floor":29},{"not_picked":["Masterful Stab+1","Bane"],"picked":"Footwork","floor":31},{"not_picked":["Phantasmal Killer","Wraith Form v2"],"picked":"Bullet Time","floor":33},{"not_picked":["All Out Attack","Terror"],"picked":"Deflect","floor":35},{"not_picked":["Deflect+1","Dodge and Roll"],"picked":"PiercingWail","floor":39},{"not_picked":["Sucker Punch","Masterful Stab"],"picked":"Wraith Form v2","floor":41},{"not_picked":["Bane+1","Dodge and Roll"],"picked":"Catalyst","floor":42},{"not_picked":["Outmaneuver","Cloak And Dagger"],"picked":"Deflect+1","floor":44},{"not_picked":["Outmaneuver","Acrobatics"],"picked":"Dodge and Roll","floor":45},{"not_picked":["Dagger Spray+1","Expertise+1"],"picked":"Leg Sweep","floor":47},{"not_picked":["Skewer","Dash+1","Flying Knee+1"],"picked":"SKIP","floor":55}],"player_experience":1194044,"relics_obtained":[{"floor":6,"key":"Ancient Tea Set"},{"floor":8,"key":"Centennial Puzzle"},{"floor":9,"key":"The Courier"},{"floor":24,"key":"Orichalcum"},{"floor":26,"key":"War Paint"},{"floor":29,"key":"Meat on the Bone"},{"floor":42,"key":"Bronze Scales"},{"floor":55,"key":"Shuriken"}],"event_choices":[{"damage_healed":0,"gold_gain":0,"player_choice":"Success","damage_taken":11,"relics_obtained":["FossilizedHelix"],"max_hp_gain":0,"max_hp_loss":0,"event_name":"Scrap Ooze","floor":4,"gold_loss":0},{"damage_healed":0,"gold_gain":0,"player_choice":"Lose Max HP","damage_taken":0,"relics_obtained":["Golden Idol"],"max_hp_gain":0,"max_hp_loss":6,"event_name":"Golden Idol","floor":5,"gold_loss":0},{"damage_healed":0,"gold_gain":0,"player_choice":"Paid Gold","damage_taken":0,"relics_obtained":["Boot"],"max_hp_gain":0,"max_hp_loss":0,"event_name":"WeMeetAgain","floor":11,"gold_loss":150},{"damage_healed":0,"gold_gain":0,"player_choice":"Ignored","damage_taken":0,"max_hp_gain":0,"max_hp_loss":0,"event_name":"Vampires","floor":21,"gold_loss":0},{"damage_healed":0,"gold_gain":0,"player_choice":"Simplicity","damage_taken":0,"max_hp_gain":0,"max_hp_loss":0,"event_name":"Back to Basics","floor":22,"gold_loss":0,"cards_upgraded":["Defend_G","Defend_G","Defend_G","Defend_G","Defend_G","Strike_G","Strike_G","Strike_G","Strike_G"]},{"damage_healed":0,"gold_gain":0,"player_choice":"Ignored","damage_taken":0,"max_hp_gain":0,"max_hp_loss":0,"event_name":"The Mausoleum","floor":30,"gold_loss":0},{"cards_removed":["Strike_G"],"damage_healed":0,"gold_gain":0,"player_choice":"Removed Attack","damage_taken":0,"max_hp_gain":0,"max_hp_loss":0,"event_name":"Falling","floor":36,"gold_loss":0},{"damage_healed":0,"gold_gain":333,"player_choice":"Gave Idol","damage_taken":0,"max_hp_gain":0,"max_hp_loss":0,"event_name":"The Moai Head","floor":37,"relics_lost":["Golden Idol"],"gold_loss":0},{"cards_removed":["Strike_G"],"damage_healed":0,"gold_gain":0,"player_choice":"Offered Basic","damage_taken":0,"max_hp_gain":0,"max_hp_loss":0,"event_name":"Bonfire Elementals","floor":38,"gold_loss":0}],"is_beta":false,"boss_relics":[{"not_picked":["Lizard Tail","Tiny House"],"picked":"Ring of the Serpent"},{"not_picked":["Cursed Key","Orrery"],"picked":"Runic Pyramid"}],"items_purged_floors":[19,46],"is_endless":false,"potions_floor_spawned":[1,8,12,14,20,27,28,29,35,42,44,45,55],"ascension_level":20}