{"gold_per_floor":[113,132,143,162,0,29,29,304,304,304,324,343,41,52,52,52],"floor_reached":16,"playtime":571,"items_purged":["Regret"],"score":245,"play_id":"61f35b68-bc23-4353-9640-7fb40b147539","local_time":"20190328215125","is_ascension_mode":true,"campfire_choices":[{"data":"Tempest","floor":7.0,"key":"SMITH"},{"data":"Reinforced Body","floor":10.0,"key":"SMITH"},{"floor":15,"key":"REST"}],"neow_cost":"NONE","seed_source_timestamp":0,"circlet_count":0,"master_deck":["AscendersBane","Strike_B","Strike_B","Strike_B+1","Strike_B+1","Defend_B","Defend_B","Defend_B","Defend_B","Zap","Dualcast","Reinforced Body+1","Coolheaded","Ball Lightning","Tempest+1","Hologram","Steam","Self Repair","Discovery"],"special_seed":0,"relics":["Cracked Core","Bag of Preparation","Whetstone","Juzu Bracelet","Dream Catcher","PrismaticShard"],"potions_floor_usage":[16],"damage_taken":[{"damage":2.0,"enemies":"Jaw Worm","floor":1.0,"turns":3.0},{"damage":1.0,"enemies":"Cultist","floor":2.0,"turns":3.0},{"damage":0.0,"enemies":"Small Slimes","floor":3.0,"turns":4.0},{"damage":6.0,"enemies":"Looter","floor":4.0,"turns":4.0},{"damage":0.0,"enemies":"3 Sentries","floor":6.0,"turns":1.0},{"damage":25,"enemies":"Gremlin Gang","floor":11,"turns":4},{"damage":12,"enemies":"Exordium Thugs","floor":12,"turns":6},{"damage":2,"enemies":"Looter","floor":14,"turns":3},{"damage":41,"enemies":"Hexaghost","floor":16,"turns":9}],"seed_played":"-7232796218866212256","potions_obtained":[{"floor":1.0,"key":"SkillPotion"},{"floor":2.0,"key":"PowerPotion"},{"floor":14,"key":"SteroidPotion"}],"is_trial":false,"path_per_floor":["M","M","M","M","$","E","R","?","T","R","M","M","$","M","R","B"],"character_chosen":"DEFECT","items_purchased":["Whetstone","PrismaticShard"],"campfire_rested":1,"item_purchase_floors":[5,13],"current_hp_per_floor":[62,61,61,55,55,55,55,55,55,55,30,18,18,16,37,0],"gold":52,"neow_bonus":"RANDOM_COMMON_RELIC","is_prod":false,"is_daily":false,"chose_seed":false,"campfire_upgraded":2,"win_rate":0,"timestamp":1553827885,"path_taken":["M","M","M","M","$","E","R","?","T","R","M","M","$","M","R","BOSS"],"build_version":"2019-01-23","purchased_purges":1,"victory":false,"max_hp_per_floor":[71,71,71,71,71,71,71,71,71,71,71,71,71,71,71,71],"card_choices":[{"not_picked":["Hello World","Sweeping Beam"],"picked":"Reinforced Body","floor":1.0},{"not_picked":["Turbo","Chaos"],"picked":"Coolheaded","floor":2.0},{"not_picked":["Hologram","Beam Cell"],"picked":"Ball Lightning","floor":3.0},{"not_picked":["Recycle","Chaos","Consume"],"picked":"SKIP","floor":4.0},{"not_picked":["Stack","Coolheaded"],"picked":"Tempest","floor":6.0},{"not_picked":["Beam Cell","Sweeping Beam"],"picked":"Hologram","floor":11},{"not_picked":["BootSequence","All For One"],"picked":"Steam","floor":12},{"not_picked":["Rage","Quick Slash"],"picked":"Self Repair","floor":14},{"not_picked":["Stack","Blade Dance"],"picked":"Discovery","floor":15}],"player_experience":1183679,"relics_obtained":[{"floor":6.0,"key":"Juzu Bracelet"},{"floor":9.0,"key":"Dream Catcher"}],"event_choices":[{"damage_healed":0.0,"max_hp_gain":0.0,"max_hp_loss":0.0,"gold_gain":275.0,"event_name":"Golden Shrine","player_choice":"Desecrate","floor":8.0,"gold_loss":0.0,"damage_taken":0.0,"cards_obtained":["Regret"]}],"is_beta":false,"boss_relics":[],"items_purged_floors":[13],"is_endless":false,"potions_floor_spawned":[1,2,3,14],"killed_by":"Hexaghost","ascension_level":18}