{"gold_per_floor":[118,68,68,68,92,92,126,141,168,189,189,232,232,232,232,363,363,379,504,504,527,20,54,54,54,106,176,195,195,209,223,223,344,344,357,376,56,121,137,137,175,188,188,221,38,57,57,81,81,81,81,81,4,48,48],"floor_reached":55,"playtime":3157,"items_purged":["Strike_R"],"score":903,"play_id":"66810691-190c-4b29-8bc9-6ccfd4810285","local_time":"20190504050242","is_ascension_mode":true,"campfire_choices":[{"data":"Bash","floor":6,"key":"SMITH"},{"data":"Spot Weakness","floor":11,"key":"SMITH"},{"data":"Fiend Fire","floor":13,"key":"SMITH"},{"floor":15,"key":"REST"},{"data":"Enlightenment","floor":24,"key":"SMITH"},{"data":"Disarm","floor":32,"key":"SMITH"},{"data":"Demon Form","floor":40,"key":"SMITH"},{"floor":47,"key":"RECALL"},{"data":"1","floor":49,"key":"LIFT"},{"data":"2","floor":52,"key":"LIFT"}],"neow_cost":"NONE","seed_source_timestamp":38163698386200,"circlet_count":0,"master_deck":["Strike_R","Strike_R","Strike_R","Defend_R","Defend_R","Defend_R","Defend_R","Bash+1","Battle Trance","Shrug It Off","Rupture","Disarm+1","Spot Weakness+1","Fiend Fire+1","Reaper","Power Through+1","Sword Boomerang","Enlightenment+1","Perfected Strike","Inflame+1","Entrench","Blood for Blood+1","Evolve","Ghostly Armor","Demon Form+1","Iron Wave+1","Reaper","Metallicize+1","Limit Break","Apotheosis","Hemokinesis+1","Flame Barrier"],"relics":["Burning Blood","NeowsBlessing","Golden Idol","Boot","Regal Pillow","Mango","Pocketwatch","Sozu","Champion Belt","Question Card","Magic Flower","HandDrill","Incense Burner","Omamori","Tiny Chest","Enchiridion","Velvet Choker","Mercury Hourglass","Ginger","Girya","Charon\u0027s Ashes","Bottled Flame"],"potions_floor_usage":[16,16],"damage_taken":[{"damage":0,"enemies":"Cultist","floor":1,"turns":1},{"damage":0,"enemies":"2 Louse","floor":5,"turns":1},{"damage":0,"enemies":"3 Sentries","floor":7,"turns":2},{"damage":12,"enemies":"Jaw Worm","floor":8,"turns":2},{"damage":12,"enemies":"Exordium Wildlife","floor":10,"turns":5},{"damage":38,"enemies":"Gremlin Nob","floor":12,"turns":5},{"damage":35,"enemies":"The Guardian","floor":16,"turns":13},{"damage":33,"enemies":"2 Thieves","floor":18,"turns":3},{"damage":5,"enemies":"Colosseum Slavers","floor":19,"turns":3},{"damage":5,"enemies":"Colosseum Nobs","floor":19,"turns":7},{"damage":13,"enemies":"3 Byrds","floor":21,"turns":4},{"damage":62,"enemies":"Slavers","floor":23,"turns":6},{"damage":32,"enemies":"Gremlin Leader","floor":27,"turns":7},{"damage":39,"enemies":"Centurion and Healer","floor":28,"turns":5},{"damage":0,"enemies":"3 Cultists","floor":30,"turns":4},{"damage":34,"enemies":"Cultist and Chosen","floor":31,"turns":6},{"damage":35,"enemies":"Collector","floor":33,"turns":8},{"damage":38,"enemies":"3 Darklings","floor":35,"turns":6},{"damage":12,"enemies":"Orb Walker","floor":36,"turns":4},{"damage":66,"enemies":"2 Orb Walkers","floor":38,"turns":6},{"damage":6,"enemies":"4 Shapes","floor":39,"turns":4},{"damage":0,"enemies":"Giant Head","floor":41,"turns":7},{"damage":22,"enemies":"Sphere and 2 Shapes","floor":42,"turns":5},{"damage":18,"enemies":"Nemesis","floor":44,"turns":5},{"damage":55,"enemies":"Transient","floor":46,"turns":5},{"damage":17,"enemies":"Jaw Worm Horde","floor":48,"turns":3},{"damage":58,"enemies":"Donu and Deca","floor":50,"turns":7},{"damage":75,"enemies":"Shield and Spear","floor":54,"turns":5},{"damage":102,"enemies":"The Heart","floor":55,"turns":6}],"seed_played":"-232632268970482951","potions_obtained":[{"floor":1,"key":"Block Potion"},{"floor":7,"key":"Fire Potion"}],"is_trial":false,"path_per_floor":["M","?","?","?","M","R","E","M","T","M","R","E","R","T","R","B",null,"M","?","?","M","$","E","R","?","T","E","M","?","M","M","R","B",null,"M","M","$","?","M","R","E","M","T","E","$","M","R","M","R","B",null,"R","$","E","B"],"character_chosen":"IRONCLAD","items_purchased":["Magic Flower","HandDrill","Mercury Hourglass","Apotheosis","Flame Barrier"],"campfire_rested":1,"item_purchase_floors":[22,22,37,45,53],"current_hp_per_floor":[80,80,60,65,71,71,77,71,71,65,65,47,47,47,91,62,99,83,97,97,90,90,37,37,70,70,83,58,42,92,78,78,64,99,98,95,95,55,58,58,67,72,72,92,92,70,70,99,99,85,99,99,99,99,0],"gold":48,"neow_bonus":"THREE_ENEMY_KILL","is_prod":false,"is_daily":false,"chose_seed":false,"campfire_upgraded":6,"win_rate":0,"timestamp":1556960562,"path_taken":["M","?","?","?","?","R","E","M","T","M","R","E","R","?","R","BOSS","M","?","?","?","$","E","R","?","T","E","M","?","M","M","R","BOSS","M","M","$","?","M","R","E","M","T","E","$","M","R","M","R","BOSS","R","$","E","BOSS"],"build_version":"2019-01-23","purchased_purges":1,"victory":false,"max_hp_per_floor":[80,80,80,85,85,85,85,85,85,85,85,99,99,99,99,99,99,99,99,99,99,99,99,99,99,99,99,99,99,99,99,99,99,99,99,99,99,99,99,99,99,99,99,99,99,99,99,99,99,99,99,99,99,99,99],"card_choices":[{"not_picked":["Rupture","Heavy Blade"],"picked":"Battle Trance","floor":1},{"not_picked":["Heavy Blade","Combust"],"picked":"Shrug It Off","floor":5},{"not_picked":["Perfected Strike","Blood for Blood"],"picked":"Rupture","floor":7},{"not_picked":["Havoc","Armaments"],"picked":"Disarm","floor":8},{"not_picked":["Body Slam","Hemokinesis"],"picked":"Spot Weakness","floor":10},{"not_picked":["Hemokinesis","Battle Trance"],"picked":"Fiend Fire","floor":12},{"not_picked":["Barricade","Berserk"],"picked":"Reaper","floor":16},{"not_picked":["Body Slam+1","Pummel"],"picked":"Power Through+1","floor":18},{"not_picked":["Pommel Strike","Metallicize"],"picked":"Sword Boomerang","floor":19},{"not_picked":["Rampage+1","Disarm+1","Perfected Strike"],"picked":"Inflame+1","floor":21},{"not_picked":["Perfected Strike","Sever Soul","Cleave"],"picked":"Entrench","floor":23},{"not_picked":["Body Slam","Iron Wave+1","Havoc+1"],"picked":"Blood for Blood+1","floor":27},{"not_picked":["Anger","Sever Soul","Clash"],"picked":"Evolve","floor":28},{"not_picked":["Carnage+1","Perfected Strike","Heavy Blade+1"],"picked":"Ghostly Armor","floor":30},{"not_picked":["Clash","Wild Strike","Sever Soul","Blood for Blood"],"picked":"SKIP","floor":31},{"not_picked":["Juggernaut","Exhume","Reaper"],"picked":"Demon Form","floor":33},{"not_picked":["Iron Wave+1","Body Slam","Pommel Strike","Second Wind"],"picked":"SKIP","floor":35},{"not_picked":["Ghostly Armor","Infernal Blade+1","Anger+1","Clash+1"],"picked":"SKIP","floor":36},{"not_picked":["Perfected Strike","Flex","Havoc"],"picked":"Iron Wave+1","floor":39},{"not_picked":["Warcry","Body Slam","Thunderclap+1"],"picked":"Reaper","floor":41},{"not_picked":["True Grit+1","Infernal Blade","Combust+1"],"picked":"Metallicize+1","floor":42},{"not_picked":["Armaments+1","True Grit+1","Pummel+1"],"picked":"Limit Break","floor":44},{"not_picked":["Pummel","Sever Soul+1","Rupture+1"],"picked":"Hemokinesis+1","floor":46},{"not_picked":["Dropkick+1","Evolve","Sword Boomerang+1","Cleave"],"picked":"SKIP","floor":48},{"not_picked":["Shrug It Off","Bludgeon","Perfected Strike+1","Second Wind"],"picked":"SKIP","floor":54}],"player_experience":78646,"relics_obtained":[{"floor":7,"key":"Boot"},{"floor":9,"key":"Regal Pillow"},{"floor":12,"key":"Mango"},{"floor":14,"key":"Pocketwatch"},{"floor":19,"key":"Champion Belt"},{"floor":19,"key":"Question Card"},{"floor":23,"key":"Incense Burner"},{"floor":26,"key":"Omamori"},{"floor":27,"key":"Tiny Chest"},{"floor":29,"key":"Enchiridion"},{"floor":38,"key":"Ginger"},{"floor":41,"key":"Girya"},{"floor":44,"key":"Charon\u0027s Ashes"},{"floor":54,"key":"Bottled Flame"}],"event_choices":[{"cards_removed":["Strike_R"],"damage_healed":0,"gold_gain":0,"player_choice":"Card Removal","damage_taken":0,"max_hp_gain":0,"max_hp_loss":0,"event_name":"The Cleric","floor":2,"gold_loss":50},{"damage_healed":0,"gold_gain":0,"player_choice":"Take Damage","damage_taken":20,"relics_obtained":["Golden Idol"],"max_hp_gain":0,"max_hp_loss":0,"event_name":"Golden Idol","floor":3,"gold_loss":0},{"damage_healed":0,"gold_gain":0,"player_choice":"Donut","damage_taken":0,"max_hp_gain":5,"max_hp_loss":0,"event_name":"Big Fish","floor":4,"gold_loss":0},{"damage_healed":0,"gold_gain":0,"player_choice":"Fight","damage_taken":0,"max_hp_gain":0,"max_hp_loss":0,"event_name":"Colosseum","floor":19,"gold_loss":0},{"damage_healed":0,"gold_gain":0,"player_choice":"Fought Nobs","damage_taken":0,"max_hp_gain":0,"max_hp_loss":0,"event_name":"Colosseum","floor":19,"gold_loss":0},{"damage_healed":0,"gold_gain":0,"player_choice":"2 cards matched","damage_taken":0,"max_hp_gain":0,"max_hp_loss":0,"event_name":"Match and Keep!","floor":20,"gold_loss":0,"cards_obtained":["Enlightenment","Perfected Strike"]},{"damage_healed":33,"gold_gain":0,"player_choice":"Heal","damage_taken":0,"max_hp_gain":0,"max_hp_loss":0,"event_name":"The Library","floor":25,"gold_loss":0},{"damage_healed":0,"gold_gain":0,"player_choice":"Obtained Book","damage_taken":16,"max_hp_gain":0,"max_hp_loss":0,"event_name":"Cursed Tome","floor":29,"gold_loss":0},{"damage_healed":0,"gold_gain":0,"player_choice":"Fight","damage_taken":0,"max_hp_gain":0,"max_hp_loss":0,"event_name":"Mysterious Sphere","floor":38,"gold_loss":0}],"is_beta":false,"boss_relics":[{"not_picked":["Fusion Hammer","Eternal Feather"],"picked":"Sozu"},{"not_picked":["Runic Cube","Runic Dome"],"picked":"Velvet Choker"}],"items_purged_floors":[37],"is_endless":false,"potions_floor_spawned":[1,7,19,21,23,28,30,33,36,41,44,46,48,54],"killed_by":"The Heart","ascension_level":2}