{"gold_per_floor":[211,224,20,20,20,35,35,51,128,145,175,210,210,224,224,328,328,339,339,339,76,96,96,96,96,96,96,96,108,128,66,66,66],"floor_reached":33,"playtime":1031,"items_purged":["Defend_R","Strike_R"],"score":319,"play_id":"40c21836-b9d7-428d-85d2-a503eb77e0d0","local_time":"20181225100150","is_ascension_mode":true,"campfire_choices":[{"data":"Seeing Red","floor":13.0,"key":"SMITH"},{"data":"Intimidate","floor":15.0,"key":"SMITH"},{"data":"Armaments","floor":23.0,"key":"SMITH"},{"data":"Bash","floor":25.0,"key":"SMITH"},{"data":"Limit Break","floor":27.0,"key":"SMITH"},{"data":"Shockwave","floor":32.0,"key":"SMITH"}],"neow_cost":"NONE","seed_source_timestamp":2277591544330672,"circlet_count":0,"master_deck":["Strike_R","Strike_R","Strike_R","Defend_R","Defend_R","Defend_R","Bash+1","Thunderclap","Dropkick","Intimidate+1","Seeing Red+1","Cleave","Shrug It Off","Limit Break+1","Dropkick","Ghostly","Ghostly","Ghostly","Ghostly","Ghostly","Armaments+1","Necronomicurse","Shockwave+1","Sword Boomerang"],"special_seed":0,"relics":["Burning Blood","Brimstone","Question Card","Bag of Marbles","Eternal Feather","Membership Card","Necronomicon","Boot"],"potions_floor_usage":[33,33],"damage_taken":[{"damage":4.0,"enemies":"2 Louse","floor":1.0,"turns":3.0},{"damage":0.0,"enemies":"Small Slimes","floor":2.0,"turns":2.0},{"damage":8.0,"enemies":"Jaw Worm","floor":6.0,"turns":2.0},{"damage":9.0,"enemies":"2 Fungi Beasts","floor":8.0,"turns":3.0},{"damage":7.0,"enemies":"Looter","floor":10.0,"turns":2.0},{"damage":25.0,"enemies":"Lagavulin","floor":12.0,"turns":4.0},{"damage":0.0,"enemies":"Large Slime","floor":14.0,"turns":2.0},{"damage":9.0,"enemies":"Slime Boss","floor":16.0,"turns":4.0},{"damage":0.0,"enemies":"Spheric Guardian","floor":18.0,"turns":3.0},{"damage":7.0,"enemies":"Shell Parasite","floor":22.0,"turns":5.0},{"damage":3.0,"enemies":"Snake Plant","floor":29.0,"turns":4.0},{"damage":2.0,"enemies":"Shelled Parasite and Fungi","floor":30.0,"turns":4.0},{"damage":42,"enemies":"Automaton","floor":33,"turns":6}],"seed_played":"2873217094998051489","potions_obtained":[{"floor":6.0,"key":"Dexterity Potion"},{"floor":10.0,"key":"LiquidBronze"},{"floor":12.0,"key":"SneckoOil"},{"floor":14.0,"key":"GamblersBrew"},{"floor":18.0,"key":"SpeedPotion"}],"is_trial":false,"path_per_floor":["M","M","$","?","?","M","?","M","T","M","?","E","R","M","R","B",null,"M","?","?","$","M","R","?","R","T","R","?","M","M","$","R","B"],"character_chosen":"IRONCLAD","items_purchased":["Brimstone","Membership Card","Armaments","Sword Boomerang"],"campfire_rested":0,"item_purchase_floors":[3,21,21,31],"current_hp_per_floor":[80,80,80,73,73,71,71,68,68,67,67,48,48,54,54,51,80,80,65,42,42,41,42,26,38,38,42,42,42,42,42,42,0],"gold":66,"neow_bonus":"HUNDRED_GOLD","is_prod":false,"is_daily":false,"chose_seed":false,"campfire_upgraded":6,"win_rate":0,"timestamp":1545699710,"path_taken":["M","M","$","?","?","?","?","M","T","M","?","E","R","M","R","BOSS","M","?","?","$","M","R","?","R","T","R","?","M","?","$","R","BOSS"],"build_version":"2018-12-20","purchased_purges":2,"victory":false,"max_hp_per_floor":[80,80,80,80,80,80,80,80,80,80,80,80,80,80,80,80,80,80,85,42,42,42,42,42,42,42,42,42,42,42,42,42,42],"card_choices":[{"not_picked":["Wild Strike","Havoc"],"picked":"Thunderclap","floor":1.0},{"not_picked":["Pommel Strike","Warcry","Anger"],"picked":"SKIP","floor":2.0},{"not_picked":["Twin Strike","Clothesline"],"picked":"Dropkick","floor":6.0},{"not_picked":["Rupture","Perfected Strike"],"picked":"Intimidate","floor":8.0},{"not_picked":["Intimidate","Entrench","Thunderclap"],"picked":"Seeing Red","floor":10.0},{"not_picked":["Evolve","Second Wind","Metallicize"],"picked":"Cleave","floor":12.0},{"not_picked":["Berserk","Seeing Red","Twin Strike"],"picked":"Shrug It Off","floor":14.0},{"not_picked":["Dark Embrace","Demon Form","Juggernaut"],"picked":"Limit Break","floor":16.0},{"not_picked":["Sentinel+1","Reckless Charge","Body Slam"],"picked":"Dropkick","floor":18.0},{"not_picked":["Hemokinesis","Iron Wave","Warcry","Anger"],"picked":"SKIP","floor":22.0},{"not_picked":["Rupture","Flex","Clothesline+1"],"picked":"Shockwave","floor":29.0},{"not_picked":["Pommel Strike","Perfected Strike+1","Metallicize","Iron Wave"],"picked":"SKIP","floor":30.0}],"player_experience":234057,"relics_obtained":[{"floor":9.0,"key":"Question Card"},{"floor":12.0,"key":"Bag of Marbles"},{"floor":24.0,"key":"Necronomicon"},{"floor":26.0,"key":"Boot"}],"event_choices":[{"cards_removed":["Strike_R"],"damage_healed":0.0,"max_hp_gain":0.0,"max_hp_loss":0.0,"gold_gain":0.0,"event_name":"Golden Wing","player_choice":"Card Removal","floor":4.0,"gold_loss":0.0,"damage_taken":7.0},{"damage_healed":0.0,"max_hp_gain":0.0,"max_hp_loss":0.0,"gold_gain":0.0,"event_name":"Liars Game","player_choice":"Ignored","floor":5.0,"gold_loss":0.0,"damage_taken":0.0},{"damage_healed":0.0,"max_hp_gain":0.0,"max_hp_loss":0.0,"gold_gain":0.0,"event_name":"The Cleric","player_choice":"Leave","floor":7.0,"gold_loss":0.0,"damage_taken":0.0},{"damage_healed":0.0,"max_hp_gain":0.0,"max_hp_loss":0.0,"gold_gain":30.0,"event_name":"Dead Adventurer","player_choice":"Searched \u00271\u0027 times","floor":11.0,"gold_loss":0.0,"damage_taken":0.0},{"damage_healed":0.0,"max_hp_gain":5.0,"max_hp_loss":0.0,"gold_gain":0.0,"event_name":"Forgotten Altar","player_choice":"Shed Blood","floor":19.0,"gold_loss":0.0,"damage_taken":20.0},{"damage_healed":0.0,"max_hp_gain":0.0,"max_hp_loss":43.0,"gold_gain":0.0,"event_name":"Ghosts","player_choice":"Became a Ghost","floor":20.0,"gold_loss":0.0,"damage_taken":0.0,"cards_obtained":["Ghostly","Ghostly","Ghostly","Ghostly","Ghostly"]},{"damage_healed":0.0,"max_hp_gain":0.0,"max_hp_loss":0.0,"gold_gain":0.0,"event_name":"Cursed Tome","player_choice":"Obtained Book","floor":24.0,"gold_loss":0.0,"damage_taken":16.0},{"damage_healed":0.0,"max_hp_gain":0.0,"max_hp_loss":0.0,"gold_gain":0.0,"event_name":"Wheel of Change","player_choice":"Full Heal","floor":28.0,"gold_loss":0.0,"damage_taken":0.0}],"is_beta":false,"boss_relics":[{"not_picked":["Coffee Dripper","Orrery"],"picked":"Eternal Feather"}],"items_purged_floors":[21,31],"is_endless":false,"potions_floor_spawned":[6,10,12,14,18],"killed_by":"Automaton","ascension_level":4}