{"gold_per_floor":[361,361,22,22,22,51,51,79,79,56,56,56,73,105,105,182,182,198,43,55,70,70,95,95,126,178,178,191,74,106,106,106,179,179,190,40,60,60,78,78,111,35,35,53,82,82,82,116,116,116,116,116,16,41,41],"floor_reached":55,"playtime":2840,"items_purged":["Strike_B","Defend_B"],"score":1513,"play_id":"08e17906-ac33-4f00-8201-76fdbb2ab4df","local_time":"20190415194935","is_ascension_mode":true,"campfire_choices":[{"floor":7.0,"key":"REST"},{"data":"Zap","floor":15.0,"key":"SMITH"},{"data":"Doom and Gloom","floor":24.0,"key":"SMITH"},{"floor":27.0,"key":"REST"},{"floor":32.0,"key":"RECALL"},{"data":"Glacier","floor":40.0,"key":"SMITH"},{"data":"Go for the Eyes","floor":46.0,"key":"SMITH"},{"data":"All For One","floor":49.0,"key":"SMITH"},{"data":"Gash","floor":52,"key":"SMITH"}],"neow_cost":"CURSE","seed_source_timestamp":448473047239360,"circlet_count":0,"master_deck":["AscendersBane","Strike_B","Strike_B+1","Defend_B","Defend_B","Defend_B","Zap+1","Dualcast+1","Glacier+1","Compile Driver","Genetic Algorithm+1","Doom and Gloom+1","Hologram+1","Steam+1","Leap+1","Biased Cognition+1","Coolheaded+1","Steam+1","Darkness+1","Ghostly+1","Ghostly+1","Ghostly+1","Auto Shields+1","Self Repair+1","Capacitor+1","Redo+1","Skim+1","Genetic Algorithm+1","All For One+1","Redo+1","Glacier+1","Redo+1","Gash+1","Glacier+1","Defragment+1","Go for the Eyes+1","Hologram+1","Seek+1"],"special_seed":0,"relics":["Cracked Core","Frozen Egg 2","Strawberry","Toxic Egg 2","Bottled Flame","PreservedInsect","Sozu","Regal Pillow","Bottled Tornado","Bronze Scales","Happy Flower","Inserter","Boot","Mummified Hand","Dream Catcher","Sundial"],"potions_floor_usage":[],"damage_taken":[{"damage":10.0,"enemies":"2 Louse","floor":1.0,"turns":3.0},{"damage":20.0,"enemies":"Gremlin Nob","floor":6.0,"turns":4.0},{"damage":28.0,"enemies":"Lagavulin","floor":8.0,"turns":8.0},{"damage":0.0,"enemies":"Jaw Worm","floor":13.0,"turns":3.0},{"damage":7.0,"enemies":"Gremlin Nob","floor":14.0,"turns":3.0},{"damage":21.0,"enemies":"Slime Boss","floor":16.0,"turns":6.0},{"damage":6.0,"enemies":"Chosen","floor":18.0,"turns":3.0},{"damage":0.0,"enemies":"Spheric Guardian","floor":20.0,"turns":4.0},{"damage":4.0,"enemies":"Chosen and Byrds","floor":21.0,"turns":6.0},{"damage":3.0,"enemies":"Book of Stabbing","floor":23.0,"turns":4.0},{"damage":19.0,"enemies":"Slavers","floor":25.0,"turns":3.0},{"damage":1.0,"enemies":"Centurion and Healer","floor":28.0,"turns":6.0},{"damage":4.0,"enemies":"Book of Stabbing","floor":30.0,"turns":6.0},{"damage":14.0,"enemies":"Champ","floor":33.0,"turns":9.0},{"damage":1.0,"enemies":"Orb Walker","floor":35.0,"turns":4.0},{"damage":10.0,"enemies":"3 Darklings","floor":37.0,"turns":10.0},{"damage":9.0,"enemies":"4 Shapes","floor":39.0,"turns":3.0},{"damage":0.0,"enemies":"Nemesis","floor":41.0,"turns":5.0},{"damage":20.0,"enemies":"Jaw Worm Horde","floor":44.0,"turns":8.0},{"damage":0.0,"enemies":"Reptomancer","floor":45.0,"turns":8.0},{"damage":0.0,"enemies":"Giant Head","floor":48.0,"turns":6.0},{"damage":32,"enemies":"Donu and Deca","floor":50,"turns":11},{"damage":2,"enemies":"Shield and Spear","floor":54,"turns":5},{"damage":58,"enemies":"The Heart","floor":55,"turns":2}],"seed_played":"-7753313363608206564","potions_obtained":[{"floor":1.0,"key":"Poison Potion"},{"floor":8.0,"key":"Poison Potion"},{"floor":13.0,"key":"AttackPotion"}],"is_trial":false,"path_per_floor":["M","?","$","?","?","E","R","E","T","$","?","?","M","E","R","B",null,"M","$","M","M","?","E","R","E","T","R","M","$","E","?","R","B",null,"M","$","M","?","M","R","E","$","T","M","E","R","?","E","R","B",null,"R","$","E","B"],"character_chosen":"DEFECT","items_purchased":["Glacier","Frozen Egg 2","Compile Driver","Hologram+1","Regal Pillow","Capacitor+1","Redo+1","Glacier+1","Defragment+1"],"campfire_rested":2,"item_purchase_floors":[3,3,3,10,19,29,29,36,42],"current_hp_per_floor":[54,47,47,47,26,13,36,8,8,8,34,34,34,27,27,6,60,54,54,54,50,39,36,36,17,17,39,38,38,39,39,39,35,38,37,37,37,37,28,28,38,38,38,28,38,38,37,37,37,15,32,32,32,37,0],"gold":41,"neow_bonus":"TWO_FIFTY_GOLD","is_prod":false,"is_daily":false,"chose_seed":false,"campfire_upgraded":6,"win_rate":0,"timestamp":1555350575,"path_taken":["M","?","$","?","?","E","R","E","T","?","?","?","M","E","R","BOSS","M","$","M","?","?","E","R","E","T","R","M","$","E","?","R","BOSS","M","$","?","?","M","R","E","?","T","?","E","R","?","E","R","BOSS","R","$","E","BOSS"],"build_version":"2019-01-23","purchased_purges":2,"victory":false,"max_hp_per_floor":[71,71,71,71,71,78,78,78,78,78,78,78,78,78,78,78,78,78,78,78,78,39,39,39,39,39,39,39,39,39,39,39,39,39,39,39,39,39,39,39,39,39,39,39,39,39,37,37,37,37,37,37,37,37,37],"card_choices":[{"not_picked":["Recycle","Streamline","Storm"],"picked":"SKIP","floor":1.0},{"not_picked":["Turbo","Chaos"],"picked":"Genetic Algorithm","floor":6.0},{"not_picked":["Blizzard","Sweeping Beam"],"picked":"Doom and Gloom","floor":8.0},{"not_picked":["Turbo+1","Go for the Eyes"],"picked":"Steam+1","floor":13.0},{"not_picked":["Go for the Eyes","Doom and Gloom"],"picked":"Leap+1","floor":14.0},{"not_picked":["Core Surge","Rainbow+1"],"picked":"Biased Cognition+1","floor":16.0},{"not_picked":["Steam Power+1","Rip and Tear"],"picked":"Coolheaded+1","floor":18.0},{"not_picked":["Consume+1","Turbo+1"],"picked":"Steam+1","floor":20.0},{"not_picked":["Coolheaded+1","Hologram+1"],"picked":"Darkness+1","floor":21.0},{"not_picked":["Multi-Cast+1","Doom and Gloom"],"picked":"Auto Shields+1","floor":23.0},{"not_picked":["Fusion+1","Leap+1","Beam Cell"],"picked":"SKIP","floor":25.0},{"not_picked":["Aggregate+1","Go for the Eyes"],"picked":"Self Repair+1","floor":28.0},{"not_picked":["Fusion+1","Beam Cell"],"picked":"Skim+1","floor":30.0},{"not_picked":["Electrodynamics+1","Amplify+1"],"picked":"All For One","floor":33.0},{"not_picked":["Reprogram+1","Streamline+1"],"picked":"Redo+1","floor":35.0},{"not_picked":["Steam+1","Gash"],"picked":"Redo+1","floor":37.0},{"not_picked":["Beam Cell+1","Stack+1"],"picked":"Gash","floor":39.0},{"not_picked":["Stack+1","Chaos+1"],"picked":"Glacier+1","floor":41.0},{"not_picked":["Beam Cell","Barrage+1"],"picked":"Go for the Eyes","floor":44.0},{"not_picked":["Storm+1","Turbo+1"],"picked":"Hologram+1","floor":45.0},{"not_picked":["Self Repair+1","Sweeping Beam+1"],"picked":"Seek+1","floor":48.0},{"not_picked":["Coolheaded+1","Reprogram+1","Rainbow+1"],"picked":"SKIP","floor":54}],"player_experience":635621,"relics_obtained":[{"floor":6.0,"key":"Strawberry"},{"floor":8.0,"key":"Toxic Egg 2"},{"floor":9.0,"key":"Bottled Flame"},{"floor":14.0,"key":"PreservedInsect"},{"floor":23.0,"key":"Bottled Tornado"},{"floor":25.0,"key":"Bronze Scales"},{"floor":26.0,"key":"Happy Flower"},{"floor":41.0,"key":"Boot"},{"floor":45.0,"key":"Mummified Hand"},{"floor":48.0,"key":"Dream Catcher"},{"floor":54,"key":"Sundial"}],"event_choices":[{"cards_removed":["Doubt"],"damage_healed":0.0,"max_hp_gain":0.0,"max_hp_loss":0.0,"gold_gain":0.0,"event_name":"Golden Wing","player_choice":"Card Removal","floor":2.0,"gold_loss":0.0,"damage_taken":7.0},{"damage_healed":0.0,"max_hp_gain":0.0,"max_hp_loss":0.0,"gold_gain":0.0,"event_name":"The Cleric","player_choice":"Leave","floor":4.0,"gold_loss":0.0,"damage_taken":0.0},{"damage_healed":0.0,"max_hp_gain":0.0,"max_hp_loss":0.0,"gold_gain":0.0,"event_name":"Shining Light","player_choice":"Entered Light","floor":5.0,"gold_loss":0.0,"damage_taken":21.0,"cards_upgraded":["Strike_B","Dualcast"]},{"damage_healed":26.0,"max_hp_gain":0.0,"max_hp_loss":0.0,"gold_gain":0.0,"event_name":"Big Fish","player_choice":"Banana","floor":11.0,"gold_loss":0.0,"damage_taken":0.0},{"damage_healed":0.0,"max_hp_gain":0.0,"max_hp_loss":0.0,"gold_gain":0.0,"event_name":"Upgrade Shrine","player_choice":"Upgraded","floor":12.0,"gold_loss":0.0,"damage_taken":0.0,"cards_upgraded":["Genetic Algorithm"]},{"damage_healed":0.0,"max_hp_gain":0.0,"max_hp_loss":39.0,"gold_gain":0.0,"event_name":"Ghosts","player_choice":"Became a Ghost","floor":22.0,"gold_loss":0.0,"damage_taken":0.0,"cards_obtained":["Ghostly","Ghostly","Ghostly"]},{"damage_healed":0.0,"max_hp_gain":0.0,"max_hp_loss":0.0,"gold_gain":0.0,"event_name":"Duplicator","player_choice":"Copied","floor":31.0,"gold_loss":0.0,"damage_taken":0.0,"cards_obtained":["Genetic Algorithm"]},{"cards_removed":["Strike_B"],"damage_healed":0.0,"max_hp_gain":0.0,"max_hp_loss":0.0,"gold_gain":0.0,"event_name":"Purifier","player_choice":"Purged","floor":38.0,"gold_loss":0.0,"damage_taken":0.0},{"damage_healed":0.0,"max_hp_gain":0.0,"max_hp_loss":2.0,"gold_gain":0.0,"event_name":"Winding Halls","player_choice":"Max HP","floor":47.0,"gold_loss":0.0,"damage_taken":0.0}],"is_beta":false,"boss_relics":[{"not_picked":["Lizard Tail","Cursed Key"],"picked":"Sozu"},{"not_picked":["Snecko Eye","Eternal Feather"],"picked":"Inserter"}],"items_purged_floors":[36,53],"is_endless":false,"potions_floor_spawned":[1,8,13,21,28,30,44,45],"killed_by":"The Heart","ascension_level":15}