{"gold_per_floor":[17,17,31,47,58,58,68,100,150,150,22,34,63,75,75,75],"floor_reached":16,"playtime":621,"items_purged":[],"score":217,"play_id":"39e43d30-dfca-4f8a-87b8-f1945d3477ee","local_time":"20190422213933","is_ascension_mode":true,"campfire_choices":[{"data":"Go for the Eyes","floor":6.0,"key":"SMITH"},{"data":"Dualcast","floor":10.0,"key":"SMITH"},{"floor":15.0,"key":"REST"}],"neow_cost":"NO_GOLD","seed_source_timestamp":5266136746327,"circlet_count":0,"master_deck":["AscendersBane","Strike_B","Strike_B","Defend_B","Defend_B","Defend_B","Defend_B","Zap+1","Dualcast+1","Melter","Conserve Battery","Compile Driver","Go for the Eyes+1","Chill","Leap","Cold Snap","Capacitor","Streamline","Glacier"],"special_seed":0,"relics":["Cracked Core","Potion Belt","Bronze Scales","Bottled Tornado"],"potions_floor_usage":[16],"damage_taken":[{"damage":0.0,"enemies":"2 Louse","floor":1.0,"turns":3.0},{"damage":0.0,"enemies":"Cultist","floor":3.0,"turns":4.0},{"damage":5.0,"enemies":"Jaw Worm","floor":4.0,"turns":3.0},{"damage":6.0,"enemies":"Looter","floor":5.0,"turns":2.0},{"damage":8.0,"enemies":"3 Louse","floor":7.0,"turns":3.0},{"damage":10.0,"enemies":"3 Sentries","floor":8.0,"turns":10.0},{"damage":0.0,"enemies":"Exordium Wildlife","floor":12.0,"turns":5.0},{"damage":15.0,"enemies":"Lagavulin","floor":13.0,"turns":3.0},{"damage":1.0,"enemies":"Looter","floor":14.0,"turns":3.0},{"damage":42,"enemies":"Slime Boss","floor":16,"turns":9}],"seed_played":"8775692484583056061","potions_obtained":[{"floor":7.0,"key":"FearPotion"},{"floor":8.0,"key":"PowerPotion"},{"floor":12.0,"key":"FearPotion"}],"is_trial":false,"path_per_floor":["M","?","M","M","M","R","M","E","T","R","$","M","E","M","R","B"],"character_chosen":"DEFECT","items_purchased":["Cold Snap","Capacitor"],"campfire_rested":1,"item_purchase_floors":[11,11],"current_hp_per_floor":[64,64,64,59,53,53,45,35,35,35,35,35,20,19,40,0],"gold":75,"neow_bonus":"REMOVE_TWO","is_prod":false,"is_daily":false,"chose_seed":false,"campfire_upgraded":2,"win_rate":0,"timestamp":1555961973,"path_taken":["M","?","M","M","M","R","M","E","T","R","$","M","E","?","R","BOSS"],"build_version":"2019-01-23","purchased_purges":0,"victory":false,"max_hp_per_floor":[71,71,71,71,71,71,71,71,71,71,71,71,71,71,71,71],"card_choices":[{"not_picked":["Steam","Conserve Battery"],"picked":"Melter","floor":1.0},{"not_picked":["Steam","Hologram"],"picked":"Conserve Battery","floor":3.0},{"not_picked":["Redo","Stack"],"picked":"Compile Driver","floor":4.0},{"not_picked":["Consume","White Noise"],"picked":"Go for the Eyes","floor":5.0},{"not_picked":["Force Field","Compile Driver"],"picked":"Chill","floor":7.0},{"not_picked":["Meteor Strike","Barrage"],"picked":"Leap","floor":8.0},{"not_picked":["Coolheaded","Gash"],"picked":"Streamline","floor":12.0},{"not_picked":["Go for the Eyes","Melter","Beam Cell"],"picked":"SKIP","floor":13.0},{"not_picked":["Sweeping Beam","Steam"],"picked":"Glacier","floor":14.0}],"player_experience":693052,"relics_obtained":[{"floor":8.0,"key":"Potion Belt"},{"floor":9.0,"key":"Bronze Scales"},{"floor":13.0,"key":"Bottled Tornado"}],"event_choices":[{"damage_healed":0.0,"max_hp_gain":0.0,"max_hp_loss":0.0,"gold_gain":0.0,"event_name":"Accursed Blacksmith","player_choice":"Forge","floor":2.0,"gold_loss":0.0,"damage_taken":0.0,"cards_upgraded":["Zap"]}],"is_beta":false,"boss_relics":[],"items_purged_floors":[],"is_endless":false,"potions_floor_spawned":[7,8,12],"killed_by":"Slime Boss","ascension_level":18}