{"gold_per_floor":[214,6,81,81,99,99,125,125,150,176,176,176,196,208,208,208],"floor_reached":16,"playtime":842,"items_purged":[],"score":162,"play_id":"1c7bba2d-9318-4162-a491-f3dd2c2e0a85","local_time":"20190327213213","is_ascension_mode":true,"campfire_choices":[{"data":"Neutralize","floor":6,"key":"SMITH"},{"floor":8,"key":"REST"},{"floor":12,"key":"REST"},{"data":"Deadly Poison","floor":15,"key":"SMITH"}],"neow_cost":"NONE","seed_source_timestamp":258292453505151,"circlet_count":0,"master_deck":["AscendersBane","Defend_G","Defend_G","Defend_G","Defend_G","Defend_G","Strike_G","Strike_G","Strike_G","Strike_G","Strike_G","Survivor","Neutralize+1","Deadly Poison+1","Bane","Backflip"],"relics":["Ring of the Snake","TwistedFunnel","Happy Flower","Oddly Smooth Stone","Ornamental Fan","Bag of Marbles"],"potions_floor_usage":[7,10],"damage_taken":[{"damage":12,"enemies":"Cultist","floor":1,"turns":5},{"damage":4,"enemies":"Small Slimes","floor":5,"turns":3},{"damage":22,"enemies":"3 Sentries","floor":7,"turns":8},{"damage":24,"enemies":"Gremlin Nob","floor":10,"turns":5},{"damage":0,"enemies":"Jaw Worm","floor":13,"turns":2},{"damage":2,"enemies":"Large Slime","floor":14,"turns":6},{"damage":32,"enemies":"Hexaghost","floor":16,"turns":9}],"seed_played":"-8377056420054049331","potions_obtained":[{"floor":1,"key":"SpeedPotion"},{"floor":5,"key":"Fire Potion"}],"is_trial":false,"path_per_floor":["M","$","?","?","M","R","E","R","T","E","T","R","M","M","R","B"],"character_chosen":"THE_SILENT","items_purchased":["TwistedFunnel"],"campfire_rested":2,"item_purchase_floors":[2],"current_hp_per_floor":[51,51,40,40,36,36,14,35,35,11,11,32,32,30,30,0],"gold":208,"neow_bonus":"HUNDRED_GOLD","is_prod":false,"is_daily":false,"chose_seed":false,"campfire_upgraded":2,"win_rate":0,"timestamp":1553718733,"path_taken":["M","$","?","?","M","R","E","R","T","E","?","R","M","M","R","BOSS"],"build_version":"2019-01-23","purchased_purges":0,"victory":false,"max_hp_per_floor":[70,70,70,70,70,70,70,70,70,70,70,70,70,70,70,70],"card_choices":[{"not_picked":["Setup","Sucker Punch","PiercingWail"],"picked":"SKIP","floor":1},{"not_picked":["Outmaneuver","Bane"],"picked":"Deadly Poison","floor":5},{"not_picked":["Predator","Riddle With Holes","Prepared"],"picked":"SKIP","floor":7},{"not_picked":["Caltrops","Quick Slash"],"picked":"Bane","floor":10},{"not_picked":["Finisher","Reflex"],"picked":"Backflip","floor":13},{"not_picked":["Slice","Terror","Quick Slash"],"picked":"SKIP","floor":14}],"player_experience":386768,"relics_obtained":[{"floor":7,"key":"Happy Flower"},{"floor":9,"key":"Oddly Smooth Stone"},{"floor":10,"key":"Ornamental Fan"},{"floor":11,"key":"Bag of Marbles"}],"event_choices":[{"damage_healed":0,"gold_gain":75,"player_choice":"Gather Gold","damage_taken":11,"max_hp_gain":0,"max_hp_loss":0,"event_name":"World of Goop","floor":3,"gold_loss":0},{"damage_healed":0,"gold_gain":0,"player_choice":"Ignored","damage_taken":0,"max_hp_gain":0,"max_hp_loss":0,"event_name":"Liars Game","floor":4,"gold_loss":0}],"is_beta":false,"boss_relics":[],"items_purged_floors":[],"is_endless":false,"potions_floor_spawned":[1,5],"killed_by":"Hexaghost","ascension_level":10}