{"gold_per_floor":[119,219,239,251,261,261,279,294,294,294,321,331,341,351,351,456,456,468,480,211,225,225],"floor_reached":22,"playtime":2750,"items_purged":["Strike_R"],"score":194,"play_id":"d0df264a-4747-4b01-a5bc-97852174dff8","local_time":"20190511224430","is_ascension_mode":false,"campfire_choices":[{"data":"Bash","floor":6,"key":"SMITH"},{"data":"Shrug It Off","floor":10,"key":"SMITH"},{"floor":15,"key":"REST"}],"neow_cost":"NONE","seed_source_timestamp":534339936133899,"circlet_count":0,"master_deck":["Strike_R","Strike_R","Strike_R","Strike_R","Defend_R","Defend_R","Defend_R","Defend_R","Bash+1","Uppercut","Flex","Sword Boomerang","Shrug It Off+1","Armaments","Thunderclap","Twin Strike","Heavy Blade","Demon Form","Battle Trance+1","Warcry+1","Pommel Strike"],"relics":["Burning Blood","Bag of Marbles","Ornamental Fan","Pen Nib","White Beast Statue","TheAbacus"],"potions_floor_usage":[],"damage_taken":[{"damage":4,"enemies":"Jaw Worm","floor":1,"turns":5},{"damage":0,"enemies":"Cultist","floor":3,"turns":3},{"damage":0,"enemies":"Small Slimes","floor":4,"turns":2},{"damage":7,"enemies":"3 Louse","floor":5,"turns":4},{"damage":0,"enemies":"Large Slime","floor":7,"turns":3},{"damage":2,"enemies":"Looter","floor":8,"turns":2},{"damage":20,"enemies":"3 Sentries","floor":11,"turns":9},{"damage":8,"enemies":"Exordium Wildlife","floor":12,"turns":5},{"damage":11,"enemies":"Red Slaver","floor":13,"turns":5},{"damage":1,"enemies":"Looter","floor":14,"turns":4},{"damage":70,"enemies":"Slime Boss","floor":16,"turns":15},{"damage":24,"enemies":"Shell Parasite","floor":18,"turns":8},{"damage":44,"enemies":"3 Byrds","floor":19,"turns":8},{"damage":16,"enemies":"Centurion and Healer","floor":21,"turns":12},{"damage":14,"enemies":"Snake Plant","floor":22,"turns":2}],"seed_played":"3711754949133325729","potions_obtained":[{"floor":1,"key":"Ancient Potion"},{"floor":4,"key":"EssenceOfSteel"},{"floor":11,"key":"Swift Potion"},{"floor":14,"key":"Strength Potion"},{"floor":21,"key":"Energy Potion"}],"is_trial":false,"path_per_floor":["M","?","M","M","M","R","M","M","T","R","E","M","M","M","R","B",null,"M","M","$","M","M"],"character_chosen":"IRONCLAD","items_purchased":["TheAbacus"],"campfire_rested":1,"item_purchase_floors":[20],"current_hp_per_floor":[80,80,80,80,79,79,80,80,80,80,66,64,59,64,80,16,80,62,24,24,14,0],"gold":225,"neow_bonus":"RANDOM_COMMON_RELIC","is_prod":false,"is_daily":false,"chose_seed":false,"campfire_upgraded":2,"win_rate":0.0,"timestamp":1557629070,"path_taken":["M","?","?","M","M","R","M","M","T","R","E","M","M","M","R","BOSS","M","M","$","M","M"],"build_version":"2019-01-23","purchased_purges":1,"victory":false,"max_hp_per_floor":[80,80,80,80,80,80,80,80,80,80,80,80,80,80,80,80,80,80,80,80,80,80],"card_choices":[{"not_picked":["Bloodletting","Fire Breathing"],"picked":"Uppercut","floor":1},{"not_picked":["Headbutt","Armaments"],"picked":"Flex","floor":3},{"not_picked":["Warcry","Corruption","Ghostly Armor"],"picked":"SKIP","floor":4},{"not_picked":["Dual Wield","Body Slam"],"picked":"Sword Boomerang","floor":5},{"not_picked":["Feel No Pain","Infernal Blade"],"picked":"Shrug It Off","floor":7},{"not_picked":["Ghostly Armor","Warcry"],"picked":"Armaments","floor":8},{"not_picked":["Disarm","Berserk"],"picked":"Thunderclap","floor":11},{"not_picked":["Power Through","Anger","True Grit"],"picked":"SKIP","floor":12},{"not_picked":["Body Slam","Intimidate"],"picked":"Twin Strike","floor":13},{"not_picked":["Headbutt","Anger"],"picked":"Heavy Blade","floor":14},{"not_picked":["Dark Embrace","Berserk"],"picked":"Demon Form","floor":16},{"not_picked":["Shockwave","Reckless Charge"],"picked":"Battle Trance+1","floor":18},{"not_picked":["Armaments","Dual Wield"],"picked":"Warcry+1","floor":19},{"not_picked":["Perfected Strike","Armaments+1"],"picked":"Pommel Strike","floor":21}],"player_experience":4300,"relics_obtained":[{"floor":9,"key":"Ornamental Fan"},{"floor":11,"key":"Pen Nib"}],"event_choices":[{"damage_healed":0,"gold_gain":100,"player_choice":"Pray","damage_taken":0,"max_hp_gain":0,"max_hp_loss":0,"event_name":"Golden Shrine","floor":2,"gold_loss":0}],"is_beta":false,"boss_relics":[{"not_picked":["Runic Dome","Coffee Dripper"],"picked":"White Beast Statue"}],"items_purged_floors":[20],"is_endless":false,"potions_floor_spawned":[1,4,11,14,18,19,21],"killed_by":"Snake Plant","ascension_level":0}