{"gold_per_floor":[209,227,227,240,14,14,14,49,128,148,162,175,175,175,175,279,279,293,293,293,308,308,308,325,325,376,403,85,85,85,102,102,207,207,221,221,321,321,63,63,78,93,146,160,160,160,160,192,192,192,192,192,92,125,125],"floor_reached":56,"playtime":3600,"items_purged":["Writhe","Defend_B"],"score":1623,"play_id":"c777b458-a317-4bc0-8a59-578c07ee33e0","local_time":"20190321215232","is_ascension_mode":true,"campfire_choices":[{"data":"Zap","floor":6.0,"key":"SMITH"},{"floor":13.0,"key":"REST"},{"data":"Dualcast","floor":15.0,"key":"SMITH"},{"data":"Defragment","floor":23,"key":"SMITH"},{"data":"Hologram","floor":25,"key":"SMITH"},{"data":"Ghostly","floor":30,"key":"SMITH"},{"data":"Beam Cell","floor":32,"key":"SMITH"},{"data":"Apotheosis","floor":40,"key":"SMITH"},{"data":"Seek","floor":47,"key":"SMITH"},{"floor":49,"key":"RECALL"},{"data":"Loop","floor":52,"key":"SMITH"}],"neow_cost":"NONE","seed_source_timestamp":0,"circlet_count":0,"master_deck":["Defend_B","Defend_B","Defend_B","Zap+1","Dualcast+1","Rip and Tear","Stack","Genetic Algorithm","Defragment+1","Loop+1","Cold Snap","Coolheaded","Compile Driver","Biased Cognition","Melter","Bite","Bite","Bite","Bite","Necronomicurse","Doom and Gloom+1","Hologram+1","Echo Form","Ghostly+1","Ghostly","Ghostly","Ghostly","Ghostly","Beam Cell+1","Seek+1","Leap","Apotheosis+1","Defragment","Reinforced Body+1","Finesse","Defragment"],"special_seed":0,"relics":["Cracked Core","PreservedInsect","Centennial Puzzle","Art of War","Sozu","Necronomicon","Potion Belt","Orichalcum","Cables","Bottled Flame","Busted Crown","Unceasing Top","Omamori","Mummified Hand","Regal Pillow","Ice Cream"],"potions_floor_usage":[55],"damage_taken":[{"damage":0.0,"enemies":"Small Slimes","floor":1.0,"turns":3.0},{"damage":6.0,"enemies":"2 Louse","floor":2.0,"turns":2.0},{"damage":12.0,"enemies":"Jaw Worm","floor":4.0,"turns":3.0},{"damage":28.0,"enemies":"Lagavulin","floor":8.0,"turns":4.0},{"damage":4.0,"enemies":"Looter","floor":10.0,"turns":3.0},{"damage":1.0,"enemies":"Blue Slaver","floor":11.0,"turns":3.0},{"damage":9.0,"enemies":"Large Slime","floor":12.0,"turns":5.0},{"damage":2.0,"enemies":"Hexaghost","floor":16.0,"turns":13.0},{"damage":5,"enemies":"Chosen","floor":18,"turns":5},{"damage":15,"enemies":"3 Byrds","floor":21,"turns":6},{"damage":17,"enemies":"Centurion and Healer","floor":24,"turns":5},{"damage":0,"enemies":"Slavers","floor":27,"turns":2},{"damage":0,"enemies":"Shelled Parasite and Fungi","floor":31,"turns":5},{"damage":9,"enemies":"Automaton","floor":33,"turns":8},{"damage":0,"enemies":"3 Shapes","floor":35,"turns":4},{"damage":0,"enemies":"Mind Bloom Boss Battle","floor":37,"turns":4},{"damage":0,"enemies":"Orb Walker","floor":41,"turns":3},{"damage":0,"enemies":"Transient","floor":42,"turns":5},{"damage":10,"enemies":"4 Shapes","floor":44,"turns":2},{"damage":0,"enemies":"Giant Head","floor":48,"turns":5},{"damage":3,"enemies":"Time Eater","floor":50,"turns":10},{"damage":4,"enemies":"Shield and Spear","floor":54,"turns":4},{"damage":56,"enemies":"The Heart","floor":55,"turns":12}],"seed_played":"3277060526023437955","potions_obtained":[{"floor":4.0,"key":"SteroidPotion"},{"floor":8.0,"key":"SkillPotion"},{"floor":11.0,"key":"SpeedPotion"},{"floor":12.0,"key":"PowerPotion"}],"is_trial":false,"path_per_floor":["M","M","?","M","$","R","$","E","T","M","M","M","R","?","R","B",null,"M","?","?","M","?","R","M","R","T","E","$","?","R","M","R","B",null,"M","?","?","?","$","R","M","M","T","M","T","?","R","E","R","B",null,"R","$","E","B",null],"character_chosen":"DEFECT","items_purchased":["PreservedInsect","Defragment","Bottled Flame","Apotheosis","Defragment"],"campfire_rested":1,"item_purchase_floors":[5,5,28,39,39],"current_hp_per_floor":[68,62,67,55,55,55,55,27,27,23,22,13,37,34,34,32,68,63,56,40,33,33,33,24,24,24,26,26,26,26,28,28,28,28,28,27,27,27,27,27,27,27,27,17,17,17,17,27,27,27,27,27,27,27,2],"gold":125,"neow_bonus":"HUNDRED_GOLD","is_prod":false,"is_daily":false,"chose_seed":false,"campfire_upgraded":9,"win_rate":0,"timestamp":1553219552,"path_taken":["M","M","?","M","$","R","$","E","T","M","M","M","R","?","R","BOSS","M","?","?","M","?","R","M","R","T","E","?","?","R","?","R","BOSS","M","?","?","?","$","R","?","M","T","M","?","?","R","E","R","BOSS","R","$","E","BOSS"],"build_version":"2019-01-23","purchased_purges":2,"victory":true,"max_hp_per_floor":[75,75,80,80,80,80,80,80,80,80,80,80,80,80,80,80,80,80,56,56,56,56,56,56,56,56,56,56,28,28,28,28,28,28,28,27,27,27,27,27,27,27,27,27,27,27,27,27,27,27,27,27,27,27,27],"card_choices":[{"not_picked":["Steam","Turbo"],"picked":"Rip and Tear","floor":1.0},{"not_picked":["Barrage","Rebound"],"picked":"Stack","floor":2.0},{"not_picked":["Melter","Steam"],"picked":"Genetic Algorithm","floor":4.0},{"not_picked":["Force Field","Recycle"],"picked":"Loop","floor":8.0},{"not_picked":["Rip and Tear","Chaos"],"picked":"Cold Snap","floor":10.0},{"not_picked":["Genetic Algorithm","Doom and Gloom"],"picked":"Coolheaded","floor":11.0},{"not_picked":["Undo","Consume"],"picked":"Compile Driver","floor":12.0},{"not_picked":["Machine Learning","Fission"],"picked":"Biased Cognition","floor":16.0},{"not_picked":["Sweeping Beam","Coolheaded"],"picked":"Melter","floor":18},{"not_picked":["Ball Lightning","Rebound+1"],"picked":"Doom and Gloom+1","floor":21},{"not_picked":["Leap","Stack"],"picked":"Hologram","floor":24},{"not_picked":["Gash","Rebound"],"picked":"Echo Form","floor":27},{"not_picked":["Skim","Darkness"],"picked":"Beam Cell","floor":31},{"not_picked":["Meteor Strike","Amplify"],"picked":"Seek","floor":33},{"not_picked":["Cold Snap"],"picked":"SKIP","floor":35},{"not_picked":[],"picked":"Leap","floor":37},{"not_picked":[],"picked":"Reinforced Body+1","floor":41},{"not_picked":["Rebound+1"],"picked":"SKIP","floor":42},{"not_picked":["Reprogram+1"],"picked":"SKIP","floor":44},{"not_picked":["Sweeping Beam+1"],"picked":"SKIP","floor":48},{"not_picked":["BootSequence"],"picked":"SKIP","floor":54}],"player_experience":180620,"relics_obtained":[{"floor":8.0,"key":"Centennial Puzzle"},{"floor":20,"key":"Necronomicon"},{"floor":26,"key":"Orichalcum"},{"floor":27,"key":"Cables"},{"floor":37,"key":"Unceasing Top"},{"floor":43,"key":"Omamori"},{"floor":45,"key":"Mummified Hand"},{"floor":48,"key":"Regal Pillow"},{"floor":54,"key":"Ice Cream"}],"event_choices":[{"damage_healed":0.0,"max_hp_gain":5.0,"max_hp_loss":0.0,"gold_gain":0.0,"event_name":"Big Fish","player_choice":"Donut","floor":3.0,"gold_loss":0.0,"damage_taken":0.0},{"damage_healed":0.0,"max_hp_gain":0.0,"max_hp_loss":0.0,"gold_gain":0.0,"event_name":"Scrap Ooze","player_choice":"Success","floor":14.0,"gold_loss":0.0,"damage_taken":3.0,"relics_obtained":["Art of War"]},{"damage_healed":0,"gold_gain":0,"player_choice":"Became a vampire","damage_taken":0,"max_hp_gain":0,"max_hp_loss":24,"event_name":"Vampires","floor":19,"gold_loss":0,"cards_obtained":["Bite","Bite","Bite","Bite","Bite"]},{"damage_healed":0,"gold_gain":0,"player_choice":"Obtained Book","damage_taken":16,"max_hp_gain":0,"max_hp_loss":0,"event_name":"Cursed Tome","floor":20,"gold_loss":0},{"damage_healed":0,"gold_gain":0,"player_choice":"Opened","damage_taken":0,"relics_obtained":["Potion Belt"],"max_hp_gain":0,"max_hp_loss":0,"event_name":"The Mausoleum","floor":22,"gold_loss":0,"cards_obtained":["Writhe"]},{"damage_healed":0,"gold_gain":0,"player_choice":"Became a Ghost","damage_taken":0,"max_hp_gain":0,"max_hp_loss":28,"event_name":"Ghosts","floor":29,"gold_loss":0,"cards_obtained":["Ghostly","Ghostly","Ghostly","Ghostly","Ghostly"]},{"damage_healed":0,"gold_gain":0,"player_choice":"Max HP","damage_taken":0,"max_hp_gain":0,"max_hp_loss":1,"event_name":"Winding Halls","floor":36,"gold_loss":0},{"damage_healed":0,"gold_gain":0,"player_choice":"Fight","damage_taken":0,"max_hp_gain":0,"max_hp_loss":0,"event_name":"MindBloom","floor":37,"gold_loss":0},{"cards_removed":["Bite"],"damage_healed":0,"gold_gain":0,"player_choice":"Removed Attack","damage_taken":0,"max_hp_gain":0,"max_hp_loss":0,"event_name":"Falling","floor":38,"gold_loss":0},{"damage_healed":0,"gold_gain":0,"player_choice":"2 cards matched","damage_taken":0,"max_hp_gain":0,"max_hp_loss":0,"event_name":"Match and Keep!","floor":46,"gold_loss":0,"cards_obtained":["Finesse","Defragment"]}],"is_beta":false,"boss_relics":[{"not_picked":["Ectoplasm","Orrery"],"picked":"Sozu"},{"not_picked":["FrozenCore","Empty Cage"],"picked":"Busted Crown"}],"items_purged_floors":[28,53],"is_endless":false,"potions_floor_spawned":[4,8,11,12,21,24,31,35,37,44,54],"ascension_level":7}