{"gold_per_floor":[209,284,459,459,38,73,73,102,125,125],"floor_reached":10,"playtime":299,"items_purged":["Doubt"],"score":97,"play_id":"2c67311a-c6a7-4fa9-88f7-df50f38d2ff2","local_time":"20190324175634","is_ascension_mode":true,"campfire_choices":[{"floor":7,"key":"REST"}],"neow_cost":"NONE","seed_source_timestamp":164476984158398,"circlet_count":0,"master_deck":["Strike_B","Strike_B","Strike_B","Strike_B","Defend_B","Defend_B","Defend_B","Defend_B","Zap","Dualcast","White Noise","Storm","Leap","Defragment","Go for the Eyes","Barrage","Ball Lightning+1"],"relics":["Cracked Core","Matryoshka","Nunchaku","Molten Egg 2","PreservedInsect","Vajra"],"potions_floor_usage":[8],"damage_taken":[{"damage":0,"enemies":"Small Slimes","floor":1,"turns":2},{"damage":47,"enemies":"Gremlin Nob","floor":6,"turns":5},{"damage":30,"enemies":"Lagavulin","floor":8,"turns":7},{"damage":10,"enemies":"3 Sentries","floor":10,"turns":2}],"seed_played":"-218153573355058291","potions_obtained":[{"floor":1,"key":"FocusPotion"}],"is_trial":false,"path_per_floor":["M","?","?","?","$","E","R","E","T","E"],"character_chosen":"DEFECT","items_purchased":["Defragment","Matryoshka","Go for the Eyes"],"campfire_rested":1,"item_purchase_floors":[5,5,5],"current_hp_per_floor":[68,57,57,57,57,10,32,2,2,0],"gold":125,"neow_bonus":"HUNDRED_GOLD","is_prod":false,"is_daily":false,"chose_seed":false,"campfire_upgraded":0,"win_rate":0,"timestamp":1553446594,"path_taken":["M","?","?","?","$","E","R","E","T","E"],"build_version":"2019-01-23","purchased_purges":1,"victory":false,"max_hp_per_floor":[75,75,75,75,75,75,75,75,75,75],"card_choices":[{"not_picked":["Beam Cell","Hologram"],"picked":"White Noise","floor":1},{"not_picked":["Genetic Algorithm","Auto Shields"],"picked":"Barrage","floor":6},{"not_picked":["Redo","Compile Driver"],"picked":"Ball Lightning","floor":8}],"player_experience":367243,"relics_obtained":[{"floor":6,"key":"Nunchaku"},{"floor":8,"key":"Molten Egg 2"},{"floor":9,"key":"PreservedInsect"},{"floor":9,"key":"Vajra"}],"event_choices":[{"damage_healed":0,"gold_gain":75,"player_choice":"Gather Gold","damage_taken":11,"max_hp_gain":0,"max_hp_loss":0,"event_name":"World of Goop","floor":2,"gold_loss":0},{"damage_healed":0,"gold_gain":175,"player_choice":"AGREE","damage_taken":0,"max_hp_gain":0,"max_hp_loss":0,"event_name":"Liars Game","floor":3,"gold_loss":0,"cards_obtained":["Doubt"]},{"damage_healed":0,"gold_gain":0,"player_choice":"2 cards matched","damage_taken":0,"max_hp_gain":0,"max_hp_loss":0,"event_name":"Match and Keep!","floor":4,"gold_loss":0,"cards_obtained":["Storm","Leap"]}],"is_beta":false,"boss_relics":[],"items_purged_floors":[5],"is_endless":false,"potions_floor_spawned":[1],"killed_by":"3 Sentries","ascension_level":7}