{"gold_per_floor":[219,219,219,242,242,242,255,255,255,255,255,275,315,5,5,100,100,121,18,51,51,75,75,19,19,19,19,32,32,32,49,49,125,125,139,1138,520,539,24,24,53,71,71,71,98,23,23,35,35,35,35],"floor_reached":51,"playtime":2874,"items_purged":["Decay","Normality","Normality"],"score":1323,"play_id":"6a1503b9-b0df-4993-ae71-3b764e1bb641","local_time":"20190407125059","is_ascension_mode":true,"campfire_choices":[{"data":"Neutralize","floor":6.0,"key":"SMITH"},{"data":"Poisoned Stab","floor":8.0,"key":"SMITH"},{"floor":11.0,"key":"REST"},{"data":"Footwork","floor":15.0,"key":"SMITH"},{"data":"Caltrops","floor":23.0,"key":"SMITH"},{"data":"Footwork","floor":25.0,"key":"SMITH"},{"data":"Dagger Throw","floor":29.0,"key":"SMITH"},{"data":"Corpse Explosion","floor":32.0,"key":"SMITH"},{"data":"Adrenaline","floor":40.0,"key":"SMITH"},{"floor":44.0,"key":"RECALL"},{"floor":49.0,"key":"REST"}],"neow_cost":"NONE","seed_source_timestamp":790521937789431,"circlet_count":0,"master_deck":["AscendersBane","Defend_G","Defend_G","Defend_G","Defend_G","Defend_G","Strike_G","Strike_G+1","Strike_G+1","Survivor","Neutralize+1","PiercingWail","Footwork+1","Poisoned Stab+1","Dodge and Roll","Backflip","After Image+1","Terror","Flying Knee","Caltrops+1","Footwork+1","Dagger Throw+1","PiercingWail+1","Corpse Explosion+1","Adrenaline+1","Deflect","Calculated Gamble+1","Accuracy","PiercingWail"],"special_seed":0,"relics":["Ring of the Snake","Bloody Idol","Mercury Hourglass","Juzu Bracelet","Bag of Preparation","Eternal Feather","Red Mask","Runic Pyramid","TwistedFunnel","Strawberry","Incense Burner","PreservedInsect","Ancient Tea Set","Snake Skull"],"potions_floor_usage":[],"damage_taken":[{"damage":8.0,"enemies":"Jaw Worm","floor":1.0,"turns":6.0},{"damage":0.0,"enemies":"2 Louse","floor":4.0,"turns":4.0},{"damage":0.0,"enemies":"Small Slimes","floor":7.0,"turns":4.0},{"damage":1.0,"enemies":"Exordium Thugs","floor":12.0,"turns":6.0},{"damage":21.0,"enemies":"3 Sentries","floor":13.0,"turns":6.0},{"damage":11.0,"enemies":"The Guardian","floor":16.0,"turns":14.0},{"damage":12.0,"enemies":"Spheric Guardian","floor":18.0,"turns":12.0},{"damage":37.0,"enemies":"Masked Bandits","floor":20.0,"turns":7.0},{"damage":0.0,"enemies":"Shell Parasite","floor":22.0,"turns":10.0},{"damage":13.0,"enemies":"3 Cultists","floor":28.0,"turns":5.0},{"damage":11.0,"enemies":"Centurion and Healer","floor":31.0,"turns":13.0},{"damage":93.0,"enemies":"Collector","floor":33.0,"turns":12.0},{"damage":12.0,"enemies":"Orb Walker","floor":35.0,"turns":6.0},{"damage":2.0,"enemies":"3 Darklings","floor":38.0,"turns":3.0},{"damage":37.0,"enemies":"Nemesis","floor":41.0,"turns":9.0},{"damage":0.0,"enemies":"4 Shapes","floor":42.0,"turns":4.0},{"damage":5.0,"enemies":"Reptomancer","floor":45.0,"turns":6.0},{"damage":22.0,"enemies":"Jaw Worm Horde","floor":48.0,"turns":3.0},{"damage":23.0,"enemies":"Time Eater","floor":50.0,"turns":17.0},{"damage":52,"enemies":"Donu and Deca","floor":51,"turns":8}],"seed_played":"-4003695629783926232","potions_obtained":[{"floor":7.0,"key":"Ancient Potion"},{"floor":12.0,"key":"Fire Potion"},{"floor":28.0,"key":"FairyPotion"},{"floor":31.0,"key":"GamblersBrew"},{"floor":33.0,"key":"Poison Potion"},{"floor":45.0,"key":"SkillPotion"},{"floor":48.0,"key":"Block Potion"}],"is_trial":false,"path_per_floor":["M","?","?","M","?","R","M","R","T","?","R","M","E","$","R","B",null,"M","$","?","?","M","R","$","R","T","?","M","R","?","M","R","B",null,"M","?","$","M","$","R","E","M","T","R","E","?","?","M","R","B","B"],"character_chosen":"THE_SILENT","items_purchased":["Bag of Preparation","LiquidBronze","Flying Knee","Caltrops","Explosive Potion","TwistedFunnel","Strawberry","LiquidBronze","SteroidPotion","Incense Burner","PowerPotion"],"campfire_rested":2,"item_purchase_floors":[14,14,19,19,24,37,37,37,37,39,39],"current_hp_per_floor":[51,51,31,31,31,31,31,31,31,31,50,49,28,28,28,17,54,42,42,5,18,18,30,30,42,42,42,34,49,49,43,58,11,52,45,50,57,60,60,73,41,46,46,61,61,61,61,44,73,50,0],"gold":35,"neow_bonus":"HUNDRED_GOLD","is_prod":false,"is_daily":false,"chose_seed":false,"campfire_upgraded":8,"win_rate":0,"timestamp":1554609059,"path_taken":["M","?","?","M","?","R","M","R","T","?","R","M","E","$","R","BOSS","M","$","?","?","M","R","?","R","T","?","M","R","?","M","R","BOSS","M","?","$","M","$","R","E","M","T","R","E","?","?","M","R","BOSS","BOSS"],"build_version":"2019-01-23","purchased_purges":3,"victory":false,"max_hp_per_floor":[66,66,66,66,66,66,66,66,66,66,66,66,66,66,66,66,66,66,66,66,66,66,66,66,66,66,66,66,66,66,66,66,66,66,66,66,73,73,73,73,73,73,73,73,73,73,73,73,73,73,73],"card_choices":[{"not_picked":["Bane","Heel Hook"],"picked":"PiercingWail","floor":1.0},{"not_picked":["Bane","Reflex"],"picked":"Footwork","floor":4.0},{"not_picked":["Deflect","Acrobatics"],"picked":"Poisoned Stab","floor":7.0},{"not_picked":["Deflect","Endless Agony"],"picked":"Dodge and Roll","floor":12.0},{"not_picked":["Reflex","Bouncing Flask"],"picked":"Backflip","floor":13.0},{"not_picked":["Grand Finale","Night Terror"],"picked":"After Image","floor":16.0},{"not_picked":["Distraction","Dodge and Roll"],"picked":"Terror","floor":18.0},{"not_picked":["Finisher","Backflip"],"picked":"Footwork","floor":20.0},{"not_picked":["Dagger Spray","Reflex"],"picked":"Dagger Throw","floor":22.0},{"not_picked":["Deadly Poison","Prepared"],"picked":"PiercingWail+1","floor":28.0},{"not_picked":["Bane","Backflip"],"picked":"Corpse Explosion","floor":31.0},{"not_picked":["After Image","Corpse Explosion"],"picked":"Adrenaline","floor":33.0},{"not_picked":["Backflip","Leg Sweep"],"picked":"Deflect","floor":35.0},{"not_picked":["Underhanded Strike+1","Acrobatics+1","Flying Knee"],"picked":"SKIP","floor":38.0},{"not_picked":["Terror","Bane","Blade Dance"],"picked":"SKIP","floor":41.0},{"not_picked":["Quick Slash","Finisher+1","Eviscerate+1"],"picked":"SKIP","floor":42.0},{"not_picked":["Masterful Stab+1","Predator"],"picked":"Calculated Gamble+1","floor":45.0},{"not_picked":["Tactician","Dodge and Roll","Masterful Stab+1"],"picked":"SKIP","floor":48.0}],"player_experience":852849,"relics_obtained":[{"floor":9.0,"key":"Mercury Hourglass"},{"floor":13.0,"key":"Juzu Bracelet"},{"floor":20.0,"key":"Red Mask"},{"floor":41.0,"key":"PreservedInsect"},{"floor":43.0,"key":"Ancient Tea Set"},{"floor":45.0,"key":"Snake Skull"}],"event_choices":[{"damage_healed":0.0,"max_hp_gain":0.0,"max_hp_loss":0.0,"gold_gain":0.0,"event_name":"Golden Idol","player_choice":"Take Wound","floor":2.0,"gold_loss":0.0,"damage_taken":0.0,"relics_obtained":["Golden Idol"],"cards_obtained":["Injury"]},{"damage_healed":0.0,"max_hp_gain":0.0,"max_hp_loss":0.0,"gold_gain":0.0,"event_name":"Shining Light","player_choice":"Entered Light","floor":3.0,"gold_loss":0.0,"damage_taken":20.0,"cards_upgraded":["Strike_G","Strike_G"]},{"cards_removed":["Injury"],"damage_healed":0.0,"max_hp_gain":0.0,"max_hp_loss":0.0,"gold_gain":0.0,"event_name":"Living Wall","player_choice":"Forget","floor":5.0,"gold_loss":0.0,"damage_taken":0.0},{"damage_healed":0.0,"max_hp_gain":0.0,"max_hp_loss":0.0,"gold_gain":0.0,"event_name":"Wheel of Change","player_choice":"Cursed","floor":10.0,"gold_loss":0.0,"damage_taken":0.0,"cards_obtained":["Decay"]},{"damage_healed":0.0,"max_hp_gain":0.0,"max_hp_loss":0.0,"gold_gain":0.0,"event_name":"Masked Bandits","player_choice":"Fought Bandits","floor":20.0,"gold_loss":0.0,"damage_taken":0.0},{"damage_healed":13.0,"max_hp_gain":0.0,"max_hp_loss":0.0,"gold_gain":0.0,"event_name":"The Library","player_choice":"Heal","floor":21.0,"gold_loss":0.0,"damage_taken":0.0},{"damage_healed":0.0,"max_hp_gain":0.0,"max_hp_loss":0.0,"gold_gain":0.0,"event_name":"Forgotten Altar","player_choice":"Gave Idol","floor":27.0,"relics_lost":["Golden Idol"],"gold_loss":0.0,"damage_taken":0.0,"relics_obtained":["Bloody Idol"]},{"damage_healed":0.0,"max_hp_gain":0.0,"max_hp_loss":0.0,"gold_gain":0.0,"event_name":"N\u0027loth","player_choice":"Ignored","floor":30.0,"gold_loss":0.0,"damage_taken":0.0},{"damage_healed":0.0,"max_hp_gain":0.0,"max_hp_loss":0.0,"gold_gain":999.0,"event_name":"MindBloom","player_choice":"Gold","floor":36.0,"gold_loss":0.0,"damage_taken":0.0,"cards_obtained":["Normality","Normality"]},{"damage_healed":0.0,"max_hp_gain":0.0,"max_hp_loss":0.0,"gold_gain":0.0,"cards_transformed":["Strike_G","Strike_G"],"event_name":"Designer","player_choice":"Transformed Cards","floor":46.0,"gold_loss":75.0,"damage_taken":0.0,"cards_obtained":["Accuracy","PiercingWail"]},{"damage_healed":0.0,"max_hp_gain":0.0,"max_hp_loss":0.0,"gold_gain":0.0,"event_name":"Upgrade Shrine","player_choice":"Upgraded","floor":47.0,"gold_loss":0.0,"damage_taken":0.0,"cards_upgraded":["After Image"]}],"is_beta":false,"boss_relics":[{"not_picked":["Tiny House","Runic Dome"],"picked":"Eternal Feather"},{"not_picked":["Calling Bell","Ring of the Serpent"],"picked":"Runic Pyramid"}],"items_purged_floors":[14,37,39],"is_endless":false,"potions_floor_spawned":[7,12,16,28,31,33,41,45,48],"killed_by":"Donu and Deca","ascension_level":20}