{"gold_per_floor":[119,44,44,44,19,52,0,14,41,41,61,61,76,90,90,193,193,209,233,245,245,255,255,275,301,327,327,341,375,394,407,407,509,509,524,391,42,57,57,57,91,91,91,136,161,37,53,73,73,73],"floor_reached":51,"playtime":5957,"items_purged":["Strike_G"],"score":1084,"play_id":"7bf0af7a-f62e-4fd6-a38b-a892ffc97db4","local_time":"20181209174718","is_ascension_mode":true,"campfire_choices":[{"data":"Cloak And Dagger","floor":10.0,"key":"SMITH"},{"data":"Cloak And Dagger","floor":12.0,"key":"SMITH"},{"data":"Footwork","floor":15.0,"key":"SMITH"},{"data":"Glass Knife","floor":23.0,"key":"SMITH"},{"floor":27.0,"key":"REST"},{"data":"Dagger Spray","floor":32,"key":"SMITH"},{"floor":40,"key":"REST"},{"data":"Leg Sweep","floor":42,"key":"SMITH"},{"data":"Accuracy","floor":49,"key":"SMITH"}],"neow_cost":"NONE","seed_source_timestamp":0,"circlet_count":0,"master_deck":["Defend_G","Defend_G","Defend_G","Defend_G","Defend_G","Strike_G+1","Survivor+1","Neutralize+1","Cloak And Dagger+1","Backflip","Cloak And Dagger+1","PiercingWail+1","Dagger Throw+1","Deflect","Footwork+1","Glass Knife+1","Blur","Dagger Spray+1","Unload+1","Footwork+1","Venomology+1","Tactician+1","Backflip+1","Leg Sweep+1","Deflect+1","Backflip","Accuracy+1","Terror"],"special_seed":0,"relics":["Ring of the Snake","NeowsBlessing","Incense Burner","Oddly Smooth Stone","Busted Crown","War Paint","MutagenicStrength","Vajra","PreservedInsect","Ice Cream","Astrolabe","Question Card","Whetstone","Frozen Eye","Bottled Tornado","MawBank","Dream Catcher"],"potions_floor_usage":[33,33,41,41,41,45,45,47,48,50,50,50],"damage_taken":[{"damage":0.0,"enemies":"Small Slimes","floor":1.0,"turns":1.0},{"damage":0.0,"enemies":"Lagavulin","floor":6.0,"turns":1.0},{"damage":0.0,"enemies":"2 Louse","floor":8.0,"turns":1.0},{"damage":3.0,"enemies":"Jaw Worm","floor":11.0,"turns":4.0},{"damage":8.0,"enemies":"Red Slaver","floor":13.0,"turns":4.0},{"damage":0.0,"enemies":"Blue Slaver","floor":14.0,"turns":3.0},{"damage":12.0,"enemies":"Slime Boss","floor":16.0,"turns":16.0},{"damage":8.0,"enemies":"2 Thieves","floor":18.0,"turns":4.0},{"damage":0.0,"enemies":"3 Byrds","floor":20.0,"turns":6.0},{"damage":8.0,"enemies":"Sentry and Sphere","floor":22.0,"turns":7.0},{"damage":4.0,"enemies":"Cultist and Chosen","floor":24.0,"turns":8.0},{"damage":16.0,"enemies":"Gremlin Leader","floor":25.0,"turns":7.0},{"damage":0.0,"enemies":"Centurion and Healer","floor":28.0,"turns":6.0},{"damage":3.0,"enemies":"Book of Stabbing","floor":29.0,"turns":4.0},{"damage":1.0,"enemies":"Shelled Parasite and Fungi","floor":30.0,"turns":6.0},{"damage":0,"enemies":"3 Cultists","floor":31,"turns":5},{"damage":41,"enemies":"Collector","floor":33,"turns":13},{"damage":0,"enemies":"Orb Walker","floor":35,"turns":4},{"damage":0,"enemies":"3 Darklings","floor":38,"turns":10},{"damage":0,"enemies":"Reptomancer","floor":41,"turns":6},{"damage":0,"enemies":"Nemesis","floor":44,"turns":9},{"damage":0,"enemies":"4 Shapes","floor":45,"turns":8},{"damage":0,"enemies":"Spire Growth","floor":47,"turns":6},{"damage":0,"enemies":"Maw","floor":48,"turns":12},{"damage":9,"enemies":"Awakened One","floor":50,"turns":25}],"seed_played":"9217631010719716611","potions_obtained":[{"floor":6.0,"key":"GhostInAJar"},{"floor":11.0,"key":"Explosive Potion"},{"floor":16.0,"key":"Poison Potion"},{"floor":18.0,"key":"SpeedPotion"},{"floor":20.0,"key":"Explosive Potion"},{"floor":28.0,"key":"AttackPotion"},{"floor":29.0,"key":"Energy Potion"},{"floor":31,"key":"Energy Potion"},{"floor":45,"key":"Regen Potion"},{"floor":47,"key":"Explosive Potion"}],"is_trial":false,"path_per_floor":["M","$","?","?","$","E","$","M","T","R","M","R","M","M","R","B",null,"M","T","M","?","M","R","M","E","T","R","M","E","M","M","M","R","B",null,"M","?","$","M","?","R","E","R","T","E","M","$","M","M","R","B",null],"character_chosen":"THE_SILENT","items_purchased":["Backflip","PiercingWail","Whetstone","Frozen Eye","Backflip","Accuracy","Block Potion"],"campfire_rested":2,"item_purchase_floors":[5,7,37,37,46,46,46],"current_hp_per_floor":[63,63,68,53,53,53,53,53,53,53,50,50,42,42,42,30,64,56,56,56,56,48,48,44,28,28,50,50,47,46,46,46,5,58,58,58,58,58,58,75,75,75,75,75,75,75,75,75,75,75],"gold":73,"neow_bonus":"THREE_ENEMY_KILL","is_prod":false,"is_daily":false,"chose_seed":false,"campfire_upgraded":7,"win_rate":0,"timestamp":1544399238,"path_taken":["M","$","?","?","?","E","$","M","T","R","M","R","M","M","R","BOSS","M","?","M","?","M","R","M","E","T","R","M","E","M","M","R","BOSS","M","?","$","?","?","R","E","R","T","E","M","$","M","?","R","BOSS"],"build_version":"2018-12-06","purchased_purges":1,"victory":true,"max_hp_per_floor":[70,70,75,75,75,75,75,75,75,75,75,75,75,75,75,75,75,75,75,75,75,75,75,75,75,75,75,75,75,75,75,75,75,75,75,75,75,75,75,75,75,75,75,75,75,75,75,75,75,75],"card_choices":[{"not_picked":["Deadly Poison","Outmaneuver"],"picked":"Cloak And Dagger","floor":1.0},{"not_picked":["Dodge and Roll","Prepared"],"picked":"Cloak And Dagger","floor":6.0},{"not_picked":["Flying Knee","Tools of the Trade"],"picked":"Dagger Throw","floor":8.0},{"not_picked":["Bane","Acrobatics"],"picked":"Deflect","floor":11.0},{"not_picked":["Distraction","Terror","Acrobatics"],"picked":"SKIP","floor":13.0},{"not_picked":["Backflip","Quick Slash"],"picked":"Footwork","floor":14.0},{"not_picked":["Bullet Time","Phantasmal Killer"],"picked":"Glass Knife","floor":16.0},{"not_picked":["Prepared+1"],"picked":"SKIP","floor":18.0},{"not_picked":["Deadly Poison"],"picked":"SKIP","floor":20.0},{"not_picked":[],"picked":"Blur","floor":22.0},{"not_picked":["Masterful Stab+1"],"picked":"SKIP","floor":24.0},{"not_picked":["Storm of Steel"],"picked":"SKIP","floor":25.0},{"not_picked":[],"picked":"Dagger Spray","floor":28.0},{"not_picked":["Outmaneuver"],"picked":"SKIP","floor":29.0},{"not_picked":["Prepared+1"],"picked":"SKIP","floor":30},{"not_picked":["Underhanded Strike"],"picked":"SKIP","floor":31},{"not_picked":[],"picked":"Unload","floor":33},{"not_picked":["Flechettes"],"picked":"SKIP","floor":35},{"not_picked":["Deflect"],"picked":"Backflip+1","floor":38},{"not_picked":["Masterful Stab"],"picked":"Leg Sweep","floor":41},{"not_picked":["Reflex","Choke"],"picked":"SKIP","floor":44},{"not_picked":["Flying Knee"],"picked":"Deflect+1","floor":45},{"not_picked":["Deadly Poison+1","Deflect"],"picked":"SKIP","floor":47},{"not_picked":["Slice+1"],"picked":"Terror","floor":48}],"player_experience":285873,"relics_obtained":[{"floor":6.0,"key":"Incense Burner"},{"floor":9.0,"key":"Oddly Smooth Stone"},{"floor":19.0,"key":"War Paint"},{"floor":25.0,"key":"Vajra"},{"floor":26.0,"key":"PreservedInsect"},{"floor":29.0,"key":"Ice Cream"},{"floor":41,"key":"Bottled Tornado"},{"floor":43,"key":"MawBank"},{"floor":44,"key":"Dream Catcher"}],"event_choices":[{"damage_healed":0.0,"max_hp_gain":5.0,"max_hp_loss":0.0,"gold_gain":0.0,"event_name":"Big Fish","player_choice":"Donut","floor":3.0,"gold_loss":0.0,"damage_taken":0.0},{"damage_healed":0.0,"max_hp_gain":0.0,"max_hp_loss":0.0,"gold_gain":0.0,"event_name":"Shining Light","player_choice":"Entered Light","floor":4.0,"gold_loss":0.0,"damage_taken":15.0,"cards_upgraded":["Neutralize","Strike_G"]},{"damage_healed":0.0,"max_hp_gain":0.0,"max_hp_loss":0.0,"gold_gain":0.0,"event_name":"Drug Dealer","player_choice":"Inject Mutagens","floor":21.0,"gold_loss":0.0,"damage_taken":0.0,"relics_obtained":["MutagenicStrength"]},{"damage_healed":0,"gold_gain":0,"player_choice":"Paid Gold","damage_taken":0,"relics_obtained":["Question Card"],"max_hp_gain":0,"max_hp_loss":0,"event_name":"WeMeetAgain","floor":36,"gold_loss":133},{"damage_healed":0,"gold_gain":0,"player_choice":"0 cards matched","damage_taken":0,"max_hp_gain":0,"max_hp_loss":0,"event_name":"Match and Keep!","floor":39,"gold_loss":0,"cards_obtained":[]}],"is_beta":false,"boss_relics":[{"not_picked":["Coffee Dripper","Empty Cage"],"picked":"Busted Crown"},{"not_picked":["HoveringKite","Runic Dome"],"picked":"Astrolabe"}],"items_purged_floors":[2],"is_endless":false,"potions_floor_spawned":[6,11,16,18,20,28,29,31,45,47],"ascension_level":8}