{"gold_per_floor":[118,135,135,85,85,117,127,143,143,143,160,160,174,206,206,306,306,320,336,336,61,61,61,95,194,194,37,37,56,90,106,106,206,206,221,241,241,256,21,21],"floor_reached":40,"playtime":1781,"items_purged":["Shame"],"score":480,"play_id":"f16d7cd6-4987-4a4d-877f-e44b8107c59b","local_time":"20190502211029","is_ascension_mode":true,"campfire_choices":[{"data":"Spot Weakness","floor":10,"key":"SMITH"},{"data":"Bash","floor":12,"key":"SMITH"},{"data":"Twin Strike","floor":15,"key":"SMITH"},{"data":"Carnage","floor":23,"key":"SMITH"},{"data":"Metallicize","floor":28,"key":"SMITH"},{"data":"Uppercut","floor":32,"key":"SMITH"}],"neow_cost":"NONE","seed_source_timestamp":35038149712600,"circlet_count":0,"master_deck":["Strike_R+1","Defend_R+1","Defend_R+1","Defend_R+1","Defend_R+1","Bash+1","Twin Strike+1","Spot Weakness+1","Metallicize+1","Cleave","Corruption+1","Carnage+1","Pommel Strike","Impervious","Spot Weakness+1","Disarm+1","Headbutt+1","Entrench","Uppercut+1","Clothesline","Dark Embrace+1","Pummel+1","Battle Trance","Demon Form+1"],"relics":["Burning Blood","Frozen Egg 2","Turnip","Nunchaku","Runic Pyramid","War Paint","Medical Kit","The Courier","Bottled Tornado","PreservedInsect","Pen Nib","Empty Cage"],"potions_floor_usage":[11,14,16,24,29,29,30,30,38,40,40,40],"damage_taken":[{"damage":7,"enemies":"Jaw Worm","floor":1,"turns":3},{"damage":7,"enemies":"2 Louse","floor":2,"turns":2},{"damage":22,"enemies":"3 Sentries","floor":6,"turns":7},{"damage":0,"enemies":"Small Slimes","floor":7,"turns":3},{"damage":8,"enemies":"Blue Slaver","floor":8,"turns":5},{"damage":6,"enemies":"Large Slime","floor":11,"turns":4},{"damage":3,"enemies":"Exordium Wildlife","floor":13,"turns":3},{"damage":29,"enemies":"Gremlin Nob","floor":14,"turns":4},{"damage":42,"enemies":"The Guardian","floor":16,"turns":7},{"damage":1,"enemies":"Spheric Guardian","floor":18,"turns":4},{"damage":23,"enemies":"Shell Parasite","floor":19,"turns":4},{"damage":33,"enemies":"Slavers","floor":24,"turns":5},{"damage":0,"enemies":"Snake Plant","floor":29,"turns":4},{"damage":17,"enemies":"Gremlin Leader","floor":30,"turns":4},{"damage":0,"enemies":"3 Cultists","floor":31,"turns":4},{"damage":17,"enemies":"Collector","floor":33,"turns":8},{"damage":13,"enemies":"3 Shapes","floor":35,"turns":4},{"damage":16,"enemies":"Orb Walker","floor":36,"turns":3},{"damage":22,"enemies":"4 Shapes","floor":38,"turns":5},{"damage":81,"enemies":"Reptomancer","floor":40,"turns":2}],"seed_played":"-6491829221277896090","potions_obtained":[{"floor":2,"key":"Poison Potion"},{"floor":11,"key":"PowerPotion"},{"floor":13,"key":"Dexterity Potion"},{"floor":14,"key":"GamblersBrew"},{"floor":18,"key":"Explosive Potion"},{"floor":24,"key":"Dexterity Potion"},{"floor":29,"key":"Regen Potion"},{"floor":36,"key":"Explosive Potion"},{"floor":38,"key":"EssenceOfSteel"}],"is_trial":false,"path_per_floor":["M","M","?","?","?","E","M","M","T","R","M","R","M","E","R","B",null,"M","M","?","$","?","R","E","?","T","$","R","M","E","M","R","B",null,"M","M","?","M","$","E"],"character_chosen":"IRONCLAD","items_purchased":["Medical Kit","PreservedInsect","Swift Potion","Demon Form+1","LiquidBronze","Regen Potion"],"campfire_rested":0,"item_purchase_floors":[21,27,27,39,39,39],"current_hp_per_floor":[79,78,83,83,76,60,66,64,64,64,64,64,67,44,44,8,85,85,68,68,68,68,68,41,41,41,41,41,47,45,51,51,40,85,78,68,68,52,52,0],"gold":21,"neow_bonus":"THREE_CARDS","is_prod":false,"is_daily":false,"chose_seed":false,"campfire_upgraded":6,"win_rate":0,"timestamp":1556845829,"path_taken":["M","M","?","?","?","E","M","M","T","R","M","R","M","E","R","BOSS","M","M","?","$","?","R","E","?","T","?","R","M","E","M","R","BOSS","M","M","?","M","$","E"],"build_version":"2019-01-23","purchased_purges":1,"victory":false,"max_hp_per_floor":[80,80,85,85,85,85,85,85,85,85,85,85,85,85,85,85,85,85,85,85,85,85,85,85,85,85,85,85,85,85,85,85,85,85,85,85,81,81,81,81],"card_choices":[{"not_picked":["Wild Strike","Flex"],"picked":"Twin Strike","floor":0},{"not_picked":["Flex","Armaments"],"picked":"Spot Weakness","floor":1},{"not_picked":["Second Wind","Pummel"],"picked":"Metallicize","floor":2},{"not_picked":["Sentinel","Searing Blow"],"picked":"Cleave","floor":6},{"not_picked":["Body Slam","Carnage"],"picked":"Corruption+1","floor":7},{"not_picked":["Headbutt","Rage"],"picked":"Carnage","floor":8},{"not_picked":["Armaments","Ghostly Armor"],"picked":"Pommel Strike","floor":11},{"not_picked":["Warcry","Iron Wave","Bloodletting"],"picked":"SKIP","floor":13},{"not_picked":["Intimidate","Infernal Blade","Heavy Blade"],"picked":"SKIP","floor":14},{"not_picked":["Feed","Fiend Fire"],"picked":"Impervious","floor":16},{"not_picked":["Evolve+1","Iron Wave+1"],"picked":"Spot Weakness+1","floor":18},{"not_picked":["Anger","Combust+1"],"picked":"Disarm","floor":19},{"not_picked":["Pommel Strike","Bloodletting"],"picked":"Headbutt+1","floor":24},{"not_picked":["Hemokinesis","Carnage+1"],"picked":"Entrench","floor":29},{"not_picked":["Pommel Strike","Blood for Blood"],"picked":"Uppercut","floor":30},{"not_picked":["Warcry","Anger"],"picked":"Clothesline","floor":31},{"not_picked":["Double Tap","Immolate"],"picked":"Dark Embrace+1","floor":33},{"not_picked":["Twin Strike","Bloodletting","Perfected Strike"],"picked":"SKIP","floor":35},{"not_picked":["Headbutt","Flex"],"picked":"Pummel+1","floor":36},{"not_picked":["Battle Trance","Sword Boomerang+1","Armaments+1"],"picked":"SKIP","floor":38},{"not_picked":["Sword Boomerang+1","Armaments+1"],"picked":"Battle Trance","floor":38}],"player_experience":72077,"relics_obtained":[{"floor":6,"key":"Frozen Egg 2"},{"floor":9,"key":"Turnip"},{"floor":14,"key":"Nunchaku"},{"floor":24,"key":"The Courier"},{"floor":26,"key":"Bottled Tornado"},{"floor":30,"key":"Pen Nib"}],"event_choices":[{"damage_healed":0,"gold_gain":0,"player_choice":"Donut","damage_taken":0,"max_hp_gain":5,"max_hp_loss":0,"event_name":"Big Fish","floor":3,"gold_loss":0},{"cards_removed":["Strike_R"],"damage_healed":0,"gold_gain":0,"player_choice":"Card Removal","damage_taken":0,"max_hp_gain":0,"max_hp_loss":0,"event_name":"The Cleric","floor":4,"gold_loss":50},{"cards_removed":["Strike_R"],"damage_healed":0,"gold_gain":0,"player_choice":"Card Removal","damage_taken":7,"max_hp_gain":0,"max_hp_loss":0,"event_name":"Golden Wing","floor":5,"gold_loss":0},{"damage_healed":0,"gold_gain":0,"player_choice":"Stole Relic","damage_taken":0,"relics_obtained":["War Paint"],"max_hp_gain":0,"max_hp_loss":0,"event_name":"Addict","floor":20,"gold_loss":0,"cards_obtained":["Shame"]},{"damage_healed":0,"gold_gain":0,"player_choice":"Simplicity","damage_taken":0,"max_hp_gain":0,"max_hp_loss":0,"event_name":"Back to Basics","floor":22,"gold_loss":0,"cards_upgraded":["Strike_R","Strike_R","Strike_R","Defend_R","Defend_R","Defend_R"]},{"damage_healed":0,"gold_gain":99,"player_choice":"Stole From Cult","damage_taken":0,"max_hp_gain":0,"max_hp_loss":0,"event_name":"Nest","floor":25,"gold_loss":0},{"damage_healed":0,"gold_gain":0,"player_choice":"Max HP","damage_taken":0,"max_hp_gain":0,"max_hp_loss":4,"event_name":"Winding Halls","floor":37,"gold_loss":0}],"is_beta":false,"boss_relics":[{"not_picked":["White Beast Statue","Ectoplasm"],"picked":"Runic Pyramid"},{"not_picked":["Astrolabe","Tiny House"],"picked":"Empty Cage"}],"items_purged_floors":[21],"is_endless":false,"potions_floor_spawned":[2,11,13,14,18,24,29,36,38],"killed_by":"Reptomancer","ascension_level":2}