{"gold_per_floor":[111,111,111,77,91,91,107,121,175,175,250,250,261,116,116,116],"floor_reached":16,"playtime":897,"items_purged":[],"score":90,"play_id":"e2c8a937-eff1-4a8d-8e5a-45f70cddf879","local_time":"20181122215637","is_ascension_mode":false,"campfire_choices":[{"data":"Dualcast","floor":6,"key":"SMITH"},{"data":"Reinforced Body","floor":15,"key":"SMITH"}],"neow_cost":"NONE","seed_source_timestamp":967781982900189,"circlet_count":0,"master_deck":["Strike_B","Strike_B","Strike_B","Strike_B","Defend_B","Defend_B","Defend_B","Defend_B","Zap+1","Dualcast+1","Reinforced Body+1","BootSequence","Glacier","Ball Lightning","Self Repair","Fusion"],"relics":["Cracked Core","NeowsBlessing","Vajra"],"potions_floor_usage":[],"damage_taken":[{"damage":0,"enemies":"Small Slimes","floor":1,"turns":1},{"damage":0,"enemies":"Jaw Worm","floor":5,"turns":1},{"damage":0,"enemies":"Cultist","floor":7,"turns":1},{"damage":0,"enemies":"Blue Slaver","floor":8,"turns":3},{"damage":2,"enemies":"3 Louse","floor":13,"turns":3},{"damage":67,"enemies":"Hexaghost","floor":16,"turns":11}],"seed_played":"-6815028381996965349","potions_obtained":[{"floor":7,"key":"Regen Potion"},{"floor":8,"key":"Weak Potion"},{"floor":12,"key":"FearPotion"},{"floor":12,"key":"Explosive Potion"},{"floor":12,"key":"Ancient Potion"}],"is_trial":false,"path_per_floor":["M","?","?","$","M","R","M","M","T","?","?","?","M","$","R","B"],"character_chosen":"DEFECT","items_purchased":["Reinforced Body","Self Repair","Fusion"],"campfire_rested":0,"item_purchase_floors":[4,14,14],"current_hp_per_floor":[75,75,75,75,75,75,75,75,75,75,64,64,62,62,62,0],"gold":116,"neow_bonus":"THREE_ENEMY_KILL","is_prod":false,"is_daily":false,"chose_seed":false,"campfire_upgraded":2,"win_rate":0.0,"timestamp":1542891397,"path_taken":["M","?","?","?","M","R","M","?","T","?","?","?","M","$","R","BOSS"],"build_version":"2018-11-15","purchased_purges":0,"victory":false,"max_hp_per_floor":[75,75,75,75,75,75,75,75,75,75,75,75,75,75,75,75],"card_choices":[{"not_picked":["Stack","Lockon","Steam"],"picked":"SKIP","floor":1},{"not_picked":["Cold Snap","Hologram"],"picked":"BootSequence","floor":5},{"not_picked":["Beam Cell","Skim","Gash"],"picked":"SKIP","floor":7},{"not_picked":["Blizzard","Compile Driver"],"picked":"Glacier","floor":8},{"not_picked":["Stack","Beam Cell"],"picked":"Ball Lightning","floor":13}],"player_experience":12780,"relics_obtained":[{"floor":9,"key":"Vajra"}],"event_choices":[{"damage_healed":0,"gold_gain":0,"player_choice":"Leave","damage_taken":0,"max_hp_gain":0,"max_hp_loss":0,"event_name":"The Cleric","floor":2,"gold_loss":0},{"damage_healed":0,"gold_gain":0,"player_choice":"Grow","damage_taken":0,"max_hp_gain":0,"max_hp_loss":0,"event_name":"Living Wall","floor":3,"gold_loss":0,"cards_upgraded":["Zap"]},{"damage_healed":0,"gold_gain":0,"player_choice":"Ignored","damage_taken":0,"max_hp_gain":0,"max_hp_loss":0,"event_name":"Golden Wing","floor":10,"gold_loss":0},{"damage_healed":0,"gold_gain":75,"player_choice":"Gather Gold","damage_taken":11,"max_hp_gain":0,"max_hp_loss":0,"event_name":"World of Goop","floor":11,"gold_loss":0},{"damage_healed":0,"gold_gain":0,"player_choice":"Got Potions","damage_taken":0,"max_hp_gain":0,"max_hp_loss":0,"event_name":"Lab","floor":12,"gold_loss":0}],"is_beta":false,"boss_relics":[],"items_purged_floors":[],"is_endless":false,"potions_floor_spawned":[7,8,13],"killed_by":"Hexaghost","ascension_level":0}