{"gold_per_floor":[118,118,9,20,33,61,61,41,95,123,123,69,69,81,81,186,186,205,55,66,66,83,83,83],"floor_reached":24,"playtime":1600,"items_purged":[],"score":204,"play_id":"cb95f7f8-b7ee-48ef-9c7f-9bafcc5066ba","local_time":"20181126112335","is_ascension_mode":false,"campfire_choices":[{"data":"Creative AI","floor":7,"key":"SMITH"},{"data":"Dualcast","floor":11,"key":"SMITH"},{"data":"Zap","floor":13,"key":"SMITH"},{"floor":15,"key":"RECALL"},{"data":"Glacier","floor":23,"key":"SMITH"}],"neow_cost":"NONE","seed_source_timestamp":1274696132383094,"circlet_count":0,"master_deck":["Strike_B","Strike_B","Strike_B","Strike_B","Defend_B","Defend_B","Defend_B","Zap+1","Dualcast+1","Lockon","Go for the Eyes","Cold Snap","Enlightenment","Rebound","Creative AI+1","Conserve Battery","Reboot","Glacier+1"],"relics":["Cracked Core","Happy Flower","Dream Catcher","Black Star","Omamori","WarpedTongs"],"potions_floor_usage":[6,10,10,16,24],"damage_taken":[{"damage":0,"enemies":"Small Slimes","floor":1,"turns":2},{"damage":0,"enemies":"Cultist","floor":4,"turns":3},{"damage":4,"enemies":"Jaw Worm","floor":5,"turns":2},{"damage":19,"enemies":"Lagavulin","floor":6,"turns":9},{"damage":30,"enemies":"3 Sentries","floor":10,"turns":7},{"damage":0,"enemies":"Large Slime","floor":14,"turns":4},{"damage":17,"enemies":"Slime Boss","floor":16,"turns":13},{"damage":14,"enemies":"Spheric Guardian","floor":18,"turns":5},{"damage":5,"enemies":"Chosen","floor":20,"turns":5},{"damage":7,"enemies":"3 Cultists","floor":22,"turns":8},{"damage":50,"enemies":"Slavers","floor":24,"turns":2}],"seed_played":"-8858725761079649657","potions_obtained":[{"floor":2,"key":"SpeedPotion"},{"floor":2,"key":"Weak Potion"},{"floor":2,"key":"Explosive Potion"},{"floor":8,"key":"Block Potion"},{"floor":22,"key":"LiquidBronze"}],"is_trial":false,"path_per_floor":["M","?","$","M","M","E","R","?","T","E","R","$","R","M","R","B",null,"M","$","M","?","M","R","E"],"character_chosen":"DEFECT","items_purchased":["Cold Snap","Enlightenment","Conserve Battery","Omamori"],"campfire_rested":0,"item_purchase_floors":[3,3,12,19],"current_hp_per_floor":[75,75,75,75,71,52,52,52,52,22,22,22,22,22,22,5,75,61,61,56,56,49,49,0],"gold":83,"neow_bonus":"TRANSFORM_CARD","is_prod":false,"is_daily":false,"chose_seed":false,"campfire_upgraded":4,"win_rate":0,"timestamp":1543199015,"path_taken":["M","?","?","?","M","E","R","?","T","E","R","$","R","M","R","BOSS","M","$","M","?","M","R","E"],"build_version":"2018-11-15","purchased_purges":0,"victory":false,"max_hp_per_floor":[75,75,75,75,75,75,75,75,75,75,75,75,75,75,75,75,75,75,75,75,75,75,75,75],"card_choices":[{"not_picked":["Hologram","Turbo"],"picked":"Go for the Eyes","floor":1},{"not_picked":["Hologram","Barrage"],"picked":"Rebound","floor":4},{"not_picked":["Steam Power","Coolheaded","Compile Driver"],"picked":"SKIP","floor":5},{"not_picked":["Recycle","Reinforced Body"],"picked":"Creative AI","floor":6},{"not_picked":["Go for the Eyes","Hologram","Beam Cell"],"picked":"SKIP","floor":10},{"not_picked":["Sweeping Beam","Leap","Streamline"],"picked":"SKIP","floor":14},{"not_picked":["Meteor Strike","Core Surge"],"picked":"Reboot","floor":16},{"not_picked":["Cold Snap","Beam Cell+1","Reprogram"],"picked":"SKIP","floor":18},{"not_picked":["Barrage+1","Fusion+1"],"picked":"Glacier","floor":20},{"not_picked":["Turbo","Barrage","Steam Power"],"picked":"SKIP","floor":22}],"player_experience":57205,"relics_obtained":[{"floor":6,"key":"Happy Flower"},{"floor":10,"key":"Dream Catcher"}],"event_choices":[{"damage_healed":0,"gold_gain":0,"player_choice":"Got Potions","damage_taken":0,"max_hp_gain":0,"max_hp_loss":0,"event_name":"Lab","floor":2,"gold_loss":0},{"damage_healed":0,"gold_gain":0,"player_choice":"Bought 1 Potion","damage_taken":0,"max_hp_gain":0,"max_hp_loss":0,"event_name":"The Woman in Blue","floor":8,"gold_loss":0},{"damage_healed":0,"gold_gain":0,"player_choice":"Rummage","damage_taken":0,"relics_obtained":["WarpedTongs"],"max_hp_gain":0,"max_hp_loss":0,"event_name":"Accursed Blacksmith","floor":21,"gold_loss":0,"cards_obtained":["Pain"]}],"is_beta":false,"boss_relics":[{"not_picked":["Snecko Eye","Coffee Dripper"],"picked":"Black Star"}],"items_purged_floors":[],"is_endless":false,"potions_floor_spawned":[5,22],"killed_by":"Slavers","ascension_level":0}