{"gold_per_floor":[119,132,132,143,108,108,133,133,133,147,26,61,125,155,155,233,233,248,248,264,45,45,74,85,85,111,124,124,124,44,44,44,118,118,137,152,169,169,169,169,169],"floor_reached":41,"playtime":2104,"items_purged":["Strike_B","Strike_B"],"score":811,"play_id":"7aa59547-3d91-4e37-8294-5191ca58dbf6","local_time":"20190423040239","is_ascension_mode":true,"campfire_choices":[{"data":"Zap","floor":6.0,"key":"SMITH"},{"data":"Dualcast","floor":8,"key":"SMITH"},{"floor":15,"key":"REST"},{"floor":25,"key":"REST"},{"data":"Genetic Algorithm","floor":28,"key":"SMITH"},{"floor":32,"key":"REST"},{"data":"Biased Cognition","floor":40,"key":"SMITH"}],"neow_cost":"NONE","seed_source_timestamp":26802375439920,"circlet_count":0,"master_deck":["AscendersBane","Strike_B+1","Strike_B+1","Defend_B","Defend_B","Defend_B","Defend_B","Zap+1","Dualcast+1","Glacier","Ball Lightning","Sweeping Beam","Steam","Genetic Algorithm+1","Defragment","Sunder","Biased Cognition+1","Coolheaded","Stack","Cold Snap","Core Surge","Stack+1","Core Surge","White Noise","Self Repair+1","Hologram+1","Coolheaded+1","RitualDagger","White Noise","Electrodynamics","Force Field","Hologram","Genetic Algorithm+1"],"special_seed":0,"relics":["Cracked Core","Gremlin Horn","Letter Opener","Blue Candle","Whetstone","Bottled Flame","Dream Catcher","Runic Dome","The Courier","Ornamental Fan","Omamori","Darkstone Periapt","Sozu"],"potions_floor_usage":[13,14,16,23,33,33],"damage_taken":[{"damage":9.0,"enemies":"Jaw Worm","floor":1.0,"turns":4.0},{"damage":0.0,"enemies":"Small Slimes","floor":2.0,"turns":4.0},{"damage":0.0,"enemies":"2 Louse","floor":4.0,"turns":2.0},{"damage":30,"enemies":"Gremlin Nob","floor":7,"turns":4},{"damage":0,"enemies":"Exordium Thugs","floor":10,"turns":4},{"damage":10,"enemies":"3 Sentries","floor":12,"turns":8},{"damage":8,"enemies":"Gremlin Nob","floor":13,"turns":3},{"damage":7,"enemies":"Lagavulin","floor":14,"turns":5},{"damage":25,"enemies":"Slime Boss","floor":16,"turns":11},{"damage":12,"enemies":"Chosen","floor":18,"turns":5},{"damage":20,"enemies":"2 Thieves","floor":20,"turns":4},{"damage":24,"enemies":"Slavers","floor":23,"turns":4},{"damage":18,"enemies":"Snake Plant","floor":24,"turns":4},{"damage":16,"enemies":"Shelled Parasite and Fungi","floor":27,"turns":8},{"damage":45,"enemies":"Champ","floor":33,"turns":15},{"damage":18,"enemies":"3 Darklings","floor":35,"turns":6},{"damage":19,"enemies":"Orb Walker","floor":36,"turns":4},{"damage":2,"enemies":"Maw","floor":37,"turns":9},{"damage":85,"enemies":"Giant Head","floor":41,"turns":8}],"seed_played":"7319092506529262653","potions_obtained":[{"floor":1.0,"key":"Swift Potion"},{"floor":12,"key":"Weak Potion"},{"floor":13,"key":"SneckoOil"},{"floor":16,"key":"Ancient Potion"},{"floor":23,"key":"Ancient Potion"},{"floor":27,"key":"PowerPotion"},{"floor":33,"key":"Weak Potion"}],"is_trial":false,"path_per_floor":["M","M","?","M","?","R","E","R","T","M","$","E","?","E","R","B",null,"M","?","M","$","T","E","M","R","T","M","R","?","$","?","R","B",null,"M","M","M","?","?","R","E"],"character_chosen":"DEFECT","items_purchased":["Defragment","Sunder","White Noise","PowerPotion"],"campfire_rested":3,"item_purchase_floors":[11,11,21,21],"current_hp_per_floor":[62,62,44,44,63,63,33,33,33,33,33,23,15,8,31,6,60,48,78,58,58,58,34,26,49,49,43,43,37,37,37,60,25,65,57,48,56,56,56,56,0],"gold":169,"neow_bonus":"TEN_PERCENT_HP_BONUS","is_prod":false,"is_daily":false,"chose_seed":false,"campfire_upgraded":4,"win_rate":0,"timestamp":1555984959,"path_taken":["M","M","?","M","?","R","E","R","T","M","$","E","?","E","R","BOSS","M","?","M","$","?","E","M","R","T","M","R","?","$","?","R","BOSS","M","M","M","?","?","R","E"],"build_version":"2019-01-23","purchased_purges":2,"victory":false,"max_hp_per_floor":[78,78,78,78,78,78,78,78,78,78,78,78,78,78,78,78,78,78,78,78,78,78,78,78,78,78,78,78,78,78,78,78,78,78,78,78,78,78,78,78,78],"card_choices":[{"not_picked":["Loop","Streamline"],"picked":"Glacier","floor":1.0},{"not_picked":["Stack","Reprogram"],"picked":"Ball Lightning","floor":2.0},{"not_picked":["Turbo","Conserve Battery"],"picked":"Sweeping Beam","floor":4.0},{"not_picked":["Blizzard","Redo"],"picked":"Steam","floor":7},{"not_picked":["Streamline","Stack"],"picked":"Genetic Algorithm","floor":10},{"not_picked":["Recycle","Coolheaded"],"picked":"Biased Cognition","floor":12},{"not_picked":["Force Field","Turbo"],"picked":"Coolheaded","floor":13},{"not_picked":["Chaos","Hello World"],"picked":"Stack","floor":14},{"not_picked":["Ball Lightning","Gash"],"picked":"Cold Snap","floor":15},{"not_picked":["Biased Cognition","Thunder Strike"],"picked":"Core Surge","floor":16},{"not_picked":["Cold Snap","Rebound"],"picked":"Stack+1","floor":18},{"not_picked":["Stack","Sweeping Beam"],"picked":"Core Surge","floor":20},{"not_picked":["Consume","Coolheaded"],"picked":"Self Repair+1","floor":23},{"not_picked":["Cold Snap","White Noise"],"picked":"Hologram+1","floor":24},{"not_picked":["Ball Lightning","Conserve Battery"],"picked":"Coolheaded+1","floor":27},{"not_picked":["Reprogram","Compile Driver+1"],"picked":"White Noise","floor":32},{"not_picked":["Machine Learning","Biased Cognition"],"picked":"Electrodynamics","floor":33},{"not_picked":["Chaos+1","Hello World","Aggregate"],"picked":"SKIP","floor":35},{"not_picked":["Steam","Gash+1"],"picked":"Force Field","floor":36},{"not_picked":["Redo","Beam Cell"],"picked":"Hologram","floor":37}],"player_experience":699465,"relics_obtained":[{"floor":7,"key":"Letter Opener"},{"floor":9,"key":"Blue Candle"},{"floor":12,"key":"Whetstone"},{"floor":13,"key":"Bottled Flame"},{"floor":14,"key":"Dream Catcher"},{"floor":22,"key":"The Courier"},{"floor":23,"key":"Ornamental Fan"},{"floor":26,"key":"Omamori"}],"event_choices":[{"damage_healed":0.0,"max_hp_gain":0.0,"max_hp_loss":0.0,"gold_gain":0.0,"event_name":"Scrap Ooze","player_choice":"Success","floor":3.0,"gold_loss":0.0,"damage_taken":18.0,"relics_obtained":["Gremlin Horn"]},{"damage_healed":19.0,"max_hp_gain":0.0,"max_hp_loss":0.0,"gold_gain":0.0,"event_name":"The Cleric","player_choice":"Healed","floor":5.0,"gold_loss":35.0,"damage_taken":0.0},{"damage_healed":0,"gold_gain":0,"player_choice":"Searched \u00272\u0027 times","damage_taken":0,"max_hp_gain":0,"max_hp_loss":0,"event_name":"Dead Adventurer","floor":13,"gold_loss":0},{"damage_healed":30,"gold_gain":0,"player_choice":"Full Heal","damage_taken":0,"max_hp_gain":0,"max_hp_loss":0,"event_name":"Wheel of Change","floor":19,"gold_loss":0},{"damage_healed":0,"gold_gain":0,"player_choice":"Joined the Cult","damage_taken":6,"max_hp_gain":0,"max_hp_loss":0,"event_name":"Nest","floor":29,"gold_loss":0,"cards_obtained":["RitualDagger"]},{"damage_healed":0,"gold_gain":0,"player_choice":"Stole Relic","damage_taken":0,"relics_obtained":["Darkstone Periapt"],"max_hp_gain":0,"max_hp_loss":0,"event_name":"Addict","floor":31,"gold_loss":0,"cards_obtained":["Shame"]},{"damage_healed":0,"gold_gain":0,"player_choice":"Memory 1","damage_taken":0,"max_hp_gain":0,"max_hp_loss":0,"event_name":"SensoryStone","floor":38,"gold_loss":0},{"damage_healed":0,"gold_gain":0,"player_choice":"Copied","damage_taken":0,"max_hp_gain":0,"max_hp_loss":0,"event_name":"Duplicator","floor":39,"gold_loss":0,"cards_obtained":["Genetic Algorithm"]}],"is_beta":false,"boss_relics":[{"not_picked":["Calling Bell","Runic Pyramid"],"picked":"Runic Dome"},{"not_picked":["FrozenCore","Nuclear Battery"],"picked":"Sozu"}],"items_purged_floors":[21,30],"is_endless":false,"potions_floor_spawned":[1,12,13,16,23,27,33,36],"killed_by":"Giant Head","ascension_level":18}