{"gold_per_floor":[117,137,155,155,255,255,266,298,348,348,358,358,368,328,328,328],"floor_reached":16,"playtime":559,"items_purged":[],"score":117,"play_id":"db0a5b99-e7eb-46d0-bc41-bf0c27806fc2","local_time":"20190510214324","is_ascension_mode":true,"campfire_choices":[{"data":"Defragment","floor":6,"key":"SMITH"},{"data":"Loop","floor":10,"key":"SMITH"},{"data":"Madness","floor":12,"key":"SMITH"},{"floor":15,"key":"REST"}],"neow_cost":"NONE","seed_source_timestamp":0,"circlet_count":0,"master_deck":["Strike_B","Strike_B","Strike_B","Strike_B","Defend_B","Defend_B","Defend_B","Defend_B","Zap","Dualcast","Madness+1","Compile Driver","Loop+1","Defragment+1","FTL","Doom and Gloom","Seek","Capacitor"],"special_seed":0,"relics":["Cracked Core","Bottled Flame","Smiling Mask"],"potions_floor_usage":[7,8,11],"damage_taken":[{"damage":9.0,"enemies":"Jaw Worm","floor":1.0,"turns":5.0},{"damage":2.0,"enemies":"2 Louse","floor":2.0,"turns":3.0},{"damage":0,"enemies":"Cultist","floor":3,"turns":4},{"damage":22,"enemies":"Large Slime","floor":7,"turns":5},{"damage":25,"enemies":"Lagavulin","floor":8,"turns":5},{"damage":2,"enemies":"Lots of Slimes","floor":11,"turns":3},{"damage":8,"enemies":"3 Louse","floor":13,"turns":2},{"damage":38,"enemies":"Slime Boss","floor":16,"turns":5}],"seed_played":"2483134706983086426","potions_obtained":[{"floor":2,"key":"Energy Potion"},{"floor":7,"key":"FocusPotion"},{"floor":8,"key":"Dexterity Potion"},{"floor":14,"key":"GamblersBrew"},{"floor":14,"key":"EntropicBrew"},{"floor":14,"key":"EntropicBrew"}],"is_trial":false,"path_per_floor":["M","M","M","?","?","R","M","E","T","R","M","R","M","?","R","B"],"character_chosen":"DEFECT","items_purchased":[],"campfire_rested":1,"item_purchase_floors":[],"current_hp_per_floor":[66,64,64,69,69,69,47,22,22,22,20,20,12,12,36,0],"gold":328,"neow_bonus":"RANDOM_COLORLESS","is_prod":false,"is_daily":false,"chose_seed":false,"campfire_upgraded":3,"win_rate":0,"timestamp":1557539004,"path_taken":["M","M","M","?","?","R","M","E","T","R","M","R","?","?","R","BOSS"],"build_version":"2019-01-23","purchased_purges":0,"victory":false,"max_hp_per_floor":[75,75,75,80,80,80,80,80,80,80,80,80,80,80,80,80],"card_choices":[{"not_picked":["Tempest","Leap"],"picked":"Compile Driver","floor":1.0},{"not_picked":["Compile Driver","Hologram"],"picked":"Loop","floor":2},{"not_picked":["Chill","Tempest"],"picked":"Defragment","floor":3},{"not_picked":["Streamline","Cold Snap"],"picked":"FTL","floor":7},{"not_picked":["Melter","Compile Driver"],"picked":"Doom and Gloom","floor":8},{"not_picked":["Beam Cell","Loop"],"picked":"Seek","floor":11},{"not_picked":["Aggregate","White Noise"],"picked":"Capacitor","floor":13}],"player_experience":233241,"relics_obtained":[{"floor":8,"key":"Bottled Flame"},{"floor":9,"key":"Smiling Mask"}],"event_choices":[{"damage_healed":0,"gold_gain":0,"player_choice":"Donut","damage_taken":0,"max_hp_gain":5,"max_hp_loss":0,"event_name":"Big Fish","floor":4,"gold_loss":0},{"damage_healed":0,"gold_gain":100,"player_choice":"Gold","damage_taken":0,"max_hp_gain":0,"max_hp_loss":0,"event_name":"Wheel of Change","floor":5,"gold_loss":0},{"damage_healed":0,"gold_gain":0,"player_choice":"Bought 3 Potions","damage_taken":0,"max_hp_gain":0,"max_hp_loss":0,"event_name":"The Woman in Blue","floor":14,"gold_loss":0}],"is_beta":false,"boss_relics":[],"items_purged_floors":[],"is_endless":false,"potions_floor_spawned":[2,7,8],"killed_by":"Slime Boss","ascension_level":3}