{"gold_per_floor":[110,110,124,49,64,64,89,117,154,182,224,236,267,279,291,378,390,416,445,486,498,510,522,547,572,610,61,61,34,34,44,44,44],"floor_reached":33,"playtime":1491,"items_purged":["Turbo","Strike_B"],"score":564,"play_id":"efe50cf4-1c27-4486-9bd4-462c4daf2433","local_time":"20190404221939","is_ascension_mode":true,"campfire_choices":[{"data":"Doom and Gloom","floor":6,"key":"SMITH"},{"data":"Zap","floor":12,"key":"SMITH"},{"data":"Dualcast","floor":15,"key":"SMITH"},{"floor":23,"key":"REST"},{"floor":30,"key":"REST"},{"floor":32,"key":"REST"}],"neow_cost":"NONE","seed_source_timestamp":567106547360888,"circlet_count":0,"master_deck":["AscendersBane","Strike_B+1","Defend_B","Defend_B","Defend_B","Defend_B","Zap+1","Dualcast+1","Conserve Battery","Doom and Gloom+1","Go for the Eyes+1","Cold Snap","Conserve Battery","Cold Snap","All For One","Steam+1","Sweeping Beam+1","Barrage","Coolheaded","Reinforced Body","Static Discharge","Secret Technique"],"relics":["Cracked Core","Strawberry","MawBank","DataDisk","Omamori","Inserter","Red Mask","Whetstone","Membership Card"],"potions_floor_usage":[16,16,18,20,24,33,33,33],"damage_taken":[{"damage":4,"enemies":"Small Slimes","floor":1,"turns":3},{"damage":2,"enemies":"Cultist","floor":3,"turns":4},{"damage":5,"enemies":"Jaw Worm","floor":5,"turns":4},{"damage":0,"enemies":"Lagavulin","floor":7,"turns":7},{"damage":0,"enemies":"Red Slaver","floor":8,"turns":3},{"damage":1,"enemies":"Blue Slaver","floor":10,"turns":3},{"damage":16,"enemies":"3 Sentries","floor":11,"turns":5},{"damage":0,"enemies":"3 Louse","floor":13,"turns":2},{"damage":5,"enemies":"Slime Boss","floor":16,"turns":8},{"damage":9,"enemies":"Shell Parasite","floor":18,"turns":8},{"damage":11,"enemies":"3 Byrds","floor":19,"turns":4},{"damage":29,"enemies":"Masked Bandits","floor":20,"turns":5},{"damage":8,"enemies":"Cultist and Chosen","floor":24,"turns":6},{"damage":0,"enemies":"Centurion and Healer","floor":25,"turns":8},{"damage":19,"enemies":"Snake Plant","floor":31,"turns":6},{"damage":45,"enemies":"Champ","floor":33,"turns":13}],"seed_played":"8117845094829386986","potions_obtained":[{"floor":1,"key":"Explosive Potion"},{"floor":7,"key":"PowerPotion"},{"floor":13,"key":"FocusPotion"},{"floor":16,"key":"SkillPotion"},{"floor":18,"key":"GamblersBrew"},{"floor":19,"key":"Fire Potion"}],"is_trial":false,"path_per_floor":["M","?","M","$","M","R","E","M","T","M","E","R","M","?","R","B",null,"M","M","?","?","?","R","M","M","T","$","?","$","R","M","R","B"],"character_chosen":"DEFECT","items_purchased":["Membership Card","EntropicBrew","Block Potion","Coolheaded","Reinforced Body","Static Discharge","Secret Technique","PowerPotion"],"campfire_rested":3,"item_purchase_floors":[27,27,27,27,27,27,27,29],"current_hp_per_floor":[67,67,65,65,60,60,60,60,60,59,43,43,43,43,43,38,68,59,48,19,19,19,42,34,34,34,34,12,12,36,17,41,0],"gold":44,"neow_bonus":"RANDOM_COMMON_RELIC","is_prod":false,"is_daily":false,"chose_seed":false,"campfire_upgraded":3,"win_rate":0,"timestamp":1554383979,"path_taken":["M","?","M","$","M","R","E","M","T","M","E","R","?","?","R","BOSS","M","M","?","?","?","R","M","M","T","$","?","?","R","M","R","BOSS"],"build_version":"2019-01-23","purchased_purges":2,"victory":false,"max_hp_per_floor":[78,78,78,78,78,78,78,78,78,78,78,78,78,78,78,78,78,78,78,78,78,78,78,78,78,78,78,83,83,83,83,83,83],"card_choices":[{"not_picked":["White Noise","Turbo"],"picked":"Conserve Battery","floor":1},{"not_picked":["FTL","Skim"],"picked":"Doom and Gloom","floor":3},{"not_picked":["Steam","Static Discharge"],"picked":"Go for the Eyes","floor":5},{"not_picked":["Rebound","Reinforced Body"],"picked":"Cold Snap","floor":7},{"not_picked":["Steam","Hello World"],"picked":"Conserve Battery","floor":8},{"not_picked":["Aggregate","Rebound"],"picked":"Cold Snap","floor":10},{"not_picked":["Undo","Leap","Beam Cell"],"picked":"SKIP","floor":11},{"not_picked":["Turbo","Barrage","Gash"],"picked":"SKIP","floor":13},{"not_picked":["Amplify","Fission"],"picked":"All For One","floor":16},{"not_picked":["Rebound","Chaos"],"picked":"Steam+1","floor":18},{"not_picked":["Capacitor","Cold Snap","Go for the Eyes"],"picked":"SKIP","floor":19},{"not_picked":["Hologram","Tempest"],"picked":"Sweeping Beam+1","floor":24},{"not_picked":["Reprogram","Hello World"],"picked":"Barrage","floor":25},{"not_picked":["Gash","All For One","Doom and Gloom"],"picked":"SKIP","floor":31}],"player_experience":826372,"relics_obtained":[{"floor":7,"key":"MawBank"},{"floor":9,"key":"DataDisk"},{"floor":11,"key":"Omamori"},{"floor":20,"key":"Red Mask"},{"floor":26,"key":"Whetstone"}],"event_choices":[{"damage_healed":0,"gold_gain":0,"cards_transformed":["Strike_B"],"player_choice":"Transformed","damage_taken":0,"max_hp_gain":0,"max_hp_loss":0,"event_name":"Transmorgrifier","floor":2,"gold_loss":0,"cards_obtained":["Turbo"]},{"cards_removed":["Strike_B"],"damage_healed":0,"gold_gain":0,"player_choice":"Offered Basic","damage_taken":0,"max_hp_gain":0,"max_hp_loss":0,"event_name":"Bonfire Elementals","floor":14,"gold_loss":0},{"damage_healed":0,"gold_gain":0,"player_choice":"Fought Bandits","damage_taken":0,"max_hp_gain":0,"max_hp_loss":0,"event_name":"Masked Bandits","floor":20,"gold_loss":0},{"damage_healed":0,"gold_gain":0,"player_choice":"Ignored","damage_taken":0,"max_hp_gain":0,"max_hp_loss":0,"event_name":"Ghosts","floor":21,"gold_loss":0},{"damage_healed":0,"gold_gain":0,"player_choice":"Ignored","damage_taken":0,"max_hp_gain":0,"max_hp_loss":0,"event_name":"Vampires","floor":22,"gold_loss":0},{"damage_healed":0,"gold_gain":0,"player_choice":"Shed Blood","damage_taken":27,"max_hp_gain":5,"max_hp_loss":0,"event_name":"Forgotten Altar","floor":28,"gold_loss":0}],"is_beta":false,"boss_relics":[{"not_picked":["Pandora\u0027s Box","Eternal Feather"],"picked":"Inserter"}],"items_purged_floors":[4,27],"is_endless":false,"potions_floor_spawned":[1,7,8,13,16,18,19,31],"killed_by":"Champ","ascension_level":20}