{"gold_per_floor":[12,32,32,107,107,107,119,132,132,145,145,156,184,201,201,275,275,287,287,1,16,26,26,51,71,98,110,110,145,145,158,158,232,232,248,264,264,4,18,48,48,48],"floor_reached":42,"playtime":3528,"items_purged":[],"score":944,"play_id":"cfdcd9a8-f953-47a8-897d-0a3d72fd4060","local_time":"20190510220154","is_ascension_mode":true,"campfire_choices":[{"data":"Neutralize","floor":6,"key":"SMITH"},{"data":"Crippling Poison","floor":15,"key":"SMITH"},{"data":"A Thousand Cuts","floor":23,"key":"SMITH"},{"floor":28,"key":"REST"},{"floor":32,"key":"REST"},{"floor":41,"key":"RECALL"}],"neow_cost":"NO_GOLD","seed_source_timestamp":385827146737000,"circlet_count":0,"master_deck":["AscendersBane","Survivor","Neutralize+1","Flying Knee","Backflip","Sucker Punch+1","Dagger Throw","Crippling Poison+1","PiercingWail","Cloak And Dagger","PiercingWail","A Thousand Cuts+1","Leg Sweep","Underhanded Strike","Setup","Choke+1","Envenom","Deadly Poison","Heel Hook","Caltrops","Leg Sweep+1","Blur+1","Calculated Gamble","Dodge and Roll+1","Backflip","A Thousand Cuts","Noxious Fumes","Storm of Steel","Poisoned Stab+1","Deflect+1","Well Laid Plans","Caltrops+1"],"relics":["Ring of the Snake","Nunchaku","Meat on the Bone","Torii","Pandora\u0027s Box","Ninja Scroll","PreservedInsect","Whetstone","Tough Bandages","Sozu","Ornamental Fan","Medical Kit","Mummified Hand"],"potions_floor_usage":[13,16,16,24,33,42],"damage_taken":[{"damage":9,"enemies":"Jaw Worm","floor":1,"turns":8},{"damage":0,"enemies":"2 Louse","floor":2,"turns":4},{"damage":0,"enemies":"Small Slimes","floor":7,"turns":4},{"damage":0,"enemies":"Blue Slaver","floor":8,"turns":6},{"damage":6,"enemies":"3 Louse","floor":10,"turns":4},{"damage":1,"enemies":"Exordium Wildlife","floor":12,"turns":5},{"damage":20,"enemies":"3 Sentries","floor":13,"turns":11},{"damage":3,"enemies":"Red Slaver","floor":14,"turns":6},{"damage":24,"enemies":"Hexaghost","floor":16,"turns":12},{"damage":12,"enemies":"Shell Parasite","floor":18,"turns":5},{"damage":7,"enemies":"2 Thieves","floor":21,"turns":4},{"damage":13,"enemies":"Cultist and Chosen","floor":22,"turns":8},{"damage":18,"enemies":"Gremlin Leader","floor":24,"turns":5},{"damage":8,"enemies":"Sentry and Sphere","floor":25,"turns":7},{"damage":10,"enemies":"Chosen and Byrds","floor":27,"turns":5},{"damage":31,"enemies":"Slavers","floor":29,"turns":3},{"damage":25,"enemies":"Snecko","floor":31,"turns":6},{"damage":37,"enemies":"Collector","floor":33,"turns":9},{"damage":0,"enemies":"3 Shapes","floor":35,"turns":3},{"damage":7,"enemies":"Orb Walker","floor":36,"turns":4},{"damage":17,"enemies":"Maw","floor":39,"turns":9},{"damage":3,"enemies":"Nemesis","floor":40,"turns":8},{"damage":48,"enemies":"Giant Head","floor":42,"turns":7}],"seed_played":"1589507971481977209","potions_obtained":[{"floor":1,"key":"LiquidBronze"},{"floor":12,"key":"AttackPotion"},{"floor":13,"key":"Energy Potion"},{"floor":14,"key":"FearPotion"},{"floor":22,"key":"Block Potion"},{"floor":25,"key":"Dexterity Potion"},{"floor":29,"key":"EssenceOfSteel"},{"floor":33,"key":"FearPotion"}],"is_trial":false,"path_per_floor":["M","M","?","?","?","R","M","M","T","M","?","M","E","M","R","B",null,"M","?","$","M","M","R","E","M","T","M","R","E","?","M","R","B",null,"M","M","?","$","M","E","R","E"],"character_chosen":"THE_SILENT","items_purchased":["Ninja Scroll","Well Laid Plans","Medical Kit"],"campfire_rested":2,"item_purchase_floors":[20,38,38],"current_hp_per_floor":[50,50,50,39,39,39,39,39,39,45,45,44,36,45,45,33,58,46,66,66,59,46,46,40,44,44,34,53,34,34,21,40,15,53,53,46,46,46,41,38,38,0],"gold":48,"neow_bonus":"ONE_RARE_RELIC","is_prod":false,"is_daily":false,"chose_seed":false,"campfire_upgraded":3,"win_rate":0,"timestamp":1557493314,"path_taken":["M","M","?","?","?","R","M","M","T","?","?","M","E","M","R","BOSS","M","?","$","M","M","R","E","M","T","?","R","E","?","M","R","BOSS","M","M","?","$","?","E","R","E"],"build_version":"2019-01-23","purchased_purges":0,"victory":false,"max_hp_per_floor":[66,66,66,66,66,66,66,66,66,66,66,66,66,66,66,66,66,66,66,66,66,66,66,66,66,66,66,66,66,66,66,66,66,66,66,66,66,66,66,66,66,66],"card_choices":[{"not_picked":["Eviscerate","Heel Hook"],"picked":"Flying Knee","floor":1},{"not_picked":["Sucker Punch","Outmaneuver"],"picked":"Backflip","floor":2},{"not_picked":["Concentrate","Heel Hook"],"picked":"Sucker Punch","floor":7},{"not_picked":["Quick Slash","Backflip"],"picked":"Dagger Throw","floor":8},{"not_picked":["Dash","Sucker Punch"],"picked":"Crippling Poison","floor":10},{"not_picked":["Choke","Skewer"],"picked":"PiercingWail","floor":12},{"not_picked":["Terror","Dodge and Roll"],"picked":"Cloak And Dagger","floor":13},{"not_picked":["Underhanded Strike","Blur"],"picked":"PiercingWail","floor":14},{"not_picked":["Envenom","Venomology"],"picked":"A Thousand Cuts","floor":16},{"not_picked":["Slice","Underhanded Strike"],"picked":"Leg Sweep+1","floor":18},{"not_picked":["Bane","All Out Attack"],"picked":"Blur+1","floor":21},{"not_picked":["Masterful Stab","Quick Slash"],"picked":"Calculated Gamble","floor":22},{"not_picked":["Heel Hook","Leg Sweep+1"],"picked":"Dodge and Roll+1","floor":24},{"not_picked":["Acrobatics","Deflect","Prepared"],"picked":"SKIP","floor":25},{"not_picked":["Dagger Throw","Bane+1"],"picked":"Backflip","floor":27},{"not_picked":["Eviscerate","Blade Dance","A Thousand Cuts"],"picked":"SKIP","floor":29},{"not_picked":["Eviscerate","Blade Dance"],"picked":"A Thousand Cuts","floor":29},{"not_picked":["Bane","Prepared"],"picked":"Noxious Fumes","floor":31},{"not_picked":["Tools of the Trade","Unload"],"picked":"Storm of Steel","floor":33},{"not_picked":["Dagger Throw","Distraction"],"picked":"Poisoned Stab+1","floor":35},{"not_picked":["Bane","Cloak And Dagger"],"picked":"Deflect+1","floor":36},{"not_picked":["Prepared","Masterful Stab","Quick Slash+1"],"picked":"SKIP","floor":39},{"not_picked":["Well Laid Plans+1","Doppelganger"],"picked":"Caltrops+1","floor":40}],"player_experience":1329562,"relics_obtained":[{"floor":9,"key":"Meat on the Bone"},{"floor":13,"key":"Torii"},{"floor":24,"key":"PreservedInsect"},{"floor":26,"key":"Whetstone"},{"floor":29,"key":"Tough Bandages"},{"floor":40,"key":"Mummified Hand"}],"event_choices":[{"damage_healed":0,"gold_gain":0,"player_choice":"Leave","damage_taken":0,"max_hp_gain":0,"max_hp_loss":0,"event_name":"The Cleric","floor":3,"gold_loss":0},{"damage_healed":0,"gold_gain":75,"player_choice":"Gather Gold","damage_taken":11,"max_hp_gain":0,"max_hp_loss":0,"event_name":"World of Goop","floor":4,"gold_loss":0},{"damage_healed":0,"gold_gain":0,"player_choice":"Ignored","damage_taken":0,"max_hp_gain":0,"max_hp_loss":0,"event_name":"Liars Game","floor":5,"gold_loss":0},{"damage_healed":0,"gold_gain":0,"player_choice":"Fled","damage_taken":0,"max_hp_gain":0,"max_hp_loss":0,"event_name":"Scrap Ooze","floor":11,"gold_loss":0},{"cards_removed":["Eviscerate"],"damage_healed":20,"gold_gain":0,"player_choice":"Offered Uncommon","damage_taken":0,"max_hp_gain":0,"max_hp_loss":0,"event_name":"Bonfire Elementals","floor":19,"gold_loss":0},{"damage_healed":0,"gold_gain":0,"player_choice":"Ignored","damage_taken":0,"max_hp_gain":0,"max_hp_loss":0,"event_name":"The Mausoleum","floor":30,"gold_loss":0},{"cards_removed":["Underhanded Strike"],"damage_healed":0,"gold_gain":0,"player_choice":"Gave Card","damage_taken":0,"relics_obtained":["Ornamental Fan"],"max_hp_gain":0,"max_hp_loss":0,"event_name":"WeMeetAgain","floor":37,"gold_loss":0}],"is_beta":false,"boss_relics":[{"not_picked":["Ring of the Serpent","Velvet Choker"],"picked":"Pandora\u0027s Box"},{"not_picked":["HoveringKite","Calling Bell"],"picked":"Sozu"}],"items_purged_floors":[],"is_endless":false,"potions_floor_spawned":[1,12,13,14,22,25,29,33,35,36],"killed_by":"Giant Head","ascension_level":20}