{"gold_per_floor":[211,37,52,71,90,90,90,115,194,212,212,224,224,234,234,234],"floor_reached":16,"playtime":1019,"items_purged":["Strike_B"],"score":109,"play_id":"37cf0070-7db5-4084-8166-c7ae5c0391ac","local_time":"20181002105626","is_ascension_mode":true,"campfire_choices":[{"data":"Storm","floor":6,"key":"SMITH"},{"floor":11,"key":"REST"},{"floor":13,"key":"REST"},{"data":"Tempest","floor":15,"key":"SMITH"}],"neow_cost":"NONE","seed_source_timestamp":0,"circlet_count":0,"master_deck":["Strike_B","Strike_B","Strike_B","Defend_B","Defend_B","Defend_B","Defend_B","Zap","Dualcast","Ball Lightning","Turbo","Storm+1","Redo","Leap","Conserve Battery","Sweeping Beam","Tempest+1","Force Field"],"special_seed":0,"relics":["Cracked Core","Darkstone Periapt","Tiny Chest"],"potions_floor_usage":[8,10],"damage_taken":[{"damage":1.0,"enemies":"Cultist","floor":1.0,"turns":3.0},{"damage":6,"enemies":"Jaw Worm","floor":3,"turns":3},{"damage":0,"enemies":"2 Louse","floor":4,"turns":2},{"damage":15,"enemies":"Looter","floor":5,"turns":3},{"damage":28,"enemies":"Lagavulin","floor":8,"turns":7},{"damage":0,"enemies":"Gremlin Gang","floor":10,"turns":1},{"damage":6,"enemies":"3 Louse","floor":12,"turns":3},{"damage":13,"enemies":"Exordium Wildlife","floor":14,"turns":4},{"damage":57,"enemies":"Slime Boss","floor":16,"turns":10}],"seed_played":"8489307268898361357","potions_obtained":[{"floor":5,"key":"PowerPotion"},{"floor":10,"key":"Strength Potion"},{"floor":14,"key":"Poison Potion"}],"is_trial":false,"path_per_floor":["M","$","M","M","M","R","?","E","T","M","R","M","R","M","R"],"character_chosen":"DEFECT","items_purchased":["Turbo","Block Potion"],"campfire_rested":2,"item_purchase_floors":[2,2],"current_hp_per_floor":[74,74,68,68,53,53,53,25,25,25,47,41,63,50,50,0],"gold":234,"neow_bonus":"HUNDRED_GOLD","is_prod":false,"is_daily":false,"chose_seed":false,"campfire_upgraded":2,"win_rate":0,"timestamp":1538470586,"path_taken":["M","$","M","?","M","R","?","E","T","?","R","M","R","M","R","BOSS"],"build_version":"2018-09-27","purchased_purges":1,"victory":false,"max_hp_per_floor":[75,75,75,75,75,75,75,75,75,75,75,75,75,75,75,75],"card_choices":[{"not_picked":["Stack","Beam Cell"],"picked":"Ball Lightning","floor":1},{"not_picked":["Beam Cell","Gash"],"picked":"Storm","floor":3},{"not_picked":["Compile Driver","Self Repair"],"picked":"Redo","floor":4},{"not_picked":["Sweeping Beam","Beam Cell"],"picked":"Leap","floor":5},{"not_picked":["Doom and Gloom","Reboot"],"picked":"Conserve Battery","floor":8},{"not_picked":["Consume","Sunder"],"picked":"Sweeping Beam","floor":10},{"not_picked":["Redo","Streamline"],"picked":"Tempest","floor":12},{"not_picked":["Auto Shields","Streamline"],"picked":"Force Field","floor":14}],"player_experience":101081,"relics_obtained":[{"floor":8,"key":"Darkstone Periapt"},{"floor":9,"key":"Tiny Chest"}],"event_choices":[{"event_name":"Scrap Ooze","player_choice":"unsuccessful","floor":7,"damage_taken":0}],"is_beta":false,"boss_relics":[],"items_purged_floors":[2],"is_endless":false,"potions_floor_spawned":[5,10,14],"killed_by":"Slime Boss","ascension_level":1}