{"gold_per_floor":[114,39,55,68,68,68,81,41,66,66,66,66,79,94,94,192,192,160,170,370,380,400,433,433,452,479,479,497,516,529,628,628,628],"floor_reached":33,"playtime":1844,"items_purged":["Bash"],"score":263,"play_id":"3f1112aa-08ac-4756-943e-e7160d82983c","local_time":"20181208153940","is_ascension_mode":false,"campfire_choices":[{"data":"Clothesline","floor":6,"key":"SMITH"},{"data":"Flame Barrier","floor":10,"key":"SMITH"},{"data":"Flame Barrier","floor":12,"key":"SMITH"},{"data":"Heavy Blade","floor":15,"key":"SMITH"},{"data":"Impervious","floor":24,"key":"SMITH"},{"data":"Defend_R","floor":32,"key":"SMITH"}],"neow_cost":"NONE","seed_source_timestamp":828403106467243,"circlet_count":0,"master_deck":["Strike_R","Strike_R","Strike_R","Defend_R","Defend_R","Defend_R","Defend_R+1","Clothesline+1","Heavy Blade+1","Flame Barrier+1","Flame Barrier+1","Impervious+1","Body Slam+1","Body Slam+1","Whirlwind+1"],"relics":["Black Blood","Red Skull","Molten Egg 2","PreservedInsect"],"potions_floor_usage":[7,16,16,21,23,23,25,28,33],"damage_taken":[{"damage":1,"enemies":"Cultist","floor":1,"turns":4},{"damage":4,"enemies":"2 Louse","floor":3,"turns":4},{"damage":3,"enemies":"Jaw Worm","floor":4,"turns":3},{"damage":22,"enemies":"Exordium Wildlife","floor":7,"turns":6},{"damage":9,"enemies":"Looter","floor":13,"turns":3},{"damage":0,"enemies":"Lots of Slimes","floor":14,"turns":4},{"damage":27,"enemies":"Slime Boss","floor":16,"turns":11},{"damage":40,"enemies":"2 Thieves","floor":18,"turns":5},{"damage":0,"enemies":"Shell Parasite","floor":19,"turns":7},{"damage":24,"enemies":"3 Cultists","floor":21,"turns":7},{"damage":5,"enemies":"Snake Plant","floor":22,"turns":4},{"damage":18,"enemies":"Book of Stabbing","floor":23,"turns":5},{"damage":6,"enemies":"Shelled Parasite and Fungi","floor":25,"turns":11},{"damage":38,"enemies":"Centurion and Healer","floor":28,"turns":12},{"damage":0,"enemies":"Snecko","floor":29,"turns":6},{"damage":6,"enemies":"Snake Plant","floor":30,"turns":3},{"damage":56,"enemies":"Champ","floor":33,"turns":13}],"seed_played":"-3173249755286208608","potions_obtained":[{"floor":3,"key":"Strength Potion"},{"floor":4,"key":"Energy Potion"},{"floor":13,"key":"GamblersBrew"},{"floor":14,"key":"LiquidBronze"},{"floor":21,"key":"PowerPotion"},{"floor":22,"key":"LiquidBronze"},{"floor":23,"key":"Regen Potion"},{"floor":25,"key":"SpeedPotion"},{"floor":29,"key":"Energy Potion"}],"is_trial":false,"path_per_floor":["M","$","M","M","?","R","M","$","T","R","T","R","M","M","R","B",null,"M","M","?","M","M","E","R","M","T","?","M","M","M","?","R","B"],"character_chosen":"IRONCLAD","items_purchased":["Flame Barrier"],"campfire_rested":0,"item_purchase_floors":[8],"current_hp_per_floor":[80,80,80,80,73,73,57,57,57,57,57,57,54,60,60,39,80,50,60,60,46,51,43,43,62,62,62,34,44,48,48,48,0],"gold":628,"neow_bonus":"TRANSFORM_CARD","is_prod":false,"is_daily":false,"chose_seed":false,"campfire_upgraded":6,"win_rate":0,"timestamp":1544251180,"path_taken":["M","$","?","?","?","R","M","?","T","R","?","R","?","M","R","BOSS","M","M","?","?","M","E","R","M","T","?","M","M","M","?","R","BOSS"],"build_version":"2018-12-06","purchased_purges":1,"victory":false,"max_hp_per_floor":[80,80,80,80,80,80,80,80,80,80,80,80,80,80,80,80,80,80,80,80,80,80,80,80,80,80,80,80,80,80,80,80,80],"card_choices":[{"not_picked":["True Grit","Wild Strike","Metallicize"],"picked":"SKIP","floor":1},{"not_picked":["Shrug It Off","Wild Strike"],"picked":"Heavy Blade","floor":3},{"not_picked":["Heavy Blade","Warcry","Pommel Strike"],"picked":"SKIP","floor":4},{"not_picked":["Demon Form","Iron Wave"],"picked":"Flame Barrier","floor":7},{"not_picked":["Pummel+1","Wild Strike+1","Dropkick+1"],"picked":"SKIP","floor":13},{"not_picked":["Flame Barrier","True Grit","Headbutt+1"],"picked":"SKIP","floor":14},{"not_picked":["Immolate+1","Juggernaut"],"picked":"Impervious","floor":16},{"not_picked":["Rupture","Flex"],"picked":"Body Slam+1","floor":18},{"not_picked":["Uppercut+1","Flex","Cleave+1"],"picked":"SKIP","floor":19},{"not_picked":["Iron Wave+1","Cleave+1","Immolate+1"],"picked":"SKIP","floor":21},{"not_picked":["True Grit","Uppercut+1","Burning Pact"],"picked":"SKIP","floor":22},{"not_picked":["Clothesline+1","Dropkick+1","Sword Boomerang+1"],"picked":"SKIP","floor":23},{"not_picked":["True Grit","Headbutt+1"],"picked":"Body Slam+1","floor":25},{"not_picked":["Searing Blow+1","Flex","Sword Boomerang+1"],"picked":"SKIP","floor":28},{"not_picked":["Headbutt+1","Combust","Dual Wield"],"picked":"SKIP","floor":29},{"not_picked":["Clash+1","Iron Wave+1"],"picked":"Whirlwind+1","floor":30}],"player_experience":86751,"relics_obtained":[{"floor":9,"key":"Red Skull"},{"floor":11,"key":"Molten Egg 2"},{"floor":23,"key":"PreservedInsect"}],"event_choices":[{"cards_removed":["Strike_R"],"damage_healed":0,"gold_gain":0,"player_choice":"Card Removal","damage_taken":7,"max_hp_gain":0,"max_hp_loss":0,"event_name":"Golden Wing","floor":5,"gold_loss":0},{"damage_healed":0,"gold_gain":200,"player_choice":"Gold","damage_taken":0,"max_hp_gain":0,"max_hp_loss":0,"event_name":"Wheel of Change","floor":20,"gold_loss":0},{"damage_healed":0,"gold_gain":0,"player_choice":"Ignored","damage_taken":0,"max_hp_gain":0,"max_hp_loss":0,"event_name":"The Mausoleum","floor":27,"gold_loss":0},{"damage_healed":0,"gold_gain":99,"player_choice":"Stole From Cult","damage_taken":0,"max_hp_gain":0,"max_hp_loss":0,"event_name":"Nest","floor":31,"gold_loss":0}],"is_beta":false,"boss_relics":[{"not_picked":["Eternal Feather","Black Star"],"picked":"Black Blood"}],"items_purged_floors":[2],"is_endless":false,"potions_floor_spawned":[3,4,13,14,21,22,23,25,29],"killed_by":"Champ","ascension_level":0}