{"gold_per_floor":[362,380,8,8,27,27,27,27,27,40,60,60,70,70,70,171,171,184,8,8,19,19,19,29,39,39,58,58,58,58],"floor_reached":30,"playtime":1482,"items_purged":["Strike_G","Strike_G"],"score":278,"play_id":"2b4aed71-5e65-4cd4-8bb9-2fcce903afcf","local_time":"20181102212817","is_ascension_mode":true,"campfire_choices":[{"data":"Crippling Poison","floor":7,"key":"SMITH"},{"floor":12,"key":"REST"},{"floor":15,"key":"REST"},{"data":"Footwork","floor":23,"key":"SMITH"},{"floor":28,"key":"REST"}],"neow_cost":"TEN_PERCENT_HP_LOSS","seed_source_timestamp":274348811298673,"circlet_count":0,"master_deck":["Defend_G","Defend_G","Defend_G","Defend_G","Defend_G","Strike_G","Strike_G","Survivor","Neutralize","PiercingWail","Deadly Poison","Crippling Poison+1","Neutralize","Dodge and Roll","Dodge and Roll","Bane","Dodge and Roll","Footwork+1","Caltrops","Well Laid Plans","Deflect","Shame"],"relics":["Ring of the Snake","Kunai","Matryoshka","Orrery","Gremlin Horn","The Specimen","Oddly Smooth Stone"],"potions_floor_usage":[16,16,18],"damage_taken":[{"damage":10,"enemies":"Cultist","floor":1,"turns":4},{"damage":1,"enemies":"2 Louse","floor":2,"turns":2},{"damage":1,"enemies":"Small Slimes","floor":5,"turns":4},{"damage":4,"enemies":"Looter","floor":10,"turns":4},{"damage":14,"enemies":"Exordium Thugs","floor":11,"turns":5},{"damage":19,"enemies":"Large Slime","floor":13,"turns":6},{"damage":6,"enemies":"Hexaghost","floor":16,"turns":10},{"damage":23,"enemies":"3 Byrds","floor":18,"turns":6},{"damage":1,"enemies":"Spheric Guardian","floor":21,"turns":6},{"damage":1,"enemies":"Shelled Parasite and Fungi","floor":24,"turns":6},{"damage":13,"enemies":"Snake Plant","floor":25,"turns":7},{"damage":11,"enemies":"Sentry and Sphere","floor":27,"turns":7},{"damage":42,"enemies":"3 Cultists","floor":30,"turns":5}],"seed_played":"2665777612340560973","potions_obtained":[{"floor":2,"key":"LiquidBronze"},{"floor":11,"key":"Energy Potion"},{"floor":16,"key":"Dexterity Potion"},{"floor":18,"key":"Poison Potion"}],"is_trial":false,"path_per_floor":["M","M","$","?","M","$","R","$","T","M","M","R","M","?","R","B",null,"M","$","?","M","$","R","M","M","T","M","R","?","M"],"character_chosen":"THE_SILENT","items_purchased":["Kunai","Crippling Poison","Well Laid Plans"],"campfire_rested":3,"item_purchase_floors":[3,3,19],"current_hp_per_floor":[53,52,52,52,51,51,51,51,51,47,33,51,32,37,57,51,64,41,41,41,40,40,40,39,26,26,15,35,35,0],"gold":58,"neow_bonus":"TWO_FIFTY_GOLD","is_prod":false,"is_daily":false,"chose_seed":false,"campfire_upgraded":2,"win_rate":0,"timestamp":1541190497,"path_taken":["M","?","$","?","M","$","R","?","T","?","?","R","M","?","R","BOSS","M","$","?","M","?","R","M","M","T","M","R","?","M"],"build_version":"2018-11-01","purchased_purges":2,"victory":false,"max_hp_per_floor":[63,63,63,63,63,63,63,63,63,63,63,63,63,68,68,68,68,68,68,68,68,68,68,68,68,68,68,68,68,68],"card_choices":[{"not_picked":["Outmaneuver","Backflip"],"picked":"PiercingWail","floor":1},{"not_picked":["Slice","Deflect"],"picked":"Deadly Poison","floor":2},{"not_picked":["Quick Slash","Deadly Poison"],"picked":"Dodge and Roll","floor":5},{"not_picked":["Prepared","Backflip","Blade Dance"],"picked":"SKIP","floor":10},{"not_picked":["Underhanded Strike","Flying Knee"],"picked":"Dodge and Roll","floor":11},{"not_picked":["Quick Slash","Sucker Punch"],"picked":"Bane","floor":13},{"not_picked":["Poisoned Stab","Underhanded Strike"],"picked":"Dodge and Roll","floor":17},{"not_picked":["Burst","Choke"],"picked":"Footwork","floor":17},{"not_picked":["Slice","Blade Dance"],"picked":"Caltrops","floor":17},{"not_picked":["Dagger Throw","Accuracy+1","Predator"],"picked":"SKIP","floor":18},{"not_picked":["Backflip","Skewer","Prepared"],"picked":"SKIP","floor":21},{"not_picked":["Infinite Blades","Outmaneuver","Dagger Spray"],"picked":"SKIP","floor":24},{"not_picked":["Outmaneuver","Deadly Poison","Dagger Throw+1"],"picked":"SKIP","floor":25},{"not_picked":["Flechettes","Unload"],"picked":"Deflect","floor":27}],"player_experience":265601,"relics_obtained":[{"floor":9,"key":"Matryoshka"},{"floor":26,"key":"Gremlin Horn"},{"floor":26,"key":"The Specimen"}],"event_choices":[{"damage_healed":0,"gold_gain":0,"player_choice":"1 cards matched","damage_taken":0,"max_hp_gain":0,"max_hp_loss":0,"event_name":"Match and Keep!","floor":4,"gold_loss":0,"cards_obtained":["Neutralize"]},{"damage_healed":0,"gold_gain":0,"player_choice":"Donut","damage_taken":0,"max_hp_gain":5,"max_hp_loss":0,"event_name":"Big Fish","floor":14,"gold_loss":0},{"cards_removed":["Strike_G"],"damage_healed":0,"gold_gain":0,"player_choice":"Offered Basic","damage_taken":0,"max_hp_gain":0,"max_hp_loss":0,"event_name":"Bonfire Elementals","floor":20,"gold_loss":0},{"damage_healed":0,"gold_gain":0,"player_choice":"Stole Relic","damage_taken":0,"relics_obtained":["Oddly Smooth Stone"],"max_hp_gain":0,"max_hp_loss":0,"event_name":"Addict","floor":29,"gold_loss":0,"cards_obtained":["Shame"]}],"is_beta":false,"boss_relics":[{"not_picked":["Busted Crown","Tiny House"],"picked":"Orrery"}],"items_purged_floors":[3,19],"is_endless":false,"potions_floor_spawned":[2,11,16,18],"killed_by":"3 Cultists","ascension_level":5}