{"gold_per_floor":[111,111,87,87,103,142,142,186,222,234,280,312,367,379,391,529,541,566,602,627,660,93,133,133],"floor_reached":24,"playtime":1068,"items_purged":["Strike_G"],"score":378,"play_id":"d1403d21-223d-4e35-a481-49048755e78a","local_time":"20190404112500","is_ascension_mode":true,"campfire_choices":[{"data":"Skewer","floor":7,"key":"SMITH"},{"floor":10,"key":"REST"},{"floor":15,"key":"REST"}],"neow_cost":"NONE","seed_source_timestamp":909251198254540,"circlet_count":0,"master_deck":["AscendersBane","Defend_G","Defend_G","Defend_G","Defend_G","Defend_G","Strike_G","Strike_G","Survivor","Neutralize+1","Dash","Bane+1","Skewer+1","Masterful Stab","Noxious Fumes","PiercingWail","After Image","Backflip","Backstab","Dodge and Roll","Deadly Poison","Footwork","Acrobatics"],"relics":["Ring of the Snake","Juzu Bracelet","Golden Idol","Blood Vial","MawBank","Art of War","Vajra","Letter Opener","Empty Cage","Bag of Marbles","Chemical X","Whetstone"],"potions_floor_usage":[6,8,11,13,16,19,21,24],"damage_taken":[{"damage":2,"enemies":"Cultist","floor":1,"turns":4},{"damage":2,"enemies":"Jaw Worm","floor":5,"turns":4},{"damage":30,"enemies":"Gremlin Nob","floor":6,"turns":5},{"damage":15,"enemies":"3 Sentries","floor":8,"turns":7},{"damage":16,"enemies":"Gremlin Nob","floor":11,"turns":3},{"damage":0,"enemies":"Small Slimes","floor":12,"turns":2},{"damage":16,"enemies":"Lagavulin","floor":13,"turns":5},{"damage":18,"enemies":"Hexaghost","floor":16,"turns":10},{"damage":1,"enemies":"Spheric Guardian","floor":18,"turns":4},{"damage":0,"enemies":"Chosen","floor":19,"turns":4},{"damage":19,"enemies":"Snecko","floor":20,"turns":4},{"damage":32,"enemies":"Sentry and Sphere","floor":21,"turns":8},{"damage":22,"enemies":"Slavers","floor":23,"turns":7},{"damage":19,"enemies":"Chosen and Byrds","floor":24,"turns":6}],"seed_played":"-461249802204295462","potions_obtained":[{"floor":5,"key":"Strength Potion"},{"floor":6,"key":"Ancient Potion"},{"floor":8,"key":"Energy Potion"},{"floor":11,"key":"AttackPotion"},{"floor":13,"key":"LiquidBronze"},{"floor":16,"key":"Strength Potion"},{"floor":19,"key":"Regen Potion"}],"is_trial":false,"path_per_floor":["M","T","?","?","M","E","R","E","T","R","E","M","E","?","R","B",null,"M","M","M","M","$","E","M"],"character_chosen":"THE_SILENT","items_purchased":["Footwork","Bag of Marbles","Chemical X","Swift Potion","GamblersBrew"],"campfire_rested":2,"item_purchase_floors":[22,22,22,22,22],"current_hp_per_floor":[61,61,61,61,59,29,29,16,16,35,21,23,9,9,28,12,52,53,55,38,23,23,3,0],"gold":133,"neow_bonus":"THREE_CARDS","is_prod":false,"is_daily":false,"chose_seed":false,"campfire_upgraded":1,"win_rate":0,"timestamp":1554369900,"path_taken":["M","?","?","?","M","E","R","E","T","R","E","M","E","?","R","BOSS","M","M","M","M","$","E","M"],"build_version":"2019-01-23","purchased_purges":1,"victory":false,"max_hp_per_floor":[70,70,70,65,65,65,65,65,65,65,65,65,65,65,65,65,65,65,65,65,65,65,65,65],"card_choices":[{"not_picked":["Calculated Gamble","Caltrops"],"picked":"Dash","floor":0},{"not_picked":["Outmaneuver","Dagger Throw"],"picked":"Bane","floor":1},{"not_picked":["Caltrops","Dodge and Roll"],"picked":"Skewer","floor":5},{"not_picked":["Tactician","Caltrops"],"picked":"Masterful Stab","floor":6},{"not_picked":["Masterful Stab","Bane","Underhanded Strike"],"picked":"SKIP","floor":8},{"not_picked":["Acrobatics","Dash"],"picked":"Noxious Fumes","floor":11},{"not_picked":["Blade Dance","Slice"],"picked":"PiercingWail","floor":12},{"not_picked":["Bullet Time","Blade Dance"],"picked":"After Image","floor":13},{"not_picked":["Expertise","Deflect"],"picked":"Backflip","floor":18},{"not_picked":["Endless Agony","Acrobatics"],"picked":"Backstab","floor":19},{"not_picked":["Deflect","Flying Knee"],"picked":"Dodge and Roll","floor":20},{"not_picked":["Bane","Setup"],"picked":"Deadly Poison","floor":21},{"not_picked":["Setup","Sucker Punch+1"],"picked":"Acrobatics","floor":23}],"player_experience":433074,"relics_obtained":[{"floor":2,"key":"Juzu Bracelet"},{"floor":6,"key":"Blood Vial"},{"floor":8,"key":"MawBank"},{"floor":9,"key":"Art of War"},{"floor":11,"key":"Vajra"},{"floor":13,"key":"Letter Opener"},{"floor":23,"key":"Whetstone"}],"event_choices":[{"damage_healed":0,"gold_gain":0,"player_choice":"Left Gold","damage_taken":0,"max_hp_gain":0,"max_hp_loss":0,"event_name":"World of Goop","floor":3,"gold_loss":24},{"damage_healed":0,"gold_gain":0,"player_choice":"Lose Max HP","damage_taken":0,"relics_obtained":["Golden Idol"],"max_hp_gain":0,"max_hp_loss":5,"event_name":"Golden Idol","floor":4,"gold_loss":0},{"damage_healed":0,"gold_gain":0,"player_choice":"Ignored","damage_taken":0,"max_hp_gain":0,"max_hp_loss":0,"event_name":"Liars Game","floor":14,"gold_loss":0}],"is_beta":false,"boss_relics":[{"not_picked":["Fusion Hammer","Eternal Feather"],"picked":"Empty Cage"}],"items_purged_floors":[22],"is_endless":false,"potions_floor_spawned":[5,6,8,11,13,16,19],"killed_by":"Chosen and Byrds","ascension_level":11}