{"gold_per_floor":[112,122,122,139,139,168,168,44,44,44,57,57,57,72,72,72],"floor_reached":16,"playtime":1244,"items_purged":["Strike_R"],"score":105,"play_id":"ea0c3192-1f1b-488b-babf-2f98be24d515","local_time":"20190423220437","is_ascension_mode":true,"campfire_choices":[{"floor":10,"key":"RECALL"},{"data":"Metallicize","floor":12,"key":"SMITH"},{"data":"Shrug It Off","floor":15,"key":"SMITH"}],"neow_cost":"NONE","seed_source_timestamp":161107921745,"circlet_count":0,"master_deck":["Strike_R","Strike_R","Strike_R","Strike_R","Defend_R","Defend_R","Defend_R","Bash","Heavy Blade","Shrug It Off","Metallicize+1","Shrug It Off+1"],"relics":["Burning Blood","Potion Belt","Sundial","Thread and Needle"],"potions_floor_usage":[6,14,16],"damage_taken":[{"damage":2,"enemies":"Small Slimes","floor":1,"turns":4},{"damage":7,"enemies":"2 Louse","floor":2,"turns":3},{"damage":5,"enemies":"Jaw Worm","floor":4,"turns":4},{"damage":54,"enemies":"3 Sentries","floor":6,"turns":9},{"damage":0,"enemies":"Blue Slaver","floor":11,"turns":5},{"damage":0,"enemies":"Gremlin Gang","floor":14,"turns":3},{"damage":63,"enemies":"Slime Boss","floor":16,"turns":11}],"seed_played":"-3269419947549568305","potions_obtained":[{"floor":2,"key":"Strength Potion"},{"floor":6,"key":"Explosive Potion"},{"floor":14,"key":"LiquidBronze"}],"is_trial":false,"path_per_floor":["M","M","?","M","?","E","T","$","T","R","M","R","$","M","R","B"],"character_chosen":"IRONCLAD","items_purchased":["Shrug It Off"],"campfire_rested":0,"item_purchase_floors":[8],"current_hp_per_floor":[88,87,87,88,93,45,45,45,45,45,51,51,51,57,57,0],"gold":72,"neow_bonus":"TEN_PERCENT_HP_BONUS","is_prod":false,"is_daily":false,"chose_seed":false,"campfire_upgraded":2,"win_rate":0,"timestamp":1556071477,"path_taken":["M","M","?","M","?","E","?","$","T","R","M","R","?","M","R","BOSS"],"build_version":"2019-01-23","purchased_purges":1,"victory":false,"max_hp_per_floor":[88,88,88,88,93,93,93,93,93,93,93,93,93,93,93,93],"card_choices":[{"not_picked":["Thunderclap","Bloodletting","Clothesline"],"picked":"SKIP","floor":1},{"not_picked":["Clothesline","Flex"],"picked":"Heavy Blade","floor":2},{"not_picked":["Iron Wave","Clash"],"picked":"Shrug It Off","floor":4},{"not_picked":["True Grit","Juggernaut"],"picked":"Metallicize","floor":6},{"not_picked":["Pommel Strike","Anger","Entrench"],"picked":"SKIP","floor":11},{"not_picked":["Wild Strike","Feel No Pain","Warcry"],"picked":"SKIP","floor":14}],"player_experience":32219,"relics_obtained":[{"floor":6,"key":"Potion Belt"},{"floor":7,"key":"Sundial"},{"floor":9,"key":"Thread and Needle"}],"event_choices":[{"cards_removed":["Defend_R"],"damage_healed":0,"gold_gain":0,"player_choice":"Forget","damage_taken":0,"max_hp_gain":0,"max_hp_loss":0,"event_name":"Living Wall","floor":3,"gold_loss":0},{"damage_healed":0,"gold_gain":0,"player_choice":"Donut","damage_taken":0,"max_hp_gain":5,"max_hp_loss":0,"event_name":"Big Fish","floor":5,"gold_loss":0}],"is_beta":false,"boss_relics":[],"items_purged_floors":[8],"is_endless":false,"potions_floor_spawned":[2,6,14],"killed_by":"Slime Boss","ascension_level":1}