{"gold_per_floor":[13,13,13,13,31,31,51,61,87,60,13,13,41,52,52,150,150,165,165,183,199,78,78,95,108,135,135,152,152,152,170,170,267,267,283,33,33,44,63,63],"floor_reached":40,"playtime":3062,"items_purged":["Defend_B","Strike_B"],"score":454,"play_id":"f2f28f55-50ba-45f1-8ccc-9751ea26d60d","local_time":"20181009220222","is_ascension_mode":true,"campfire_choices":[{"data":"Machine Learning","floor":6,"key":"SMITH"},{"data":"Steam","floor":12,"key":"SMITH"},{"floor":15,"key":"REST"},{"floor":23,"key":"REST"},{"data":"Creative AI","floor":27,"key":"SMITH"},{"data":"Stack","floor":30,"key":"SMITH"},{"floor":32,"key":"REST"}],"neow_cost":"NO_GOLD","seed_source_timestamp":869973168391788,"circlet_count":0,"master_deck":["Strike_B","Strike_B","Defend_B","Defend_B","Defend_B","Zap","Dualcast+1","Machine Learning+1","Static Discharge+1","Barrage","Steam+1","Steam","Conserve Battery","Leap","Steam","Creative AI+1","Leap","Redo+1","Stack+1","BootSequence","Steam","Melter","Static Discharge+1","Darkness","Hologram+1","Self Repair"],"relics":["Cracked Core","Bag of Marbles","Anchor","Nuclear Battery","Strawberry","Velvet Choker","Blood Vial","Emotion Chip"],"potions_floor_usage":[13,13,16,21,25,33,33,40,40,40],"damage_taken":[{"damage":1,"enemies":"2 Louse","floor":1,"turns":2},{"damage":2,"enemies":"Jaw Worm","floor":5,"turns":3},{"damage":9,"enemies":"Small Slimes","floor":7,"turns":2},{"damage":7,"enemies":"Looter","floor":8,"turns":3},{"damage":9,"enemies":"Gremlin Nob","floor":13,"turns":4},{"damage":1,"enemies":"Red Slaver","floor":14,"turns":4},{"damage":35,"enemies":"Slime Boss","floor":16,"turns":10},{"damage":15,"enemies":"Spheric Guardian","floor":18,"turns":5},{"damage":9,"enemies":"Chosen","floor":20,"turns":6},{"damage":40,"enemies":"Sentry and Sphere","floor":21,"turns":7},{"damage":4,"enemies":"Snake Plant","floor":24,"turns":4},{"damage":10,"enemies":"Snecko","floor":25,"turns":6},{"damage":3,"enemies":"Shelled Parasite and Fungi","floor":28,"turns":6},{"damage":10,"enemies":"Centurion and Healer","floor":31,"turns":8},{"damage":56,"enemies":"Collector","floor":33,"turns":8},{"damage":17,"enemies":"Orb Walker","floor":35,"turns":6},{"damage":16,"enemies":"Mind Bloom Boss Battle","floor":37,"turns":10},{"damage":24,"enemies":"3 Darklings","floor":38,"turns":5},{"damage":0,"enemies":"Sphere and 2 Shapes","floor":39,"turns":9},{"damage":37,"enemies":"Nemesis","floor":40,"turns":6}],"seed_played":"4342801264552824779","potions_obtained":[{"floor":3,"key":"Dexterity Potion"},{"floor":3,"key":"Fire Potion"},{"floor":3,"key":"FocusPotion"},{"floor":13,"key":"FairyPotion"},{"floor":14,"key":"FocusPotion"},{"floor":20,"key":"Fire Potion"},{"floor":21,"key":"Block Potion"},{"floor":28,"key":"Explosive Potion"},{"floor":33,"key":"Dexterity Potion"},{"floor":38,"key":"AttackPotion"},{"floor":39,"key":"FocusPotion"}],"is_trial":false,"path_per_floor":["M","?","?","?","M","R","M","M","T","$","$","R","E","M","R","B",null,"M","?","M","M","$","R","M","M","T","R","M","?","R","M","R","B",null,"M","$","?","M","M"],"character_chosen":"DEFECT","items_purchased":["Steam","Conserve Battery","Stack","Blood Vial"],"campfire_rested":3,"item_purchase_floors":[10,11,22,36],"current_hp_per_floor":[74,74,74,59,57,57,48,41,41,41,41,41,32,31,53,18,75,60,60,51,11,11,33,29,19,26,26,23,23,23,13,37,8,82,65,65,51,29,31,0],"gold":63,"neow_bonus":"THREE_RARE_CARDS","is_prod":false,"is_daily":false,"chose_seed":false,"campfire_upgraded":4,"win_rate":0,"timestamp":1539115342,"path_taken":["M","?","?","?","M","R","?","M","T","?","$","R","E","M","R","BOSS","M","?","?","M","$","R","M","M","T","R","?","?","R","?","R","BOSS","M","$","?","M","?","E"],"build_version":"2018-10-04v2","purchased_purges":2,"victory":false,"max_hp_per_floor":[75,75,75,75,75,75,75,75,75,75,75,75,75,75,75,75,75,75,75,75,75,75,75,75,75,82,82,82,82,82,82,82,82,82,82,82,82,82,82,82],"card_choices":[{"not_picked":["Buffer","Fission"],"picked":"Machine Learning","floor":0},{"not_picked":["Conserve Battery","Darkness"],"picked":"Static Discharge","floor":1},{"not_picked":["Coolheaded","Beam Cell"],"picked":"Barrage","floor":5},{"not_picked":["Coolheaded","Aggregate","Consume"],"picked":"SKIP","floor":7},{"not_picked":["Sweeping Beam","Seek"],"picked":"Steam","floor":8},{"not_picked":["FTL","Seek"],"picked":"Leap","floor":13},{"not_picked":["Beam Cell","Gash"],"picked":"Steam","floor":14},{"not_picked":["Amplify","All For One"],"picked":"Creative AI","floor":16},{"not_picked":["Beam Cell+1","Chaos"],"picked":"Leap","floor":18},{"not_picked":["Streamline","Reprogram+1","Multi-Cast"],"picked":"SKIP","floor":20},{"not_picked":["Hologram","Sweeping Beam+1"],"picked":"Redo+1","floor":21},{"not_picked":["Streamline","Leap"],"picked":"BootSequence","floor":24},{"not_picked":["Redo","Lockon"],"picked":"Steam","floor":25},{"not_picked":["Rip and Tear","Sunder"],"picked":"Melter","floor":28},{"not_picked":["Blizzard+1","Gash","Aggregate+1"],"picked":"SKIP","floor":31},{"not_picked":["Compile Driver+1","Leap"],"picked":"Darkness","floor":35},{"not_picked":["Beam Cell","Darkness"],"picked":"Hologram+1","floor":38},{"not_picked":["Coolheaded","Melter"],"picked":"Self Repair","floor":39}],"player_experience":158290,"relics_obtained":[{"floor":9,"key":"Bag of Marbles"},{"floor":13,"key":"Anchor"},{"floor":26,"key":"Strawberry"},{"floor":37,"key":"Emotion Chip"}],"event_choices":[{"event_name":"Living Wall","player_choice":"Forget","floor":2,"damage_taken":0},{"event_name":"The Lab","player_choice":"Got Potions","floor":3,"damage_taken":0},{"event_name":"Shining Light","player_choice":"Entered Light","floor":4,"damage_taken":0},{"event_name":"Vampires","player_choice":"Ignored","floor":19,"damage_taken":0},{"event_name":"Duplicator","player_choice":"One dupe","floor":29,"damage_taken":0},{"event_name":"MindBloom","player_choice":"Fight","floor":37,"damage_taken":0}],"is_beta":false,"boss_relics":[{"not_picked":["Runic Dome","Snecko Eye"],"picked":"Nuclear Battery"},{"not_picked":["Astrolabe","Empty Cage"],"picked":"Velvet Choker"}],"items_purged_floors":[22,36],"is_endless":false,"potions_floor_spawned":[5,13,14,20,21,28,33,38,39],"killed_by":"Nemesis","ascension_level":2}