{"gold_per_floor":[112,37,50,61,61,86,86,97,144,144,7,27,27,58,58,154,154,170,45,45,45,63,63,89,101,138,150,12,12,22,37,37,136,136,146,146,146,195,20,20,20,30,99,117,117,49,68,95,95,95],"floor_reached":50,"playtime":2250,"items_purged":["Strike_G","Strike_G","Defend_G","Defend_G","Doubt"],"score":573,"play_id":"55b0a877-50b1-40bc-a24d-74e1ee064f9b","local_time":"20181225230056","is_ascension_mode":true,"campfire_choices":[{"data":"Distraction","floor":7.0,"key":"SMITH"},{"data":"Survivor","floor":10.0,"key":"SMITH"},{"data":"Corpse Explosion","floor":13,"key":"SMITH"},{"data":"Burst","floor":15,"key":"SMITH"},{"data":"Prepared","floor":23,"key":"SMITH"},{"floor":25,"key":"REST"},{"data":"Deadly Poison","floor":27,"key":"SMITH"},{"floor":32,"key":"REST"},{"floor":40,"key":"REST"},{"floor":45,"key":"REST"},{"floor":49,"key":"REST"}],"neow_cost":"NONE","seed_source_timestamp":39547078512268,"circlet_count":0,"master_deck":["Defend_G","Defend_G","Strike_G+1","Survivor+1","Neutralize+1","Prepared+1","Distraction+1","Deadly Poison+1","Corpse Explosion+1","Backstab+1","Noxious Fumes","Burst+1","Escape Plan+1","Writhe","Pain","Backstab","Escape Plan+1"],"special_seed":0,"relics":["Ring of the Snake","Letter Opener","Whetstone","Centennial Puzzle","Empty Cage","MawBank","Art of War","Calling Bell","Blood Vial","Shuriken","Girya","Calipers","Meat on the Bone","Ancient Tea Set"],"potions_floor_usage":[31,31,33,44,48],"damage_taken":[{"damage":2.0,"enemies":"Cultist","floor":1.0,"turns":4.0},{"damage":3.0,"enemies":"2 Louse","floor":3.0,"turns":3.0},{"damage":0.0,"enemies":"Jaw Worm","floor":4.0,"turns":5.0},{"damage":10.0,"enemies":"Lagavulin","floor":6.0,"turns":8.0},{"damage":0.0,"enemies":"Looter","floor":8.0,"turns":3.0},{"damage":0.0,"enemies":"Lots of Slimes","floor":12.0,"turns":1.0},{"damage":9,"enemies":"3 Sentries","floor":14,"turns":2},{"damage":25,"enemies":"Hexaghost","floor":16,"turns":7},{"damage":14,"enemies":"Shell Parasite","floor":18,"turns":4},{"damage":1,"enemies":"Chosen","floor":22,"turns":3},{"damage":30,"enemies":"Slavers","floor":24,"turns":2},{"damage":0,"enemies":"Centurion and Healer","floor":30,"turns":2},{"damage":5,"enemies":"Shelled Parasite and Fungi","floor":31,"turns":2},{"damage":20,"enemies":"Champ","floor":33,"turns":10},{"damage":24,"enemies":"3 Shapes","floor":35,"turns":2},{"damage":42,"enemies":"2 Orb Walkers","floor":38,"turns":3},{"damage":11,"enemies":"3 Darklings","floor":42,"turns":2},{"damage":10,"enemies":"Sphere and 2 Shapes","floor":44,"turns":1},{"damage":8,"enemies":"Jaw Worm Horde","floor":47,"turns":1},{"damage":37,"enemies":"Reptomancer","floor":48,"turns":7},{"damage":44,"enemies":"Awakened One","floor":50,"turns":5}],"seed_played":"4100367156256408013","potions_obtained":[{"floor":4.0,"key":"Energy Potion"},{"floor":5.0,"key":"Energy Potion"},{"floor":5.0,"key":"GhostInAJar"},{"floor":6.0,"key":"Regen Potion"},{"floor":12.0,"key":"GamblersBrew"},{"floor":16,"key":"Regen Potion"},{"floor":24,"key":"Energy Potion"},{"floor":33,"key":"SpeedPotion"},{"floor":38,"key":"PowerPotion"},{"floor":47,"key":"Ancient Potion"}],"is_trial":false,"path_per_floor":["M","$","M","M","?","E","R","M","T","R","$","M","R","E","R","B",null,"M","$","?","?","M","R","E","R","T","R","$","?","M","M","R","B",null,"M","?","?","?","$","R","$","M","T","M","R","$","M","E","R","B"],"character_chosen":"THE_SILENT","items_purchased":["Backstab","Backstab"],"campfire_rested":5,"item_purchase_floors":[11,46],"current_hp_per_floor":[68,68,65,65,65,55,55,64,64,64,64,64,64,55,55,30,70,56,56,56,56,55,55,25,46,46,46,46,46,46,50,70,50,70,46,46,46,6,6,25,25,16,16,20,39,39,45,22,41,0],"gold":95,"neow_bonus":"UPGRADE_CARD","is_prod":false,"is_daily":false,"chose_seed":false,"campfire_upgraded":6,"win_rate":0,"timestamp":1545750056,"path_taken":["M","$","?","M","?","E","R","M","T","R","?","?","R","E","R","BOSS","M","$","?","?","?","R","E","R","T","R","$","?","M","M","R","BOSS","M","?","?","?","?","R","$","M","T","M","R","$","M","E","R","BOSS"],"build_version":"2018-12-20","purchased_purges":5,"victory":false,"max_hp_per_floor":[70,70,70,70,70,70,70,70,70,70,70,70,70,70,70,70,70,70,70,70,70,70,70,70,70,70,70,70,70,70,70,70,70,70,70,70,66,66,66,66,66,66,66,66,66,66,66,66,66,66],"card_choices":[{"not_picked":["Bane","Outmaneuver"],"picked":"Prepared","floor":1.0},{"not_picked":["Tools of the Trade","Prepared"],"picked":"Distraction","floor":3.0},{"not_picked":["Deflect","Terror"],"picked":"Deadly Poison","floor":4.0},{"not_picked":["Flechettes","Dagger Throw"],"picked":"Corpse Explosion","floor":6.0},{"not_picked":["PiercingWail","Flechettes","Infinite Blades"],"picked":"SKIP","floor":8.0},{"not_picked":["Dodge and Roll","Deadly Poison"],"picked":"Noxious Fumes","floor":12.0},{"not_picked":["Eviscerate","Dodge and Roll"],"picked":"Burst","floor":14},{"not_picked":["Accuracy","All Out Attack","Reflex"],"picked":"SKIP","floor":18},{"not_picked":["Acrobatics","Backflip+1","Accuracy"],"picked":"SKIP","floor":22},{"not_picked":["Flying Knee","Dagger Spray","Dagger Throw"],"picked":"SKIP","floor":24},{"not_picked":["Underhanded Strike","Bane+1"],"picked":"Escape Plan+1","floor":30},{"not_picked":["Tactician","Phantasmal Killer","Noxious Fumes"],"picked":"SKIP","floor":31},{"not_picked":["Caltrops+1","Cloak And Dagger+1","Backflip+1"],"picked":"SKIP","floor":35},{"not_picked":["Sucker Punch+1","Backflip+1","Eviscerate+1"],"picked":"SKIP","floor":42},{"not_picked":["Storm of Steel","Underhanded Strike","Dash+1"],"picked":"SKIP","floor":44},{"not_picked":["Riddle With Holes","Deadly Poison"],"picked":"Escape Plan+1","floor":47},{"not_picked":["Acrobatics","Cloak And Dagger","Bane"],"picked":"SKIP","floor":48}],"player_experience":364496,"relics_obtained":[{"floor":6.0,"key":"Letter Opener"},{"floor":9.0,"key":"Whetstone"},{"floor":14,"key":"Centennial Puzzle"},{"floor":24,"key":"MawBank"},{"floor":26,"key":"Art of War"},{"floor":34,"key":"Blood Vial"},{"floor":34,"key":"Shuriken"},{"floor":34,"key":"Girya"},{"floor":38,"key":"Calipers"},{"floor":43,"key":"Meat on the Bone"},{"floor":48,"key":"Ancient Tea Set"}],"event_choices":[{"damage_healed":0.0,"max_hp_gain":0.0,"max_hp_loss":0.0,"gold_gain":0.0,"event_name":"Lab","player_choice":"Got Potions","floor":5.0,"gold_loss":0.0,"damage_taken":0.0},{"damage_healed":0,"gold_gain":0,"player_choice":"Upgraded","damage_taken":0,"max_hp_gain":0,"max_hp_loss":0,"event_name":"Upgrade Shrine","floor":21,"gold_loss":0,"cards_upgraded":["Backstab"]},{"damage_healed":0,"gold_gain":0,"player_choice":"Ignored","damage_taken":0,"max_hp_gain":0,"max_hp_loss":0,"event_name":"Vampires","floor":29,"gold_loss":0},{"cards_removed":["Strike_G"],"damage_healed":0,"gold_gain":0,"player_choice":"Removed Attack","damage_taken":0,"max_hp_gain":0,"max_hp_loss":0,"event_name":"Falling","floor":36,"gold_loss":0},{"damage_healed":0,"gold_gain":0,"player_choice":"Max HP","damage_taken":0,"max_hp_gain":0,"max_hp_loss":4,"event_name":"Winding Halls","floor":37,"gold_loss":0},{"damage_healed":0,"gold_gain":0,"player_choice":"Fight","damage_taken":0,"max_hp_gain":0,"max_hp_loss":0,"event_name":"Mysterious Sphere","floor":38,"gold_loss":0}],"is_beta":false,"boss_relics":[{"not_picked":["Astrolabe","Black Star"],"picked":"Empty Cage"},{"not_picked":["Runic Pyramid","WristBlade"],"picked":"Calling Bell"}],"items_purged_floors":[2,11,19,28,39],"is_endless":false,"potions_floor_spawned":[4,6,12,16,22,24,33,38,47],"killed_by":"Awakened One","ascension_level":2}