{"gold_per_floor":[111,186,186,197,122,122,132,148,175,175,193,221,221,244,244,244],"floor_reached":16,"playtime":790,"items_purged":["Defend_G"],"score":112,"play_id":"1479fbab-238f-4711-b91b-2338f66898a1","local_time":"20190129003017","is_ascension_mode":true,"campfire_choices":[{"data":"Neutralize","floor":6,"key":"SMITH"},{"data":"Blade Dance","floor":10,"key":"SMITH"},{"floor":15,"key":"REST"}],"neow_cost":"NONE","seed_source_timestamp":6476635115763,"circlet_count":0,"master_deck":["Defend_G","Defend_G+1","Defend_G","Defend_G+1","Strike_G","Strike_G+1","Strike_G","Strike_G","Survivor","Neutralize+1","Flying Knee+1","Blade Dance+1","Cloak And Dagger","Injury","Quick Slash"],"relics":["Ring of the Snake","PreservedInsect","Whetstone","Golden Idol"],"potions_floor_usage":[12],"damage_taken":[{"damage":1,"enemies":"Small Slimes","floor":1,"turns":5},{"damage":4,"enemies":"Jaw Worm","floor":4,"turns":5},{"damage":0,"enemies":"2 Louse","floor":7,"turns":4},{"damage":1,"enemies":"Exordium Wildlife","floor":8,"turns":5},{"damage":0,"enemies":"Large Slime","floor":11,"turns":5},{"damage":4,"enemies":"Gremlin Nob","floor":12,"turns":3},{"damage":11,"enemies":"3 Louse","floor":14,"turns":5},{"damage":48,"enemies":"The Guardian","floor":16,"turns":14}],"seed_played":"-8636236266953974929","potions_obtained":[{"floor":4,"key":"Block Potion"}],"is_trial":false,"path_per_floor":["M","?","?","M","$","R","M","M","T","R","M","E","?","M","R","B"],"character_chosen":"THE_SILENT","items_purchased":[],"campfire_rested":1,"item_purchase_floors":[],"current_hp_per_floor":[69,58,44,40,40,40,40,39,39,39,39,35,35,24,45,0],"gold":244,"neow_bonus":"REMOVE_CARD","is_prod":false,"is_daily":false,"chose_seed":false,"campfire_upgraded":2,"win_rate":0,"timestamp":1548693017,"path_taken":["M","?","?","M","$","R","M","M","T","R","M","E","?","M","R","BOSS"],"build_version":"2019-01-23","purchased_purges":1,"victory":false,"max_hp_per_floor":[70,70,70,70,70,70,70,70,70,70,70,70,70,70,70,70],"card_choices":[{"not_picked":["Bane","Underhanded Strike","Expertise"],"picked":"SKIP","floor":1},{"not_picked":["Masterful Stab","Eviscerate","All Out Attack"],"picked":"SKIP","floor":4},{"not_picked":["Catalyst","Deadly Poison"],"picked":"Flying Knee","floor":7},{"not_picked":["Flying Knee","Concentrate"],"picked":"Blade Dance","floor":8},{"not_picked":["Blade Dance","All Out Attack"],"picked":"Cloak And Dagger","floor":11},{"not_picked":["A Thousand Cuts","Masterful Stab","PiercingWail"],"picked":"SKIP","floor":12},{"not_picked":["Underhanded Strike","Blade Dance"],"picked":"Quick Slash","floor":14}],"player_experience":387428,"relics_obtained":[{"floor":9,"key":"PreservedInsect"},{"floor":12,"key":"Whetstone"}],"event_choices":[{"damage_healed":0,"gold_gain":75,"player_choice":"Gather Gold","damage_taken":11,"max_hp_gain":0,"max_hp_loss":0,"event_name":"World of Goop","floor":2,"gold_loss":0},{"damage_healed":0,"gold_gain":0,"player_choice":"Entered Light","damage_taken":14,"max_hp_gain":0,"max_hp_loss":0,"event_name":"Shining Light","floor":3,"gold_loss":0,"cards_upgraded":["Defend_G","Defend_G"]},{"damage_healed":0,"gold_gain":0,"player_choice":"Take Wound","damage_taken":0,"relics_obtained":["Golden Idol"],"max_hp_gain":0,"max_hp_loss":0,"event_name":"Golden Idol","floor":13,"gold_loss":0,"cards_obtained":["Injury"]}],"is_beta":false,"boss_relics":[],"items_purged_floors":[5],"is_endless":false,"potions_floor_spawned":[4],"killed_by":"The Guardian","ascension_level":2}