{"gold_per_floor":[212,287,287,112,126,126,159,6,6,26,45,98,26,42,42,142,142,157,128,139,139,139,139,139,139,139,139,154,69,84,104,104,104],"floor_reached":33,"playtime":2524,"items_purged":["Strike_R","Strike_R"],"score":247,"play_id":"defd6276-75b1-4d20-a285-eb6240163d45","local_time":"20180929210334","is_ascension_mode":false,"campfire_choices":[{"data":"Spot Weakness","floor":6,"key":"SMITH"},{"data":"Heavy Blade","floor":15,"key":"SMITH"},{"floor":23,"key":"REST"},{"data":"Body Slam","floor":25,"key":"SMITH"},{"data":"Spot Weakness","floor":27,"key":"SMITH"},{"data":"Twin Strike","floor":32,"key":"SMITH"}],"neow_cost":"NONE","seed_source_timestamp":2971220265654,"circlet_count":0,"master_deck":["Strike_R","Strike_R","Strike_R","Defend_R","Defend_R","Defend_R","Defend_R","Bash","Pommel Strike","Shrug It Off","Headbutt","Spot Weakness+1","Spot Weakness+1","Body Slam+1","Ghostly Armor","Heavy Blade+1","Metallicize","Thunderclap","Iron Wave","Iron Wave","Infernal Blade+1","Dropkick+1","Berserk+1","Thunderclap+1","Twin Strike+1"],"relics":["Burning Blood","Mummified Hand","Meat on the Bone","Ancient Tea Set","Orrery","MutagenicStrength","Frozen Egg 2","Nunchaku"],"potions_floor_usage":[16,18,30],"damage_taken":[{"damage":2,"enemies":"Small Slimes","floor":1,"turns":5},{"damage":6,"enemies":"Jaw Worm","floor":5,"turns":4},{"damage":19,"enemies":"3 Sentries","floor":7,"turns":9},{"damage":6,"enemies":"2 Louse","floor":10,"turns":2},{"damage":3,"enemies":"Red Slaver","floor":11,"turns":2},{"damage":0,"enemies":"Exordium Wildlife","floor":14,"turns":3},{"damage":19,"enemies":"Slime Boss","floor":16,"turns":10},{"damage":14,"enemies":"Shell Parasite","floor":18,"turns":6},{"damage":18,"enemies":"2 Thieves","floor":19,"turns":5},{"damage":40,"enemies":"Snake Plant","floor":20,"turns":5},{"damage":7,"enemies":"Cultist and Chosen","floor":28,"turns":5},{"damage":7,"enemies":"Shelled Parasite and Fungi","floor":30,"turns":4},{"damage":17,"enemies":"Snake Plant","floor":31,"turns":3},{"damage":57,"enemies":"Champ","floor":33,"turns":8}],"seed_played":"-3650909194170143352","potions_obtained":[{"floor":5,"key":"PowerPotion"},{"floor":11,"key":"LiquidBronze"},{"floor":14,"key":"SkillPotion"},{"floor":16,"key":"Energy Potion"},{"floor":18,"key":"SpeedPotion"},{"floor":19,"key":"Swift Potion"},{"floor":20,"key":"Strength Potion"}],"is_trial":false,"path_per_floor":["M","?","?","$","M","R","E","$","T","M","M","T","$","M","R","B",null,"M","M","M","?","?","R","?","R","T","R","M","?","M","M","R"],"character_chosen":"IRONCLAD","items_purchased":["Shrug It Off","Headbutt","Body Slam","Metallicize"],"campfire_rested":1,"item_purchase_floors":[4,4,8,13],"current_hp_per_floor":[80,69,69,69,69,69,56,56,56,56,59,59,59,65,65,52,80,72,60,38,38,38,62,62,62,62,62,61,61,60,49,49,0],"gold":104,"neow_bonus":"HUNDRED_GOLD","is_prod":false,"is_daily":false,"chose_seed":false,"campfire_upgraded":5,"win_rate":0.0,"timestamp":1538247814,"path_taken":["M","?","?","$","?","R","E","?","T","M","M","?","$","M","R","BOSS","M","M","M","?","?","R","?","R","T","R","?","?","M","M","R","BOSS"],"build_version":"2018-09-27","purchased_purges":2,"victory":false,"max_hp_per_floor":[80,80,80,80,80,80,80,80,80,80,80,80,80,80,80,80,80,80,80,80,80,80,80,80,80,80,80,80,80,80,80,80,80],"card_choices":[{"not_picked":["Heavy Blade","Warcry"],"picked":"Pommel Strike","floor":1},{"not_picked":["Disarm","Power Through"],"picked":"Spot Weakness","floor":5},{"not_picked":["Rampage","Metallicize"],"picked":"Spot Weakness","floor":7},{"not_picked":["Armaments","Shockwave"],"picked":"Ghostly Armor","floor":10},{"not_picked":["Thunderclap","Second Wind"],"picked":"Heavy Blade","floor":11},{"not_picked":["Clash","Burning Pact"],"picked":"Thunderclap","floor":14},{"not_picked":["Heavy Blade","Brutality"],"picked":"Iron Wave","floor":17},{"not_picked":["Pommel Strike","Sword Boomerang"],"picked":"Iron Wave","floor":17},{"not_picked":["Pommel Strike","Rupture+1","Armaments"],"picked":"SKIP","floor":18},{"not_picked":["Warcry","Perfected Strike"],"picked":"Infernal Blade+1","floor":19},{"not_picked":["Pommel Strike+1","Metallicize+1"],"picked":"Dropkick+1","floor":20},{"not_picked":["Sword Boomerang","Clash"],"picked":"Berserk+1","floor":28},{"not_picked":["Seeing Red","Clash+1"],"picked":"Thunderclap+1","floor":30},{"not_picked":["Anger","Clothesline"],"picked":"Twin Strike","floor":31}],"player_experience":72184,"relics_obtained":[{"floor":7,"key":"Mummified Hand"},{"floor":9,"key":"Meat on the Bone"},{"floor":12,"key":"Ancient Tea Set"},{"floor":26,"key":"Frozen Egg 2"}],"event_choices":[{"event_name":"World of Goop","player_choice":"Gather Gold","floor":2,"damage_taken":0},{"event_name":"Golden Idol","player_choice":"Ignored","floor":3,"damage_taken":0},{"event_name":"Vampires","player_choice":"Ignored","floor":21,"damage_taken":0},{"event_name":"The Mausoleum","player_choice":"No","floor":22,"damage_taken":0},{"event_name":"Drug Dealer","player_choice":"Inject Mutagens","floor":24,"damage_taken":0},{"event_name":"Addict","player_choice":"Obtained Relic","floor":29,"damage_taken":0}],"is_beta":false,"boss_relics":[{"not_picked":["Eternal Feather","Pandora\u0027s Box"],"picked":"Orrery"}],"items_purged_floors":[4,8],"is_endless":false,"potions_floor_spawned":[5,11,14,16,18,19,20],"killed_by":"Champ","ascension_level":0}