{"gold_per_floor":[142,158,158,174,139,164,164,196,220,236,249,284,299,299,299,376,376,347,358,39,55,82,82,115,129,181,211,211,224,251,89,89,89],"floor_reached":33,"playtime":1849,"items_purged":[],"score":621,"play_id":"0b10e684-245b-48be-b165-3a6b78fa6925","local_time":"20190328205513","is_ascension_mode":true,"campfire_choices":[{"data":"Chaos","floor":7,"key":"SMITH"},{"floor":15,"key":"REST"},{"floor":23,"key":"REST"},{"floor":32,"key":"REST"}],"neow_cost":"NONE","seed_source_timestamp":95733934788953,"circlet_count":0,"master_deck":["AscendersBane","Strike_B","Strike_B","Strike_B","Strike_B","Defend_B","Defend_B","Defend_B","Defend_B","Zap","Dualcast","Chaos+1","Sunder+1","Beam Cell","Conserve Battery","Seek","Coolheaded","Conserve Battery","Glacier","Buffer","Tempest","Chill+1","Undo","Consume+1","Double Energy"],"relics":["Cracked Core","Tiny Chest","Vajra","Oddly Smooth Stone","Ancient Tea Set","Shuriken","White Beast Statue","Chemical X","DataDisk","Bag of Preparation","Omamori","Pen Nib","Du-Vu Doll","Juzu Bracelet"],"potions_floor_usage":[4,12,12,16,18,24,24,27,27,33],"damage_taken":[{"damage":3,"enemies":"2 Louse","floor":1,"turns":3},{"damage":6,"enemies":"Cultist","floor":2,"turns":3},{"damage":2,"enemies":"Small Slimes","floor":4,"turns":2},{"damage":20,"enemies":"Lagavulin","floor":6,"turns":5},{"damage":15,"enemies":"3 Sentries","floor":8,"turns":6},{"damage":0,"enemies":"Exordium Thugs","floor":10,"turns":3},{"damage":8,"enemies":"Blue Slaver","floor":11,"turns":4},{"damage":15,"enemies":"Lagavulin","floor":12,"turns":9},{"damage":0,"enemies":"Lots of Slimes","floor":13,"turns":3},{"damage":14,"enemies":"Slime Boss","floor":16,"turns":10},{"damage":5,"enemies":"2 Thieves","floor":18,"turns":4},{"damage":3,"enemies":"Chosen","floor":19,"turns":5},{"damage":7,"enemies":"Snecko","floor":21,"turns":5},{"damage":21,"enemies":"Book of Stabbing","floor":24,"turns":5},{"damage":17,"enemies":"3 Cultists","floor":25,"turns":6},{"damage":39,"enemies":"Gremlin Leader","floor":27,"turns":8},{"damage":18,"enemies":"Sentry and Sphere","floor":29,"turns":14},{"damage":30,"enemies":"Book of Stabbing","floor":30,"turns":4},{"damage":65,"enemies":"Collector","floor":33,"turns":13}],"seed_played":"-203100359914407899","potions_obtained":[{"floor":1,"key":"Explosive Potion"},{"floor":2,"key":"EssenceOfSteel"},{"floor":4,"key":"LiquidBronze"},{"floor":12,"key":"Dexterity Potion"},{"floor":14,"key":"Poison Potion"},{"floor":16,"key":"Block Potion"},{"floor":18,"key":"FearPotion"},{"floor":19,"key":"FocusPotion"},{"floor":24,"key":"Regen Potion"},{"floor":25,"key":"SpeedPotion"},{"floor":27,"key":"SpeedPotion"},{"floor":29,"key":"SmokeBomb"},{"floor":30,"key":"Weak Potion"}],"is_trial":false,"path_per_floor":["M","M","?","M","?","E","R","E","T","M","M","E","M","?","R","B",null,"M","M","$","M","T","R","E","M","T","E","?","M","E","$","R","B"],"character_chosen":"DEFECT","items_purchased":["Chemical X","Tempest","Juzu Bracelet"],"campfire_rested":3,"item_purchase_floors":[20,20,31],"current_hp_per_floor":[61,55,55,53,70,50,50,35,35,35,27,12,12,12,33,19,58,53,50,50,43,43,64,43,26,26,2,71,53,23,23,44,0],"gold":89,"neow_bonus":"RANDOM_COMMON_RELIC","is_prod":false,"is_daily":false,"chose_seed":false,"campfire_upgraded":1,"win_rate":0,"timestamp":1553824513,"path_taken":["M","M","?","?","?","E","R","E","T","M","M","E","M","?","R","BOSS","M","M","$","M","?","R","E","M","T","E","?","?","E","$","R","BOSS"],"build_version":"2019-01-23","purchased_purges":0,"victory":false,"max_hp_per_floor":[71,71,71,71,71,71,71,71,71,71,71,71,71,71,71,71,71,71,71,71,71,71,71,71,71,71,71,71,71,71,71,71,71],"card_choices":[{"not_picked":["Recycle","Hologram"],"picked":"Chaos","floor":1},{"not_picked":["Compile Driver","Gash"],"picked":"Sunder","floor":2},{"not_picked":["Turbo","Leap"],"picked":"Beam Cell","floor":4},{"not_picked":["Doom and Gloom","Loop"],"picked":"Conserve Battery","floor":6},{"not_picked":["Glacier","Hologram"],"picked":"Seek","floor":8},{"not_picked":["Sweeping Beam","Steam"],"picked":"Coolheaded","floor":10},{"not_picked":["Force Field","Redo"],"picked":"Conserve Battery","floor":11},{"not_picked":["Doom and Gloom","Blizzard","Rip and Tear"],"picked":"SKIP","floor":12},{"not_picked":["Leap","Beam Cell"],"picked":"Glacier","floor":13},{"not_picked":["All For One","Machine Learning"],"picked":"Buffer","floor":16},{"not_picked":["Barrage","Hologram","Coolheaded"],"picked":"SKIP","floor":18},{"not_picked":["Turbo","Compile Driver"],"picked":"Darkness+1","floor":19},{"not_picked":["Capacitor","Compile Driver+1"],"picked":"Chill+1","floor":21},{"not_picked":["Lockon+1","Cold Snap+1"],"picked":"Undo","floor":24},{"not_picked":["Reprogram","Cold Snap","Conserve Battery"],"picked":"SKIP","floor":25},{"not_picked":["Chaos","Gash","Rebound"],"picked":"SKIP","floor":27},{"not_picked":["Steam","Go for the Eyes"],"picked":"Consume+1","floor":29},{"not_picked":["Gash","Streamline+1"],"picked":"Double Energy","floor":30}],"player_experience":1179378,"relics_obtained":[{"floor":6,"key":"Vajra"},{"floor":8,"key":"Oddly Smooth Stone"},{"floor":9,"key":"Ancient Tea Set"},{"floor":12,"key":"Shuriken"},{"floor":22,"key":"DataDisk"},{"floor":24,"key":"Bag of Preparation"},{"floor":26,"key":"Omamori"},{"floor":27,"key":"Pen Nib"},{"floor":30,"key":"Du-Vu Doll"}],"event_choices":[{"damage_healed":0,"gold_gain":0,"player_choice":"Upgraded","damage_taken":0,"max_hp_gain":0,"max_hp_loss":0,"event_name":"Upgrade Shrine","floor":3,"gold_loss":0,"cards_upgraded":["Sunder"]},{"damage_healed":17,"gold_gain":0,"player_choice":"Healed","damage_taken":0,"max_hp_gain":0,"max_hp_loss":0,"event_name":"The Cleric","floor":5,"gold_loss":35},{"damage_healed":0,"gold_gain":0,"player_choice":"Got Potions","damage_taken":0,"max_hp_gain":0,"max_hp_loss":0,"event_name":"Lab","floor":14,"gold_loss":0},{"cards_removed":["Darkness"],"damage_healed":69,"gold_gain":0,"player_choice":"Offered Uncommon","damage_taken":0,"max_hp_gain":0,"max_hp_loss":0,"event_name":"Bonfire Elementals","floor":28,"gold_loss":0}],"is_beta":false,"boss_relics":[{"not_picked":["Velvet Choker","Runic Dome"],"picked":"White Beast Statue"}],"items_purged_floors":[],"is_endless":false,"potions_floor_spawned":[1,2,4,10,12,16,18,19,21,24,25,27,29,30],"killed_by":"Collector","ascension_level":18}