{"gold_per_floor":[369,387,18,31,31,49,84,84,84,95,115,128,147,166,166,238,238,258,258,277,277],"floor_reached":21,"playtime":1101,"items_purged":["Strike_B"],"score":374,"play_id":"98b88c13-09a3-4ca9-88b7-1ce0960b8295","local_time":"20190506102757","is_ascension_mode":true,"campfire_choices":[{"data":"Zap","floor":8,"key":"SMITH"},{"data":"Hologram","floor":15,"key":"SMITH"}],"neow_cost":"TEN_PERCENT_HP_LOSS","seed_source_timestamp":1023630545800,"circlet_count":0,"master_deck":["AscendersBane","Defend_B","Defend_B","Defend_B","Defend_B","Zap+1","Dualcast","Leap","Rebound","Coolheaded","Gash","Ball Lightning","Coolheaded","All For One","Gash","Hologram+1","Stack","Gash","Cold Snap","Seek","Steam"],"relics":["Cracked Core","Blood Vial","Kunai","Pear","Empty Cage"],"potions_floor_usage":[7,7,11,18,19,19],"damage_taken":[{"damage":3,"enemies":"Small Slimes","floor":1,"turns":3},{"damage":0,"enemies":"Cultist","floor":2,"turns":3},{"damage":2,"enemies":"Jaw Worm","floor":4,"turns":4},{"damage":4,"enemies":"Looter","floor":6,"turns":3},{"damage":23,"enemies":"Gremlin Nob","floor":7,"turns":4},{"damage":20,"enemies":"Gremlin Gang","floor":10,"turns":4},{"damage":0,"enemies":"Exordium Wildlife","floor":11,"turns":4},{"damage":1,"enemies":"3 Louse","floor":12,"turns":3},{"damage":0,"enemies":"Red Slaver","floor":13,"turns":4},{"damage":15,"enemies":"Exordium Wildlife","floor":14,"turns":3},{"damage":11,"enemies":"Hexaghost","floor":16,"turns":8},{"damage":28,"enemies":"Shell Parasite","floor":18,"turns":5},{"damage":13,"enemies":"Colosseum Slavers","floor":19,"turns":4},{"damage":26,"enemies":"2 Thieves","floor":20,"turns":4},{"damage":23,"enemies":"Snecko","floor":21,"turns":5}],"seed_played":"-4460195872125319168","potions_obtained":[{"floor":6,"key":"Block Potion"},{"floor":10,"key":"Poison Potion"},{"floor":11,"key":"Regen Potion"},{"floor":13,"key":"Energy Potion"},{"floor":16,"key":"Fire Potion"},{"floor":18,"key":"Strength Potion"},{"floor":20,"key":"FearPotion"}],"is_trial":false,"path_per_floor":["M","M","$","M","?","M","E","R","T","M","M","M","M","M","R","B",null,"M","?","M","M"],"character_chosen":"DEFECT","items_purchased":["Coolheaded","Gash","SteroidPotion","Blood Vial"],"campfire_rested":0,"item_purchase_floors":[3,3,3,3],"current_hp_per_floor":[61,61,61,61,61,59,38,38,48,30,32,33,35,22,22,13,59,47,36,12,0],"gold":277,"neow_bonus":"TWO_FIFTY_GOLD","is_prod":false,"is_daily":false,"chose_seed":false,"campfire_upgraded":2,"win_rate":0,"timestamp":1557106077,"path_taken":["M","M","$","M","?","M","E","R","T","?","M","M","M","M","R","BOSS","M","?","M","M"],"build_version":"2019-01-23","purchased_purges":1,"victory":false,"max_hp_per_floor":[64,64,64,64,64,64,64,64,74,74,74,74,74,74,74,74,74,74,74,74,74],"card_choices":[{"not_picked":["Chaos","Force Field"],"picked":"Leap","floor":1},{"not_picked":["Reprogram","Force Field"],"picked":"Rebound","floor":2},{"not_picked":["Go for the Eyes","Melter"],"picked":"Ball Lightning","floor":4},{"not_picked":["Turbo","Leap"],"picked":"Coolheaded","floor":6},{"not_picked":["Stack","Streamline"],"picked":"All For One","floor":7},{"not_picked":["Steam","Stack"],"picked":"Gash","floor":10},{"not_picked":["Beam Cell","Compile Driver"],"picked":"Hologram","floor":11},{"not_picked":["Melter","Hologram"],"picked":"Stack","floor":12},{"not_picked":["Double Energy","Amplify"],"picked":"Gash","floor":13},{"not_picked":["White Noise","Gash"],"picked":"Cold Snap","floor":14},{"not_picked":["Hyperbeam","Reboot"],"picked":"Seek","floor":16},{"not_picked":["Ball Lightning","Rebound"],"picked":"Steam","floor":18},{"not_picked":["Redo","Streamline","Sunder"],"picked":"SKIP","floor":20}],"player_experience":1241476,"relics_obtained":[{"floor":7,"key":"Kunai"},{"floor":9,"key":"Pear"}],"event_choices":[{"cards_removed":["Strike_B"],"damage_healed":0,"gold_gain":0,"player_choice":"Purged","damage_taken":0,"max_hp_gain":0,"max_hp_loss":0,"event_name":"Purifier","floor":5,"gold_loss":0},{"damage_healed":0,"gold_gain":0,"player_choice":"Fight","damage_taken":0,"max_hp_gain":0,"max_hp_loss":0,"event_name":"Colosseum","floor":19,"gold_loss":0},{"damage_healed":0,"gold_gain":0,"player_choice":"Fled From Nobs","damage_taken":0,"max_hp_gain":0,"max_hp_loss":0,"event_name":"Colosseum","floor":19,"gold_loss":0}],"is_beta":false,"boss_relics":[{"not_picked":["Lizard Tail","Busted Crown"],"picked":"Empty Cage"}],"items_purged_floors":[3],"is_endless":false,"potions_floor_spawned":[6,10,11,13,16,18,20],"killed_by":"Snecko","ascension_level":20}