{"gold_per_floor":[209,284,296,3,23,23,54,27,27,39,39,39],"floor_reached":12,"playtime":526,"items_purged":["Strike_G"],"score":160,"play_id":"3c2e80cf-65e8-4313-8183-6798bf7c11be","local_time":"20190512182603","is_ascension_mode":true,"campfire_choices":[{"data":"Predator","floor":6,"key":"SMITH"},{"data":"Bouncing Flask","floor":11,"key":"SMITH"}],"neow_cost":"NONE","seed_source_timestamp":548676858031000,"circlet_count":0,"master_deck":["AscendersBane","Defend_G","Defend_G","Defend_G","Defend_G","Defend_G","Strike_G","Strike_G","Strike_G","Strike_G","Survivor","Neutralize","Cloak And Dagger","Predator+1","Backflip","Quick Slash","Flying Knee","Bouncing Flask+1"],"relics":["Ring of the Snake","Happy Flower","The Courier","Molten Egg 2"],"potions_floor_usage":[7,12],"damage_taken":[{"damage":0,"enemies":"2 Louse","floor":1,"turns":2},{"damage":1,"enemies":"Small Slimes","floor":3,"turns":4},{"damage":0,"enemies":"Jaw Worm","floor":5,"turns":5},{"damage":8,"enemies":"3 Sentries","floor":7,"turns":10},{"damage":18,"enemies":"Exordium Thugs","floor":8,"turns":4},{"damage":3,"enemies":"Looter","floor":10,"turns":3},{"damage":33,"enemies":"Gremlin Gang","floor":12,"turns":3}],"seed_played":"-6602571967981227190","potions_obtained":[{"floor":5,"key":"Block Potion"},{"floor":10,"key":"GamblersBrew"}],"is_trial":false,"path_per_floor":["M","?","M","$","M","R","E","M","T","M","R","M"],"character_chosen":"THE_SILENT","items_purchased":["Happy Flower","Backflip"],"campfire_rested":0,"item_purchase_floors":[4,4],"current_hp_per_floor":[59,48,47,47,47,47,39,21,21,18,18,0],"gold":39,"neow_bonus":"HUNDRED_GOLD","is_prod":false,"is_daily":false,"chose_seed":false,"campfire_upgraded":2,"win_rate":0,"timestamp":1557653163,"path_taken":["M","?","M","$","M","R","E","M","T","M","R","M"],"build_version":"2019-01-23","purchased_purges":1,"victory":false,"max_hp_per_floor":[66,66,66,66,66,66,66,66,66,66,66,66],"card_choices":[{"not_picked":["Accuracy","Prepared"],"picked":"Cloak And Dagger","floor":1},{"not_picked":["Catalyst","Sucker Punch"],"picked":"Predator","floor":3},{"not_picked":["Outmaneuver","Blade Dance","Catalyst"],"picked":"SKIP","floor":5},{"not_picked":["Flechettes","Acrobatics"],"picked":"Quick Slash","floor":7},{"not_picked":["Choke","Blade Dance"],"picked":"Flying Knee","floor":8},{"not_picked":["Dodge and Roll","PiercingWail"],"picked":"Bouncing Flask","floor":10}],"player_experience":1358094,"relics_obtained":[{"floor":7,"key":"The Courier"},{"floor":9,"key":"Molten Egg 2"}],"event_choices":[{"damage_healed":0,"gold_gain":75,"player_choice":"Gather Gold","damage_taken":11,"max_hp_gain":0,"max_hp_loss":0,"event_name":"World of Goop","floor":2,"gold_loss":0}],"is_beta":false,"boss_relics":[],"items_purged_floors":[4],"is_endless":false,"potions_floor_spawned":[5,10],"killed_by":"Gremlin Gang","ascension_level":20}