{"gold_per_floor":[112,112,123,142,152,152,162,162,162,162,174,203,203,222,222,295,295,268,268,287,301,316,316,3,0,27,27,27,27,27,327,327,327],"floor_reached":33,"playtime":1776,"items_purged":["Strike_B"],"score":494,"play_id":"e80b7b50-c75f-4d46-85cf-be7c8e1496ef","local_time":"20190419213446","is_ascension_mode":true,"campfire_choices":[{"data":"Zap","floor":6,"key":"SMITH"},{"data":"Sweeping Beam","floor":8,"key":"SMITH"},{"data":"Streamline","floor":10,"key":"SMITH"},{"data":"Fission","floor":15,"key":"SMITH"},{"data":"Fission","floor":23,"key":"SMITH"},{"data":"Hologram","floor":27,"key":"SMITH"},{"floor":30,"key":"REST"},{"data":"Capacitor","floor":32,"key":"SMITH"}],"neow_cost":"NONE","seed_source_timestamp":46679050864586,"circlet_count":0,"master_deck":["AscendersBane","Strike_B","Strike_B","Strike_B","Defend_B","Defend_B","Defend_B","Defend_B","Zap+1","Dualcast","Coolheaded","Streamline+1","Sweeping Beam+1","Leap","Compile Driver","Fission+1","Chill","Gash","Ball Lightning","Double Energy","Machine Learning","Fission+1","Ball Lightning","Conserve Battery","Hologram+1","Loop","Auto Shields","Capacitor+1","FTL"],"relics":["Cracked Core","Prayer Wheel","Mummified Hand","Runic Pyramid","Membership Card","Juzu Bracelet","Old Coin"],"potions_floor_usage":[5,12,12,16,16,16,33],"damage_taken":[{"damage":4,"enemies":"Jaw Worm","floor":1,"turns":4},{"damage":0,"enemies":"Cultist","floor":3,"turns":4},{"damage":3,"enemies":"2 Louse","floor":4,"turns":3},{"damage":0,"enemies":"Large Slime","floor":5,"turns":3},{"damage":2,"enemies":"Blue Slaver","floor":7,"turns":5},{"damage":0,"enemies":"3 Louse","floor":11,"turns":3},{"damage":23,"enemies":"Gremlin Nob","floor":12,"turns":4},{"damage":2,"enemies":"Looter","floor":14,"turns":2},{"damage":16,"enemies":"Hexaghost","floor":16,"turns":9},{"damage":3,"enemies":"2 Thieves","floor":18,"turns":4},{"damage":0,"enemies":"3 Byrds","floor":20,"turns":4},{"damage":22,"enemies":"Snecko","floor":21,"turns":5},{"damage":9,"enemies":"Centurion and Healer","floor":22,"turns":6},{"damage":78,"enemies":"Champ","floor":33,"turns":15}],"seed_played":"6915982874555965796","potions_obtained":[{"floor":0,"key":"FearPotion"},{"floor":0,"key":"Ancient Potion"},{"floor":5,"key":"Swift Potion"},{"floor":12,"key":"Swift Potion"},{"floor":14,"key":"EntropicBrew"}],"is_trial":false,"path_per_floor":["M","?","M","M","M","R","M","R","T","R","M","E","?","M","R","B",null,"M","?","M","M","M","R","$","?","T","R","$","?","R","T","R","B"],"character_chosen":"DEFECT","items_purchased":["Membership Card","Capacitor","FTL"],"campfire_rested":1,"item_purchase_floors":[24,24,24],"current_hp_per_floor":[60,60,60,57,57,57,55,55,55,55,55,32,37,35,35,19,62,59,59,59,37,28,28,28,28,28,28,28,28,50,50,50,0],"gold":327,"neow_bonus":"THREE_SMALL_POTIONS","is_prod":false,"is_daily":false,"chose_seed":false,"campfire_upgraded":7,"win_rate":0,"timestamp":1555677286,"path_taken":["M","?","M","M","M","R","M","R","T","R","?","E","?","M","R","BOSS","M","?","M","M","M","R","$","?","T","R","$","?","R","?","R","BOSS"],"build_version":"2019-01-23","purchased_purges":1,"victory":false,"max_hp_per_floor":[71,71,71,71,71,71,71,71,71,71,71,71,76,76,76,76,76,76,76,76,76,76,76,76,76,76,76,76,76,76,76,76,76],"card_choices":[{"not_picked":["BootSequence","Steam"],"picked":"Coolheaded","floor":1},{"not_picked":["Turbo","Skim"],"picked":"Streamline","floor":3},{"not_picked":["Cold Snap","Buffer"],"picked":"Sweeping Beam","floor":4},{"not_picked":["Streamline","Static Discharge"],"picked":"Leap","floor":5},{"not_picked":["Steam Power","Capacitor"],"picked":"Compile Driver","floor":7},{"not_picked":["Streamline","Redo"],"picked":"Fission","floor":11},{"not_picked":["Coolheaded","Reprogram"],"picked":"Chill","floor":11},{"not_picked":["Blizzard","Amplify"],"picked":"Gash","floor":12},{"not_picked":["Undo","Gash"],"picked":"Ball Lightning","floor":14},{"not_picked":["Doom and Gloom","Stack"],"picked":"Double Energy","floor":14},{"not_picked":["Hyperbeam","Buffer"],"picked":"Machine Learning","floor":16},{"not_picked":["Turbo+1","Conserve Battery"],"picked":"Fission","floor":18},{"not_picked":["Turbo","Chaos"],"picked":"Ball Lightning","floor":18},{"not_picked":["Hello World","Ball Lightning"],"picked":"Hologram","floor":20},{"not_picked":["Redo","Sweeping Beam","Beam Cell"],"picked":"SKIP","floor":20},{"not_picked":["Stack","Sweeping Beam+1"],"picked":"Loop","floor":21},{"not_picked":["Scrape","Rebound"],"picked":"Auto Shields","floor":21},{"not_picked":["Beam Cell","Streamline","Conserve Battery"],"picked":"SKIP","floor":22},{"not_picked":["Turbo","Redo","Beam Cell"],"picked":"SKIP","floor":22}],"player_experience":997495,"relics_obtained":[{"floor":9,"key":"Prayer Wheel"},{"floor":12,"key":"Mummified Hand"},{"floor":26,"key":"Juzu Bracelet"},{"floor":31,"key":"Old Coin"}],"event_choices":[{"damage_healed":0,"gold_gain":0,"player_choice":"0 cards matched","damage_taken":0,"max_hp_gain":0,"max_hp_loss":0,"event_name":"Match and Keep!","floor":2,"gold_loss":0,"cards_obtained":[]},{"damage_healed":0,"gold_gain":0,"player_choice":"Donut","damage_taken":0,"max_hp_gain":5,"max_hp_loss":0,"event_name":"Big Fish","floor":13,"gold_loss":0},{"damage_healed":0,"gold_gain":0,"player_choice":"Read","damage_taken":0,"max_hp_gain":0,"max_hp_loss":0,"event_name":"The Library","floor":19,"gold_loss":0,"cards_obtained":["Conserve Battery"]},{"damage_healed":0,"gold_gain":0,"player_choice":"Paid Fearfully","damage_taken":0,"max_hp_gain":0,"max_hp_loss":0,"event_name":"Masked Bandits","floor":25,"gold_loss":3},{"damage_healed":0,"gold_gain":0,"player_choice":"Ignored","damage_taken":0,"max_hp_gain":0,"max_hp_loss":0,"event_name":"Beggar","floor":29,"gold_loss":0}],"is_beta":false,"boss_relics":[{"not_picked":["FrozenCore","Calling Bell"],"picked":"Runic Pyramid"}],"items_purged_floors":[24],"is_endless":false,"potions_floor_spawned":[1,3,5,12,14],"killed_by":"Champ","ascension_level":20}