{"gold_per_floor":[111,121,121,131,144,144,159,32,59,79,107,107,107,125,125,228,228,239,239,239,239,253,253,287,287,287,287,317,317],"floor_reached":29,"playtime":1497,"items_purged":["Strike_B"],"score":265,"play_id":"8477403b-7bc8-4639-8431-4706107f4e88","local_time":"20190407125528","is_ascension_mode":false,"campfire_choices":[{"data":"Zap","floor":6,"key":"SMITH"},{"floor":13,"key":"REST"},{"data":"Hologram","floor":15,"key":"SMITH"},{"data":"RitualDagger","floor":23,"key":"SMITH"},{"floor":27,"key":"REST"}],"neow_cost":"NONE","seed_source_timestamp":241143559684,"circlet_count":0,"master_deck":["Strike_B","Strike_B","Defend_B","Defend_B+1","Defend_B","Defend_B","Zap+1","Dualcast","Cold Snap","Gash","Zap","Go for the Eyes","Gash","Hologram","Hologram+1","Thunder Strike","Go for the Eyes+1","Hologram+1","RitualDagger+1","Rebound+1","Echo Form","Recycle"],"relics":["Cracked Core","Blood Vial","PreservedInsect","Nuclear Battery","Bag of Preparation","Sundial","War Paint"],"potions_floor_usage":[16,16,16,24,25,25],"damage_taken":[{"damage":10,"enemies":"Small Slimes","floor":1,"turns":3},{"damage":0,"enemies":"Cultist","floor":2,"turns":2},{"damage":4,"enemies":"2 Louse","floor":4,"turns":2},{"damage":10,"enemies":"Blue Slaver","floor":5,"turns":3},{"damage":8,"enemies":"3 Louse","floor":7,"turns":2},{"damage":0,"enemies":"Large Slime","floor":10,"turns":5},{"damage":35,"enemies":"3 Sentries","floor":11,"turns":8},{"damage":4,"enemies":"Blue Slaver","floor":14,"turns":3},{"damage":3,"enemies":"Slime Boss","floor":16,"turns":8},{"damage":5,"enemies":"Chosen","floor":18,"turns":4},{"damage":12,"enemies":"Shell Parasite","floor":22,"turns":5},{"damage":52,"enemies":"Slavers","floor":24,"turns":5},{"damage":0,"enemies":"Cultist and Chosen","floor":25,"turns":3},{"damage":17,"enemies":"Book of Stabbing","floor":28,"turns":4},{"damage":15,"enemies":"Chosen and Byrds","floor":29,"turns":6}],"seed_played":"6719345374246937162","potions_obtained":[{"floor":2,"key":"FocusPotion"},{"floor":4,"key":"AttackPotion"},{"floor":10,"key":"SteroidPotion"},{"floor":11,"key":"EssenceOfSteel"},{"floor":16,"key":"FearPotion"},{"floor":18,"key":"Weak Potion"},{"floor":24,"key":"SmokeBomb"}],"is_trial":false,"path_per_floor":["M","M","?","M","M","R","M","$","T","M","E","?","R","M","R","B",null,"M","?","?","?","M","R","E","M","T","R","E","M"],"character_chosen":"DEFECT","items_purchased":["Gash"],"campfire_rested":2,"item_purchase_floors":[8],"current_hp_per_floor":[65,65,65,61,51,51,43,43,43,43,8,5,27,25,25,24,75,70,70,64,64,54,54,4,6,6,28,13,0],"gold":317,"neow_bonus":"REMOVE_CARD","is_prod":false,"is_daily":false,"chose_seed":false,"campfire_upgraded":3,"win_rate":0,"timestamp":1554612928,"path_taken":["M","M","?","?","?","R","M","$","T","M","E","?","R","M","R","BOSS","M","?","?","?","M","R","E","M","T","R","E","M"],"build_version":"2019-01-23","purchased_purges":1,"victory":false,"max_hp_per_floor":[75,75,75,75,75,75,75,75,75,75,75,75,75,75,75,75,75,75,75,75,75,75,75,75,75,75,75,75,75],"card_choices":[{"not_picked":["Redo","Leap"],"picked":"Cold Snap","floor":1},{"not_picked":["Beam Cell","Recycle"],"picked":"Gash","floor":2},{"not_picked":["Aggregate","Capacitor","Compile Driver"],"picked":"SKIP","floor":4},{"not_picked":["Conserve Battery","White Noise","Rainbow"],"picked":"SKIP","floor":5},{"not_picked":["Cold Snap","Barrage"],"picked":"Go for the Eyes","floor":7},{"not_picked":["Barrage","Coolheaded","Go for the Eyes"],"picked":"SKIP","floor":10},{"not_picked":["Compile Driver","Chill"],"picked":"Hologram","floor":11},{"not_picked":["Glacier","Sweeping Beam"],"picked":"Hologram","floor":14},{"not_picked":["Buffer","Hyperbeam"],"picked":"Thunder Strike","floor":16},{"not_picked":["Rebound","Scrape"],"picked":"Go for the Eyes+1","floor":18},{"not_picked":["Stack+1","Leap"],"picked":"Rebound+1","floor":22},{"not_picked":["Leap","Barrage+1"],"picked":"Echo Form","floor":24},{"not_picked":["Turbo+1","Cold Snap"],"picked":"Recycle","floor":28}],"player_experience":423202,"relics_obtained":[{"floor":11,"key":"Blood Vial"},{"floor":24,"key":"Bag of Preparation"},{"floor":26,"key":"Sundial"},{"floor":28,"key":"War Paint"}],"event_choices":[{"damage_healed":0,"gold_gain":0,"player_choice":"1 cards matched","damage_taken":0,"max_hp_gain":0,"max_hp_loss":0,"event_name":"Match and Keep!","floor":3,"gold_loss":0,"cards_obtained":["Zap"]},{"damage_healed":0,"gold_gain":0,"player_choice":"Success","damage_taken":3,"relics_obtained":["PreservedInsect"],"max_hp_gain":0,"max_hp_loss":0,"event_name":"Scrap Ooze","floor":12,"gold_loss":0},{"damage_healed":0,"gold_gain":0,"player_choice":"Read","damage_taken":0,"max_hp_gain":0,"max_hp_loss":0,"event_name":"The Library","floor":19,"gold_loss":0,"cards_obtained":["Hologram"]},{"damage_healed":0,"gold_gain":0,"player_choice":"Joined the Cult","damage_taken":6,"max_hp_gain":0,"max_hp_loss":0,"event_name":"Nest","floor":20,"gold_loss":0,"cards_obtained":["RitualDagger"]},{"damage_healed":0,"gold_gain":0,"player_choice":"Ignored","damage_taken":0,"max_hp_gain":0,"max_hp_loss":0,"event_name":"Vampires","floor":21,"gold_loss":0}],"is_beta":false,"boss_relics":[{"not_picked":["Runic Dome","Tiny House"],"picked":"Nuclear Battery"}],"items_purged_floors":[8],"is_endless":false,"potions_floor_spawned":[2,4,10,11,14,16,18,24,25],"killed_by":"Chosen and Byrds","ascension_level":0}