{"gold_per_floor":[117,117,133,208,208,236,201,219,219,219,219,254,31,56,56,128,128,142,142,42,52,65,80,80,80,133,133],"floor_reached":27,"playtime":807,"items_purged":["Regret","Strike_G"],"score":508,"play_id":"4da2fecc-0b67-4357-a488-372ddc2a7118","local_time":"20190412000738","is_ascension_mode":true,"campfire_choices":[{"data":"Blade Dance","floor":11.0,"key":"SMITH"},{"data":"Footwork","floor":15.0,"key":"SMITH"},{"floor":24,"key":"REST"}],"neow_cost":"NONE","seed_source_timestamp":36951721588900,"circlet_count":0,"master_deck":["AscendersBane","Defend_G","Defend_G","Defend_G","Defend_G","Defend_G","Strike_G","Strike_G","Strike_G","Survivor","Neutralize","PiercingWail","Blade Dance+1","Corpse Explosion","Bane","Doppelganger","Footwork+1","Deadly Poison","Deadly Poison","Bullet Time","Dodge and Roll","Footwork+1","Dodge and Roll","Crippling Poison","PiercingWail","Blade Dance","Shame"],"special_seed":0,"relics":["Ring of the Snake","NeowsBlessing","Thread and Needle","Meat on the Bone","Shuriken","Dream Catcher","Gremlin Horn","Ancient Tea Set","Black Star","Question Card","Pen Nib"],"potions_floor_usage":[23,23,27],"damage_taken":[{"damage":0.0,"enemies":"Jaw Worm","floor":1.0,"turns":1.0},{"damage":0.0,"enemies":"2 Louse","floor":3.0,"turns":1.0},{"damage":0.0,"enemies":"Lagavulin","floor":6.0,"turns":1.0},{"damage":0.0,"enemies":"Small Slimes","floor":8.0,"turns":5.0},{"damage":4.0,"enemies":"3 Sentries","floor":12.0,"turns":4.0},{"damage":24.0,"enemies":"Gremlin Nob","floor":14.0,"turns":4.0},{"damage":14.0,"enemies":"The Guardian","floor":16.0,"turns":10.0},{"damage":14.0,"enemies":"Chosen","floor":18.0,"turns":6.0},{"damage":2.0,"enemies":"Shell Parasite","floor":21.0,"turns":8.0},{"damage":34.0,"enemies":"Centurion and Healer","floor":22.0,"turns":5.0},{"damage":14,"enemies":"Chosen and Byrds","floor":23,"turns":7},{"damage":41,"enemies":"Book of Stabbing","floor":27,"turns":7}],"seed_played":"5492455954349490328","potions_obtained":[{"floor":1.0,"key":"GhostInAJar"},{"floor":8.0,"key":"PowerPotion"},{"floor":14.0,"key":"SteroidPotion"},{"floor":22.0,"key":"LiquidBronze"},{"floor":23,"key":"SkillPotion"}],"is_trial":false,"path_per_floor":["M","?","M","?","?","E","?","M","T","?","R","E","$","E","R","B",null,"M","?","$","M","M","M","R","?","T","E"],"character_chosen":"THE_SILENT","items_purchased":["Footwork","Deadly Poison"],"campfire_rested":1,"item_purchase_floors":[13,13],"current_hp_per_floor":[59,52,52,41,36,36,52,52,52,52,52,48,48,36,36,34,58,44,44,44,42,20,18,37,37,37,0],"gold":133,"neow_bonus":"THREE_ENEMY_KILL","is_prod":false,"is_daily":false,"chose_seed":false,"campfire_upgraded":2,"win_rate":0,"timestamp":1555020458,"path_taken":["M","?","M","?","?","E","?","M","T","?","R","E","$","E","R","BOSS","M","?","$","?","M","M","R","?","T","E"],"build_version":"2019-01-23","purchased_purges":2,"victory":false,"max_hp_per_floor":[66,66,66,66,66,66,66,66,66,66,66,66,66,66,66,66,66,66,66,66,66,66,66,66,66,66,66],"card_choices":[{"not_picked":["Heel Hook","Acrobatics"],"picked":"PiercingWail","floor":1.0},{"not_picked":["Poisoned Stab","Reflex"],"picked":"Blade Dance","floor":3.0},{"not_picked":["Underhanded Strike","Dash"],"picked":"Corpse Explosion","floor":6.0},{"not_picked":["Backflip","Dodge and Roll"],"picked":"Bane","floor":8.0},{"not_picked":["Distraction","Dagger Spray"],"picked":"Doppelganger","floor":12.0},{"not_picked":["Escape Plan","Quick Slash"],"picked":"Deadly Poison","floor":14.0},{"not_picked":["A Thousand Cuts","Corpse Explosion"],"picked":"Bullet Time","floor":16.0},{"not_picked":["Quick Slash","Dagger Throw+1"],"picked":"Dodge and Roll","floor":18.0},{"not_picked":["Flying Knee","Bouncing Flask"],"picked":"Dodge and Roll","floor":21.0},{"not_picked":["Outmaneuver+1","Deflect+1"],"picked":"Crippling Poison","floor":22.0},{"not_picked":["Outmaneuver","Quick Slash"],"picked":"PiercingWail","floor":23},{"not_picked":["Deflect","PiercingWail"],"picked":"Blade Dance","floor":24}],"player_experience":543734,"relics_obtained":[{"floor":6.0,"key":"Meat on the Bone"},{"floor":9.0,"key":"Shuriken"},{"floor":12.0,"key":"Gremlin Horn"},{"floor":14.0,"key":"Ancient Tea Set"},{"floor":26,"key":"Pen Nib"}],"event_choices":[{"cards_removed":["Strike_G"],"damage_healed":0.0,"max_hp_gain":0.0,"max_hp_loss":0.0,"gold_gain":0.0,"event_name":"Golden Wing","player_choice":"Card Removal","floor":2.0,"gold_loss":0.0,"damage_taken":7.0},{"damage_healed":0.0,"max_hp_gain":0.0,"max_hp_loss":0.0,"gold_gain":75.0,"event_name":"World of Goop","player_choice":"Gather Gold","floor":4.0,"gold_loss":0.0,"damage_taken":11.0},{"damage_healed":0.0,"max_hp_gain":0.0,"max_hp_loss":0.0,"gold_gain":0.0,"event_name":"Scrap Ooze","player_choice":"Success","floor":5.0,"gold_loss":0.0,"damage_taken":5.0,"relics_obtained":["Thread and Needle"]},{"damage_healed":16.0,"max_hp_gain":0.0,"max_hp_loss":0.0,"gold_gain":0.0,"event_name":"The Cleric","player_choice":"Healed","floor":7.0,"gold_loss":35.0,"damage_taken":0.0},{"damage_healed":0.0,"max_hp_gain":0.0,"max_hp_loss":0.0,"gold_gain":0.0,"event_name":"Big Fish","player_choice":"Box","floor":10.0,"gold_loss":0.0,"damage_taken":0.0,"relics_obtained":["Dream Catcher"],"cards_obtained":["Regret"]},{"damage_healed":0.0,"max_hp_gain":0.0,"max_hp_loss":0.0,"gold_gain":0.0,"event_name":"Duplicator","player_choice":"Copied","floor":19.0,"gold_loss":0.0,"damage_taken":0.0,"cards_obtained":["Footwork"]},{"damage_healed":0,"gold_gain":0,"player_choice":"Stole Relic","damage_taken":0,"relics_obtained":["Question Card"],"max_hp_gain":0,"max_hp_loss":0,"event_name":"Addict","floor":25,"gold_loss":0,"cards_obtained":["Shame"]}],"is_beta":false,"boss_relics":[{"not_picked":["White Beast Statue","HoveringKite"],"picked":"Black Star"}],"items_purged_floors":[13,20],"is_endless":false,"potions_floor_spawned":[1,8,14,22,23],"killed_by":"Book of Stabbing","ascension_level":20}