{"gold_per_floor":[111,126,13,88,106,106,124,140,140,140,95,95,106,125,125,220,220,233,245,256,273,285,285,285,310,310,322,334,346,457,487,499,609,621,653,665,690,924,454,480,480,580,580,170,187,187,205,223,223,223],"floor_reached":51,"playtime":2310,"items_purged":["Strike_R","Strike_R+1","Strike_R+1"],"score":1001,"play_id":"99e2908f-86c7-44cc-b996-bf3fb270148d","local_time":"20190101020222","is_ascension_mode":true,"campfire_choices":[{"data":"Bash","floor":6,"key":"SMITH"},{"data":"Whirlwind","floor":10,"key":"SMITH"},{"data":"Armaments","floor":12,"key":"SMITH"},{"data":"Barricade","floor":15,"key":"SMITH"},{"floor":23,"key":"REST"},{"floor":29,"key":"REST"},{"floor":32,"key":"REST"},{"data":"Impervious","floor":41,"key":"SMITH"},{"data":"Impervious","floor":46,"key":"SMITH"},{"data":"Body Slam","floor":49,"key":"SMITH"}],"neow_cost":"NONE","seed_source_timestamp":521393034527510,"circlet_count":0,"master_deck":["Strike_R+1","Strike_R+1","Defend_R+1","Defend_R+1","Defend_R+1","Defend_R+1","Bash+1","Barricade+1","Whirlwind+1","Evolve","Body Slam+1","Iron Wave","Armaments+1","Disarm","Thunderclap","Impervious+1","Body Slam+1","Iron Wave+1","Flex","Seeing Red+1","Ghostly Armor+1","Ghostly","Ghostly","Ghostly","Ghostly","Ghostly","Necronomicurse","Impervious+1","Pommel Strike","Shrug It Off+1","Mayhem","Shrug It Off","Ghostly Armor+1","Battle Trance+1"],"special_seed":0,"relics":["Burning Blood","Bottled Lightning","Philosopher\u0027s Stone","Red Mask","MawBank","Necronomicon","Sozu","Happy Flower","Kunai","Shovel","Bottled Flame","Incense Burner"],"potions_floor_usage":[16,16,19,22,33],"damage_taken":[{"damage":9.0,"enemies":"2 Louse","floor":1.0,"turns":3.0},{"damage":1.0,"enemies":"Cultist","floor":2.0,"turns":3.0},{"damage":9,"enemies":"Small Slimes","floor":5,"turns":4},{"damage":14,"enemies":"3 Louse","floor":7,"turns":4},{"damage":17,"enemies":"Exordium Wildlife","floor":8,"turns":5},{"damage":1,"enemies":"Large Slime","floor":13,"turns":5},{"damage":10,"enemies":"2 Fungi Beasts","floor":14,"turns":4},{"damage":8,"enemies":"Hexaghost","floor":16,"turns":11},{"damage":28,"enemies":"2 Thieves","floor":18,"turns":4},{"damage":14,"enemies":"Chosen","floor":19,"turns":4},{"damage":3,"enemies":"Centurion and Healer","floor":20,"turns":7},{"damage":29,"enemies":"Snecko","floor":21,"turns":6},{"damage":22,"enemies":"Snake Plant","floor":22,"turns":3},{"damage":23,"enemies":"Masked Bandits","floor":25,"turns":4},{"damage":0,"enemies":"Centurion and Healer","floor":31,"turns":7},{"damage":0,"enemies":"Champ","floor":33,"turns":9},{"damage":12,"enemies":"3 Darklings","floor":35,"turns":4},{"damage":9,"enemies":"3 Shapes","floor":37,"turns":8},{"damage":0,"enemies":"Nemesis","floor":40,"turns":7},{"damage":0,"enemies":"Mind Bloom Boss Battle","floor":42,"turns":6},{"damage":14,"enemies":"Jaw Worm Horde","floor":45,"turns":5},{"damage":0,"enemies":"Writhing Mass","floor":47,"turns":5},{"damage":0,"enemies":"Sphere and 2 Shapes","floor":48,"turns":6},{"damage":4,"enemies":"Time Eater","floor":50,"turns":10}],"seed_played":"-9094671314827652061","potions_obtained":[{"floor":1.0,"key":"Ancient Potion"},{"floor":2.0,"key":"EssenceOfSteel"},{"floor":8,"key":"Strength Potion"},{"floor":16,"key":"BloodPotion"},{"floor":18,"key":"Energy Potion"},{"floor":25,"key":"FearPotion"},{"floor":31,"key":"PowerPotion"}],"is_trial":false,"path_per_floor":["M","M","$","?","M","R","M","M","T","R","$","R","M","M","R","B",null,"M","M","M","M","M","R","?","?","T","?","?","R","?","M","R","B",null,"M","?","M","?","$","E","R","?","T","$","M","R","M","M","R","B",null],"character_chosen":"IRONCLAD","items_purchased":["Evolve","Armaments","Mayhem","Happy Flower","Shrug It Off","Incense Burner"],"campfire_rested":3,"item_purchase_floors":[3,11,39,39,39,44],"current_hp_per_floor":[77,80,80,72,69,69,61,50,50,50,50,50,55,51,51,49,72,50,50,53,30,14,38,38,21,21,21,5,17,17,23,35,40,40,34,34,31,31,31,37,37,38,38,38,30,30,36,38,38,38],"gold":223,"neow_bonus":"ONE_RANDOM_RARE_CARD","is_prod":false,"is_daily":false,"chose_seed":false,"campfire_upgraded":7,"win_rate":0,"timestamp":1546275742,"path_taken":["M","M","$","?","M","R","M","?","T","R","$","R","M","M","R","BOSS","M","?","M","M","M","R","?","?","T","?","?","R","?","M","R","BOSS","M","?","M","?","$","E","R","?","T","$","M","R","M","?","R","BOSS"],"build_version":"2018-12-20","purchased_purges":3,"victory":true,"max_hp_per_floor":[80,80,80,80,80,80,80,80,80,80,80,80,80,80,80,80,80,80,80,80,80,80,80,40,40,40,40,40,40,40,40,40,40,40,40,38,38,38,38,38,38,38,38,38,38,38,38,38,38,38],"card_choices":[{"not_picked":["Thunderclap","Perfected Strike"],"picked":"Whirlwind","floor":1.0},{"not_picked":["Combust","Heavy Blade","Dropkick"],"picked":"SKIP","floor":2.0},{"not_picked":["Twin Strike","Perfected Strike"],"picked":"Body Slam","floor":5},{"not_picked":["Twin Strike","Sever Soul","True Grit"],"picked":"SKIP","floor":7},{"not_picked":["Wild Strike","Clash"],"picked":"Iron Wave","floor":8},{"not_picked":["Thunderclap","True Grit"],"picked":"Disarm","floor":13},{"not_picked":["Combust","True Grit"],"picked":"Thunderclap","floor":14},{"not_picked":["Dark Embrace","Bludgeon"],"picked":"Impervious","floor":16},{"not_picked":["Clash+1","True Grit+1"],"picked":"Body Slam+1","floor":18},{"not_picked":["Carnage","Sword Boomerang"],"picked":"Iron Wave+1","floor":19},{"not_picked":["Anger","Headbutt+1"],"picked":"Flex","floor":20},{"not_picked":["Pommel Strike","Limit Break"],"picked":"Seeing Red+1","floor":21},{"not_picked":["Cleave","Power Through"],"picked":"Ghostly Armor+1","floor":22},{"not_picked":["Dark Embrace","Twin Strike","Perfected Strike"],"picked":"SKIP","floor":31},{"not_picked":["Juggernaut","Fiend Fire"],"picked":"Impervious","floor":33},{"not_picked":["True Grit+1","Perfected Strike"],"picked":"Pommel Strike","floor":35},{"not_picked":["Anger+1","Warcry+1"],"picked":"Shrug It Off+1","floor":37},{"not_picked":["Fire Breathing","Perfected Strike+1","Wild Strike+1"],"picked":"SKIP","floor":40},{"not_picked":["Thunderclap+1","Wild Strike+1"],"picked":"Ghostly Armor+1","floor":42},{"not_picked":["Iron Wave","Clash","Cleave+1"],"picked":"SKIP","floor":45},{"not_picked":["Perfected Strike","Uppercut+1"],"picked":"Battle Trance+1","floor":47},{"not_picked":["Armaments+1","Blood for Blood","Thunderclap"],"picked":"SKIP","floor":48}],"player_experience":294666,"relics_obtained":[{"floor":9,"key":"Bottled Lightning"},{"floor":25,"key":"Red Mask"},{"floor":26,"key":"MawBank"},{"floor":28,"key":"Necronomicon"},{"floor":40,"key":"Kunai"},{"floor":42,"key":"Shovel"},{"floor":43,"key":"Bottled Flame"}],"event_choices":[{"damage_healed":0,"gold_gain":75,"player_choice":"Touch","damage_taken":8,"max_hp_gain":0,"max_hp_loss":0,"event_name":"FaceTrader","floor":4,"gold_loss":0},{"damage_healed":0,"gold_gain":0,"player_choice":"Became a Ghost","damage_taken":0,"max_hp_gain":0,"max_hp_loss":40,"event_name":"Ghosts","floor":24,"gold_loss":0,"cards_obtained":["Ghostly","Ghostly","Ghostly","Ghostly","Ghostly"]},{"damage_healed":0,"gold_gain":0,"player_choice":"Fought Bandits","damage_taken":0,"max_hp_gain":0,"max_hp_loss":0,"event_name":"Masked Bandits","floor":25,"gold_loss":0},{"damage_healed":0,"gold_gain":0,"player_choice":"Simplicity","damage_taken":0,"max_hp_gain":0,"max_hp_loss":0,"event_name":"Back to Basics","floor":27,"gold_loss":0,"cards_upgraded":["Strike_R","Strike_R","Strike_R","Strike_R","Defend_R","Defend_R","Defend_R","Defend_R"]},{"damage_healed":0,"gold_gain":0,"player_choice":"Obtained Book","damage_taken":16,"max_hp_gain":0,"max_hp_loss":0,"event_name":"Cursed Tome","floor":28,"gold_loss":0},{"damage_healed":0,"gold_gain":99,"player_choice":"Stole From Cult","damage_taken":0,"max_hp_gain":0,"max_hp_loss":0,"event_name":"Nest","floor":30,"gold_loss":0},{"damage_healed":0,"gold_gain":0,"player_choice":"Max HP","damage_taken":0,"max_hp_gain":0,"max_hp_loss":2,"event_name":"Winding Halls","floor":36,"gold_loss":0},{"damage_healed":0,"gold_gain":222,"player_choice":"Wore Mask","damage_taken":0,"max_hp_gain":0,"max_hp_loss":0,"event_name":"Tomb of Lord Red Mask","floor":38,"gold_loss":0},{"damage_healed":0,"gold_gain":0,"player_choice":"Fight","damage_taken":0,"max_hp_gain":0,"max_hp_loss":0,"event_name":"MindBloom","floor":42,"gold_loss":0}],"is_beta":false,"boss_relics":[{"not_picked":["Eternal Feather","Black Blood"],"picked":"Philosopher\u0027s Stone"},{"not_picked":["Fusion Hammer","Calling Bell"],"picked":"Sozu"}],"items_purged_floors":[3,39,44],"is_endless":false,"potions_floor_spawned":[1,2,8,16,18,25,31,37,42,48],"ascension_level":5}