{"gold_per_floor":[122,134,71,83,112,154,166,207,219,231,258,287,310,338,350,438,450,462],"floor_reached":18,"playtime":698,"items_purged":[],"score":344,"play_id":"1e12fa61-2117-467f-b58a-30dfaa9542f9","local_time":"20190405124224","is_ascension_mode":true,"campfire_choices":[{"data":"Pommel Strike","floor":7.0,"key":"SMITH"},{"data":"1","floor":10.0,"key":"LIFT"},{"data":"2","floor":15,"key":"LIFT"}],"neow_cost":"NONE","seed_source_timestamp":619606249543955,"circlet_count":0,"master_deck":["AscendersBane","Strike_R","Defend_R","Defend_R","Defend_R","Defend_R","Bash+1","Dropkick","Pommel Strike+1","Shrug It Off","Demon Form","Shrug It Off","Rage+1","Barricade+1","Perfected Strike+1"],"special_seed":0,"relics":["Burning Blood","MawBank","Dodecahedron","Girya","Meat on the Bone","Astrolabe"],"potions_floor_usage":[16,18],"damage_taken":[{"damage":4.0,"enemies":"2 Louse","floor":1.0,"turns":4.0},{"damage":4.0,"enemies":"Small Slimes","floor":5.0,"turns":3.0},{"damage":28.0,"enemies":"Lagavulin","floor":6.0,"turns":6.0},{"damage":8.0,"enemies":"Gremlin Nob","floor":8.0,"turns":3.0},{"damage":2.0,"enemies":"Jaw Worm","floor":11.0,"turns":3.0},{"damage":3.0,"enemies":"Large Slime","floor":12.0,"turns":6.0},{"damage":12.0,"enemies":"Red Slaver","floor":13.0,"turns":4.0},{"damage":25,"enemies":"Gremlin Gang","floor":14,"turns":5},{"damage":32,"enemies":"Hexaghost","floor":16,"turns":8},{"damage":70,"enemies":"3 Byrds","floor":18,"turns":7}],"seed_played":"1286728191658172432","potions_obtained":[{"floor":1.0,"key":"EssenceOfSteel"},{"floor":6.0,"key":"GamblersBrew"},{"floor":12.0,"key":"PowerPotion"},{"floor":14,"key":"SteroidPotion"}],"is_trial":false,"path_per_floor":["M","?","?","?","M","E","R","E","T","R","M","M","M","M","R","B",null,"M"],"character_chosen":"IRONCLAD","items_purchased":[],"campfire_rested":0,"item_purchase_floors":[],"current_hp_per_floor":[70,75,75,75,77,55,55,53,53,53,57,60,54,47,47,33,68,0],"gold":462,"neow_bonus":"RANDOM_COMMON_RELIC","is_prod":false,"is_daily":false,"chose_seed":false,"campfire_upgraded":1,"win_rate":0,"timestamp":1554435744,"path_taken":["M","?","?","?","M","E","R","E","T","R","M","M","M","M","R","BOSS","M"],"build_version":"2019-01-23","purchased_purges":0,"victory":false,"max_hp_per_floor":[75,80,80,80,80,80,80,80,80,80,80,80,80,80,80,80,80,80],"card_choices":[{"not_picked":["Clash","Ghostly Armor"],"picked":"Dropkick","floor":1.0},{"not_picked":["Evolve","Thunderclap"],"picked":"Pommel Strike","floor":5.0},{"not_picked":["Body Slam","Dual Wield","Sever Soul"],"picked":"SKIP","floor":6.0},{"not_picked":["Sword Boomerang","Ghostly Armor"],"picked":"Shrug It Off","floor":8.0},{"not_picked":["Clash","Dual Wield","Hemokinesis"],"picked":"SKIP","floor":11.0},{"not_picked":["Carnage","Rage","Body Slam"],"picked":"SKIP","floor":12.0},{"not_picked":["Pommel Strike","Anger"],"picked":"Demon Form","floor":13.0},{"not_picked":["Searing Blow","Perfected Strike"],"picked":"Shrug It Off","floor":14}],"player_experience":832276,"relics_obtained":[{"floor":6.0,"key":"Dodecahedron"},{"floor":8.0,"key":"Girya"},{"floor":9.0,"key":"Meat on the Bone"}],"event_choices":[{"damage_healed":0.0,"max_hp_gain":5.0,"max_hp_loss":0.0,"gold_gain":0.0,"event_name":"Big Fish","player_choice":"Donut","floor":2.0,"gold_loss":0.0,"damage_taken":0.0},{"cards_removed":["Strike_R"],"damage_healed":0.0,"max_hp_gain":0.0,"max_hp_loss":0.0,"gold_gain":0.0,"event_name":"The Cleric","player_choice":"Card Removal","floor":3.0,"gold_loss":75.0,"damage_taken":0.0},{"damage_healed":0.0,"max_hp_gain":0.0,"max_hp_loss":0.0,"gold_gain":0.0,"event_name":"Living Wall","player_choice":"Grow","floor":4.0,"gold_loss":0.0,"damage_taken":0.0,"cards_upgraded":["Bash"]}],"is_beta":false,"boss_relics":[{"not_picked":["Runic Cube","Lizard Tail"],"picked":"Astrolabe"}],"items_purged_floors":[],"is_endless":false,"potions_floor_spawned":[1,6,12,14],"killed_by":"3 Byrds","ascension_level":20}