{"gold_per_floor":[116,116,131,131,131,131,131,131,131,164,164,38,38,56,56,155,155,176,176,200,200,219,219,244,260,260,260,279,292,316,328],"floor_reached":31,"playtime":1019,"items_purged":[],"score":527,"play_id":"e05cb074-f21e-47ad-9e8d-527913d57ea9","local_time":"20190301142201","is_ascension_mode":true,"campfire_choices":[{"data":"Dagger Spray","floor":6,"key":"SMITH"},{"data":"Neutralize","floor":8,"key":"SMITH"},{"data":"Survivor","floor":11,"key":"SMITH"},{"data":"Footwork","floor":13,"key":"SMITH"},{"data":"Dash","floor":15,"key":"SMITH"},{"data":"Catalyst","floor":23,"key":"SMITH"},{"floor":27,"key":"REST"}],"neow_cost":"NONE","seed_source_timestamp":204011436655870,"circlet_count":0,"master_deck":["AscendersBane","Defend_G","Defend_G","Defend_G","Defend_G","Defend_G","Strike_G","Strike_G","Strike_G","Strike_G","Strike_G","Survivor+1","Neutralize+1","Underhanded Strike","Dagger Spray+1","Cloak And Dagger","Dash+1","Footwork+1","Backflip","Corpse Explosion","Dash+1","Riddle With Holes","Catalyst+1","Calculated Gamble","A Thousand Cuts","Bouncing Flask"],"relics":["Ring of the Snake","NeowsBlessing","Golden Idol","Blue Candle","Sundial","Bottled Lightning","Snake Skull","Snecko Eye","Regal Pillow","MawBank"],"potions_floor_usage":[24,28,31],"damage_taken":[{"damage":0,"enemies":"Small Slimes","floor":1,"turns":1},{"damage":0,"enemies":"2 Louse","floor":3,"turns":1},{"damage":0,"enemies":"Lagavulin","floor":10,"turns":1},{"damage":0,"enemies":"Cultist","floor":14,"turns":3},{"damage":26,"enemies":"The Guardian","floor":16,"turns":17},{"damage":0,"enemies":"3 Byrds","floor":18,"turns":2},{"damage":3,"enemies":"Shell Parasite","floor":20,"turns":6},{"damage":15,"enemies":"Shelled Parasite and Fungi","floor":22,"turns":5},{"damage":18,"enemies":"Centurion and Healer","floor":24,"turns":5},{"damage":0,"enemies":"3 Cultists","floor":25,"turns":3},{"damage":19,"enemies":"Cultist and Chosen","floor":28,"turns":7},{"damage":37,"enemies":"Centurion and Healer","floor":29,"turns":6},{"damage":8,"enemies":"Chosen and Byrds","floor":31,"turns":3}],"seed_played":"-7137846528331520155","potions_obtained":[{"floor":10,"key":"GhostInAJar"},{"floor":16,"key":"Poison Potion"},{"floor":18,"key":"Regen Potion"},{"floor":29,"key":"Ancient Potion"}],"is_trial":false,"path_per_floor":["M","?","M","?","?","R","T","R","T","E","R","$","R","M","R","B",null,"M","?","M","?","M","R","M","M","T","R","M","M","T","M"],"character_chosen":"THE_SILENT","items_purchased":["Dash","Footwork"],"campfire_rested":1,"item_purchase_floors":[12,12],"current_hp_per_floor":[59,64,64,64,46,46,46,46,46,46,46,46,46,46,46,20,53,53,53,50,50,35,35,31,31,31,64,45,8,8,0],"gold":328,"neow_bonus":"THREE_ENEMY_KILL","is_prod":false,"is_daily":false,"chose_seed":false,"campfire_upgraded":6,"win_rate":0,"timestamp":1551417721,"path_taken":["M","?","M","?","?","R","?","R","T","E","R","?","R","?","R","BOSS","M","?","?","?","M","R","M","M","T","R","M","M","?","M"],"build_version":"2019-01-23","purchased_purges":0,"victory":false,"max_hp_per_floor":[66,71,71,64,64,64,64,64,64,64,64,64,64,64,64,64,64,64,64,64,64,64,64,64,64,64,64,64,64,64,64],"card_choices":[{"not_picked":["Flying Knee","PiercingWail"],"picked":"Underhanded Strike","floor":1},{"not_picked":["Finisher","Deflect"],"picked":"Dagger Spray","floor":3},{"not_picked":["Blade Dance","Outmaneuver"],"picked":"Cloak And Dagger","floor":10},{"not_picked":["Blade Dance","Poisoned Stab"],"picked":"Backflip","floor":14},{"not_picked":["Night Terror","Storm of Steel"],"picked":"Corpse Explosion","floor":16},{"not_picked":["Dagger Throw","Deflect+1","Backflip+1"],"picked":"SKIP","floor":18},{"not_picked":["Skewer","Flying Knee"],"picked":"Riddle With Holes","floor":20},{"not_picked":["Poisoned Stab","Slice"],"picked":"Catalyst","floor":22},{"not_picked":["Sucker Punch","Dodge and Roll","Blade Dance"],"picked":"SKIP","floor":24},{"not_picked":["Backflip","Setup+1"],"picked":"Calculated Gamble","floor":25},{"not_picked":["Catalyst","Sucker Punch"],"picked":"A Thousand Cuts","floor":28},{"not_picked":["Quick Slash+1","Backstab"],"picked":"Bouncing Flask","floor":29}],"player_experience":598894,"relics_obtained":[{"floor":7,"key":"Sundial"},{"floor":9,"key":"Bottled Lightning"},{"floor":10,"key":"Snake Skull"},{"floor":26,"key":"Regal Pillow"},{"floor":30,"key":"MawBank"}],"event_choices":[{"damage_healed":0,"gold_gain":0,"player_choice":"Donut","damage_taken":0,"max_hp_gain":5,"max_hp_loss":0,"event_name":"Big Fish","floor":2,"gold_loss":0},{"damage_healed":0,"gold_gain":0,"player_choice":"Lose Max HP","damage_taken":0,"relics_obtained":["Golden Idol"],"max_hp_gain":0,"max_hp_loss":7,"event_name":"Golden Idol","floor":4,"gold_loss":0},{"damage_healed":0,"gold_gain":0,"player_choice":"Success","damage_taken":18,"relics_obtained":["Blue Candle"],"max_hp_gain":0,"max_hp_loss":0,"event_name":"Scrap Ooze","floor":5,"gold_loss":0},{"damage_healed":0,"gold_gain":0,"player_choice":"Copied","damage_taken":0,"max_hp_gain":0,"max_hp_loss":0,"event_name":"Duplicator","floor":19,"gold_loss":0,"cards_obtained":["Dash"]},{"damage_healed":0,"gold_gain":0,"player_choice":"Ignored","damage_taken":0,"max_hp_gain":0,"max_hp_loss":0,"event_name":"The Mausoleum","floor":21,"gold_loss":0}],"is_beta":false,"boss_relics":[{"not_picked":["Ectoplasm","White Beast Statue"],"picked":"Snecko Eye"}],"items_purged_floors":[],"is_endless":false,"potions_floor_spawned":[10,16,18,20,22,29],"killed_by":"Chosen and Byrds","ascension_level":17}