{"gold_per_floor":[115,135,150,160,160,195,195,50,50,78,94,44,44,63,63,63],"floor_reached":16,"playtime":807,"items_purged":[],"score":157,"play_id":"efbc3d05-d887-4519-b1ff-23c48fef131e","local_time":"20181128114504","is_ascension_mode":true,"campfire_choices":[{"data":"Backflip","floor":7.0,"key":"SMITH"},{"floor":15,"key":"REST"}],"neow_cost":"NONE","seed_source_timestamp":0,"circlet_count":0,"master_deck":["Defend_G","Defend_G","Defend_G","Defend_G","Strike_G","Strike_G","Strike_G","Strike_G","Strike_G","Survivor","Neutralize","Predator+1","Backflip+1","Well Laid Plans","Backflip"],"special_seed":0,"relics":["Ring of the Snake","NeowsBlessing","Omamori","Anchor","PreservedInsect","Bottled Lightning","Blue Candle"],"potions_floor_usage":[],"damage_taken":[{"damage":0.0,"enemies":"2 Louse","floor":1.0,"turns":1.0},{"damage":0.0,"enemies":"Small Slimes","floor":2.0,"turns":1.0},{"damage":0.0,"enemies":"Jaw Worm","floor":3.0,"turns":1.0},{"damage":9.0,"enemies":"Red Slaver","floor":4.0,"turns":6.0},{"damage":2.0,"enemies":"Gremlin Nob","floor":6.0,"turns":3.0},{"damage":19,"enemies":"3 Sentries","floor":10,"turns":10},{"damage":9,"enemies":"Exordium Thugs","floor":11,"turns":6},{"damage":0,"enemies":"Looter","floor":14,"turns":2},{"damage":36,"enemies":"The Guardian","floor":16,"turns":8}],"seed_played":"-548709301387159880","potions_obtained":[{"floor":1.0,"key":"Dexterity Potion"},{"floor":2.0,"key":"SteroidPotion"},{"floor":4.0,"key":"SteroidPotion"},{"floor":11,"key":"FearPotion"}],"is_trial":false,"path_per_floor":["M","M","M","M","?","E","R","$","T","E","M","?","?","M","R","B"],"character_chosen":"THE_SILENT","items_purchased":["Anchor"],"campfire_rested":1,"item_purchase_floors":[8],"current_hp_per_floor":[63,63,63,54,54,52,52,52,52,33,24,24,24,24,45,9],"gold":63,"neow_bonus":"THREE_ENEMY_KILL","is_prod":false,"is_daily":false,"chose_seed":false,"campfire_upgraded":1,"win_rate":0,"timestamp":1543401904,"path_taken":["M","M","M","M","?","E","R","$","T","E","M","?","?","M","R","BOSS"],"build_version":"2018-11-15","purchased_purges":0,"victory":false,"max_hp_per_floor":[70,70,70,70,70,70,70,70,70,70,70,70,70,70,70,70],"card_choices":[{"not_picked":["Acrobatics","Underhanded Strike"],"picked":"Predator","floor":1.0},{"not_picked":["Blade Dance","Expertise"],"picked":"Backflip","floor":2.0},{"not_picked":["Slice","Bane","Quick Slash"],"picked":"SKIP","floor":3.0},{"not_picked":["Slice","Bane","Quick Slash"],"picked":"SKIP","floor":3.0},{"not_picked":["Choke","Venomology"],"picked":"Well Laid Plans","floor":4.0},{"not_picked":["Endless Agony","Acrobatics"],"picked":"Backflip","floor":6.0},{"not_picked":["Expertise","Outmaneuver","Escape Plan"],"picked":"SKIP","floor":10},{"not_picked":["Distraction","Slice","Cloak And Dagger"],"picked":"SKIP","floor":11},{"not_picked":["Acrobatics","Reflex","Leg Sweep"],"picked":"SKIP","floor":14}],"player_experience":307283,"relics_obtained":[{"floor":6.0,"key":"Omamori"},{"floor":9,"key":"PreservedInsect"},{"floor":10,"key":"Bottled Lightning"}],"event_choices":[{"damage_healed":0.0,"max_hp_gain":0.0,"max_hp_loss":0.0,"gold_gain":0.0,"event_name":"Living Wall","player_choice":"Grow","floor":5.0,"gold_loss":0.0,"damage_taken":0.0,"cards_upgraded":["Predator"]},{"cards_removed":["Defend_G"],"damage_healed":0,"gold_gain":0,"player_choice":"Card Removal","damage_taken":0,"max_hp_gain":0,"max_hp_loss":0,"event_name":"The Cleric","floor":12,"gold_loss":50},{"damage_healed":0,"gold_gain":0,"player_choice":"Gave Potion","damage_taken":0,"relics_obtained":["Blue Candle"],"max_hp_gain":0,"max_hp_loss":0,"event_name":"WeMeetAgain","floor":13,"gold_loss":0}],"is_beta":false,"boss_relics":[],"items_purged_floors":[],"is_endless":false,"potions_floor_spawned":[1,2,4,11],"killed_by":"The Guardian","ascension_level":8}