{"path_per_floor":["M","?","?","T","M","E","R","E","T","M","R","?","T","M","R","B",null,"M","?","T","$","M","E","T","R","T","R","M","M","M","T","R","B",null,"M","?","?","M","?","R","M","R","T","?","$","?","?","?","R","B"],"character_chosen":"IRONCLAD","items_purchased":["Good Instincts","Blood Vial"],"gold_per_floor":[16,16,16,16,26,51,51,76,76,95,95,45,45,60,60,161,161,181,181,205,42,62,95,95,95,95,95,111,128,139,139,139,239,239,250,250,297,315,315,315,335,335,335,335,80,80,80,80,80,80],"floor_reached":51,"campfire_rested":2,"playtime":2049,"current_hp_per_floor":[80,68,68,68,74,56,56,31,41,50,90,90,90,90,90,65,90,89,63,63,63,63,33,33,63,63,63,63,63,63,63,63,54,63,63,55,51,66,66,66,67,67,67,57,57,57,57,57,57,48],"items_purged":["Doubt","Writhe"],"gold":80,"score":719,"play_id":"037e9154-74d5-4a72-83a0-bf8965da57b9","local_time":"20180425210915","is_prod":false,"is_daily":false,"chose_seed":false,"is_ascension_mode":false,"campfire_upgraded":7,"timestamp":1524708555,"path_taken":["M","?","?","?","M","E","R","E","T","?","R","?","?","M","R","BOSS","M","?","?","$","M","E","?","R","T","R","?","M","M","?","R","BOSS","M","?","?","M","?","R","M","R","T","?","$","?","?","?","R","BOSS"],"build_version":"2018-04-19","seed_source_timestamp":0,"purchased_purges":2,"victory":true,"master_deck":["Defend_R","Defend_R","Defend_R","Bash","Shrug It Off+1","Clash+1","Shockwave+1","Uppercut+1","Clash+1","Disarm+1","Clumsy","Headbutt","Bite","Bite","Bite","Bite","Bite","Good Instincts+1","Seeing Red+1","Anger+1","Clash+1","Flex+1","Reaper+1","Headbutt+1","Madness+1","Madness+1","Feed+1","Blood for Blood+1","Decay","Panache+1","Apotheosis+1","Trip+1"],"max_hp_per_floor":[80,80,80,80,80,80,80,80,90,90,90,90,90,90,90,90,90,90,63,63,63,63,63,63,63,63,63,63,63,63,63,63,63,63,63,63,63,66,66,66,69,69,69,69,69,69,69,69,69,69],"relics":["Burning Blood","Magic Flower","Toxic Egg 2","Gremlin Horn","Regal Pillow","Thread and Needle","Pear","Mummified Hand","Calling Bell","Lantern","Letter Opener","Red Skull","Vajra","Question Card","Toolbox","Meat on the Bone","Juzu Bracelet","Cursed Key","Unceasing Top","Happy Flower","Blood Vial"],"card_choices":[{"not_picked":["Clothesline","Anger"],"picked":"Shrug It Off","floor":1.0},{"not_picked":["Cleave","Headbutt"],"picked":"Clash","floor":5.0},{"not_picked":["Pommel Strike","Twin Strike"],"picked":"Shockwave","floor":6.0},{"not_picked":["Cleave","Whirlwind"],"picked":"Uppercut","floor":8.0},{"not_picked":["Body Slam","Pommel Strike"],"picked":"Clash","floor":10.0},{"not_picked":["Impervious","Cleave"],"picked":"Disarm","floor":14.0},{"not_picked":["Thunderclap","Pommel Strike"],"picked":"Headbutt","floor":18.0},{"not_picked":["Blood for Blood","Pommel Strike"],"picked":"Seeing Red","floor":23.0},{"not_picked":["Second Wind","Carnage","Twin Strike"],"picked":"Anger","floor":28.0},{"not_picked":["Iron Wave","Warcry","Disarm"],"picked":"Clash","floor":29.0},{"not_picked":["Ghostly Armor","Pommel Strike","Juggernaut"],"picked":"Flex","floor":30.0},{"not_picked":["Bludgeon","Juggernaut","Limit Break"],"picked":"Reaper","floor":33.0},{"not_picked":["Perfected Strike","True Grit","Uppercut"],"picked":"Headbutt","floor":35.0},{"not_picked":["Perfected Strike","True Grit","Clothesline"],"picked":"Feed","floor":37.0},{"not_picked":["Fiend Fire","Armaments","Pommel Strike"],"picked":"Blood for Blood","floor":41},{"not_picked":["Trip","Enlightenment","Dark Shackles"],"picked":"Panache","floor":44},{"not_picked":["Mind Blast","Good Instincts","Jack Of All Trades"],"picked":"Apotheosis","floor":44},{"not_picked":["Master of Strategy","Panacea","Dramatic Entrance"],"picked":"Trip","floor":44}],"player_experience":2337,"potions_floor_usage":[],"damage_taken":[{"damage":3.0,"enemies":"Jaw Worm","floor":1.0,"turns":4.0},{"damage":3.0,"enemies":"Small Slimes","floor":5.0,"turns":6.0},{"damage":27.0,"enemies":"Gremlin Nob","floor":6.0,"turns":5.0},{"damage":34.0,"enemies":"Lagavulin","floor":8.0,"turns":7.0},{"damage":0.0,"enemies":"Cultist","floor":10.0,"turns":5.0},{"damage":0.0,"enemies":"Gremlin Gang","floor":14.0,"turns":4.0},{"damage":34.0,"enemies":"Slime Boss","floor":16.0,"turns":14.0},{"damage":10.0,"enemies":"Shell Parasite","floor":18.0,"turns":8.0},{"damage":0.0,"enemies":"Chosen","floor":22.0,"turns":5.0},{"damage":57.0,"enemies":"Slavers","floor":23.0,"turns":8.0},{"damage":23.0,"enemies":"Centurion and Healer","floor":28.0,"turns":8.0},{"damage":1.0,"enemies":"Snecko","floor":29.0,"turns":5.0},{"damage":8.0,"enemies":"Slaver and Parasite","floor":30.0,"turns":6.0},{"damage":49.0,"enemies":"Automaton","floor":33.0,"turns":10.0},{"damage":10.0,"enemies":"Orb Walker","floor":35.0,"turns":4.0},{"damage":28.0,"enemies":"Mysterious Sphere","floor":37.0,"turns":5.0},{"damage":2,"enemies":"3 Shapes","floor":38,"turns":3},{"damage":20,"enemies":"Sphere and 2 Shapes","floor":41,"turns":6},{"damage":64,"enemies":"Awakened One","floor":50,"turns":7}],"event_choices":[{"event_name":"Scrap Ooze","player_choice":"success","floor":2.0,"damage_taken":12.0},{"event_name":"Wheel of Change","player_choice":"Curse","floor":3.0,"damage_taken":0.0},{"event_name":"The Cleric","player_choice":"Card Removal","floor":12.0,"damage_taken":0.0},{"event_name":"Vampires","player_choice":"Became a vampire","floor":19.0,"damage_taken":0.0},{"event_name":"Winding Halls","player_choice":"Embrace Madness","floor":36.0,"damage_taken":0.0},{"event_name":"Mysterious Sphere","player_choice":"Fight","floor":37.0,"damage_taken":0.0},{"event_name":"Tomb of Lord Red Mask","player_choice":"Ignored","floor":39,"damage_taken":0},{"event_name":"SensoryStone","player_choice":"Memory 3","floor":44,"damage_taken":0},{"event_name":"Upgrade Shrine","player_choice":"Upgraded","floor":47,"damage_taken":0},{"event_name":"The Woman in Blue","player_choice":"Bought 0 Potions","floor":48,"damage_taken":0}],"boss_relics":[],"potions_floor_spawned":[6,8,10,16,28,33,37,41],"seed_played":"7711707496411216080","ascension_level":0,"is_trial":false}