{"gold_per_floor":[115,115,129,6,20,54,54,80,118,144,176,88,101,116,116,213,213,232,82,95,95,111,125,125,145,145,145,145,145,172,189,189,189],"floor_reached":33,"playtime":1281,"items_purged":["Defend_R","Defend_R","Second Wind"],"score":313,"play_id":"6c83a4b4-b584-4853-aa42-db85faa6edd5","local_time":"20181222163105","is_ascension_mode":true,"campfire_choices":[{"data":"Rampage","floor":7,"key":"SMITH"},{"floor":15,"key":"REST"},{"data":"Pommel Strike","floor":24,"key":"SMITH"},{"floor":28,"key":"REST"},{"data":"Thunderclap","floor":32,"key":"SMITH"}],"neow_cost":"TEN_PERCENT_HP_LOSS","seed_source_timestamp":21737225288811,"circlet_count":0,"master_deck":["Strike_R","Strike_R","Strike_R","Strike_R","Strike_R","Defend_R","Defend_R","Bash","Demon Form","Pommel Strike","Dramatic Entrance","Rampage+1","Perfected Strike","Thunderclap+1","Twin Strike","Pommel Strike+1","Reaper","Perfected Strike","Wild Strike+1","Pain","Twin Strike","Havoc+1","Pain","Regret"],"relics":["Burning Blood","Lantern","MawBank","Bronze Scales","Cursed Key","WarpedTongs","Molten Egg 2","Art of War"],"potions_floor_usage":[6,16,16,20,25],"damage_taken":[{"damage":12,"enemies":"Jaw Worm","floor":1,"turns":3},{"damage":6,"enemies":"Cultist","floor":3,"turns":3},{"damage":0,"enemies":"2 Louse","floor":5,"turns":2},{"damage":40,"enemies":"3 Sentries","floor":6,"turns":6},{"damage":16,"enemies":"Gremlin Nob","floor":8,"turns":3},{"damage":13,"enemies":"Red Slaver","floor":10,"turns":3},{"damage":8,"enemies":"Exordium Wildlife","floor":11,"turns":2},{"damage":10,"enemies":"2 Fungi Beasts","floor":13,"turns":3},{"damage":7,"enemies":"3 Louse","floor":14,"turns":2},{"damage":9,"enemies":"Slime Boss","floor":16,"turns":5},{"damage":35,"enemies":"Shell Parasite","floor":18,"turns":3},{"damage":7,"enemies":"3 Byrds","floor":20,"turns":3},{"damage":28,"enemies":"Centurion and Healer","floor":22,"turns":3},{"damage":13,"enemies":"Snecko","floor":23,"turns":2},{"damage":21,"enemies":"3 Cultists","floor":25,"turns":4},{"damage":29,"enemies":"Snake Plant","floor":31,"turns":2},{"damage":46,"enemies":"Collector","floor":33,"turns":3}],"seed_played":"-8858587388618536609","potions_obtained":[{"floor":5,"key":"BloodPotion"},{"floor":8,"key":"SmokeBomb"},{"floor":13,"key":"PowerPotion"},{"floor":14,"key":"SkillPotion"},{"floor":18,"key":"BloodPotion"},{"floor":23,"key":"FearPotion"}],"is_trial":false,"path_per_floor":["M","?","M","$","M","E","R","E","T","M","M","$","M","M","R","B",null,"M","$","M","?","M","M","R","M","T","$","R","$","T","M","R","B"],"character_chosen":"IRONCLAD","items_purchased":["Thunderclap","Perfected Strike"],"campfire_rested":2,"item_purchase_floors":[4,19],"current_hp_per_floor":[66,66,66,66,72,45,45,35,35,28,26,26,22,21,42,39,72,43,43,57,57,35,32,32,32,32,32,53,53,53,30,30,0],"gold":189,"neow_bonus":"THREE_RARE_CARDS","is_prod":false,"is_daily":false,"chose_seed":false,"campfire_upgraded":3,"win_rate":0,"timestamp":1545467465,"path_taken":["M","?","M","$","M","E","R","E","T","M","?","$","M","M","R","BOSS","M","$","M","?","M","M","R","?","T","?","R","$","?","M","R","BOSS"],"build_version":"2018-12-20","purchased_purges":3,"victory":false,"max_hp_per_floor":[72,72,72,72,72,72,72,72,72,72,72,72,72,72,72,72,72,72,72,72,72,72,72,72,72,72,72,72,72,72,72,72,72],"card_choices":[{"not_picked":["Dark Embrace","Exhume"],"picked":"Demon Form","floor":0},{"not_picked":["True Grit","Armaments"],"picked":"Pommel Strike","floor":1},{"not_picked":["Searing Blow","Armaments"],"picked":"Perfected Strike","floor":3},{"not_picked":["Warcry","Battle Trance","Clothesline"],"picked":"SKIP","floor":5},{"not_picked":["Clash","Searing Blow"],"picked":"Second Wind","floor":6},{"not_picked":["Havoc","Brutality","Ghostly Armor"],"picked":"SKIP","floor":8},{"not_picked":["Warcry","Clothesline","Evolve"],"picked":"SKIP","floor":10},{"not_picked":["Dual Wield","Iron Wave","Sever Soul"],"picked":"SKIP","floor":11},{"not_picked":["Iron Wave","Flex"],"picked":"Twin Strike","floor":13},{"not_picked":["Carnage","Power Through"],"picked":"Pommel Strike","floor":14},{"not_picked":["Exhume","Limit Break"],"picked":"Reaper","floor":16},{"not_picked":["Clothesline","Blood for Blood","True Grit"],"picked":"SKIP","floor":18},{"not_picked":["Sword Boomerang+1","Thunderclap"],"picked":"Wild Strike+1","floor":20},{"not_picked":["Warcry+1","Armaments"],"picked":"Twin Strike","floor":22},{"not_picked":["Armaments","Heavy Blade","Clothesline"],"picked":"SKIP","floor":23},{"not_picked":["Body Slam","Sever Soul"],"picked":"Havoc+1","floor":25},{"not_picked":["Pummel+1","Rupture","Sword Boomerang+1"],"picked":"SKIP","floor":31}],"player_experience":355792,"relics_obtained":[{"floor":6,"key":"Lantern"},{"floor":8,"key":"MawBank"},{"floor":9,"key":"Bronze Scales"},{"floor":26,"key":"Molten Egg 2"},{"floor":30,"key":"Art of War"}],"event_choices":[{"damage_healed":0,"gold_gain":0,"player_choice":"2 cards matched","damage_taken":0,"max_hp_gain":0,"max_hp_loss":0,"event_name":"Match and Keep!","floor":2,"gold_loss":0,"cards_obtained":["Dramatic Entrance","Rampage"]},{"damage_healed":0,"gold_gain":0,"player_choice":"Rummage","damage_taken":0,"relics_obtained":["WarpedTongs"],"max_hp_gain":0,"max_hp_loss":0,"event_name":"Accursed Blacksmith","floor":21,"gold_loss":0,"cards_obtained":["Pain"]}],"is_beta":false,"boss_relics":[{"not_picked":["Philosopher\u0027s Stone","Black Blood"],"picked":"Cursed Key"}],"items_purged_floors":[4,12,19],"is_endless":false,"potions_floor_spawned":[5,8,13,14,18,23],"killed_by":"Collector","ascension_level":4}