{"gold_per_floor":[112,122,122,272,272,272,302,302,302,302,10,40,55,18,18,96,96,108,33,33,52,52,52],"floor_reached":23,"playtime":476,"items_purged":["Regret"],"score":420,"play_id":"bd1d00ce-66c6-4f2b-8543-b102cfba7c67","local_time":"20190421004748","is_ascension_mode":true,"campfire_choices":[{"data":"Conserve Battery","floor":6,"key":"SMITH"},{"data":"Dualcast","floor":8,"key":"SMITH"},{"data":"Static Discharge","floor":15,"key":"SMITH"}],"neow_cost":"NONE","seed_source_timestamp":8760248291500,"circlet_count":0,"master_deck":["AscendersBane","Strike_B","Strike_B","Strike_B","Strike_B","Defend_B","Defend_B","Defend_B","Defend_B","Zap+1","Dualcast+1","Compile Driver","Conserve Battery+1","Double Energy+1","Sweeping Beam","Static Discharge+1","Self Repair","Seek+1","Pain","Decay","Reinforced Body+1","Coolheaded+1"],"relics":["Cracked Core","NeowsBlessing","Toxic Egg 2","Gremlin Horn","Sundial","Orichalcum","Blue Candle","Calling Bell","Centennial Puzzle","Meat on the Bone","StoneCalendar"],"potions_floor_usage":[21,23],"damage_taken":[{"damage":0,"enemies":"2 Louse","floor":1,"turns":1},{"damage":0,"enemies":"Small Slimes","floor":2,"turns":1},{"damage":0,"enemies":"3 Sentries","floor":7,"turns":1},{"damage":0,"enemies":"Cultist","floor":13,"turns":3},{"damage":48,"enemies":"The Guardian","floor":16,"turns":10},{"damage":9,"enemies":"3 Byrds","floor":18,"turns":1},{"damage":15,"enemies":"2 Thieves","floor":21,"turns":4},{"damage":55,"enemies":"Gremlin Leader","floor":23,"turns":4}],"seed_played":"-3872070337891140141","potions_obtained":[{"floor":2,"key":"Dexterity Potion"},{"floor":20,"key":"Fire Potion"}],"is_trial":false,"path_per_floor":["M","M","?","?","?","R","E","R","T","?","$","?","M","$","R","B",null,"M","?","?","M","$","E"],"character_chosen":"DEFECT","items_purchased":["Sweeping Beam","Orichalcum","Self Repair"],"campfire_rested":0,"item_purchase_floors":[11,11,14],"current_hp_per_floor":[64,64,64,64,57,57,57,57,57,57,57,57,57,57,57,16,57,48,48,48,45,45,0],"gold":52,"neow_bonus":"THREE_ENEMY_KILL","is_prod":false,"is_daily":false,"chose_seed":false,"campfire_upgraded":3,"win_rate":0,"timestamp":1555800468,"path_taken":["M","M","?","?","?","R","E","R","T","?","$","?","?","?","R","BOSS","M","?","?","?","?","E"],"build_version":"2019-01-23","purchased_purges":1,"victory":false,"max_hp_per_floor":[71,71,71,71,71,71,71,71,71,71,71,71,71,71,71,71,71,71,71,71,71,71,71],"card_choices":[{"not_picked":["Hologram","Ball Lightning"],"picked":"Compile Driver","floor":1},{"not_picked":["Storm","Rebound"],"picked":"Conserve Battery","floor":2},{"not_picked":["Gash","Capacitor"],"picked":"Double Energy","floor":7},{"not_picked":["Ball Lightning","Beam Cell"],"picked":"Static Discharge","floor":13},{"not_picked":["Fission+1","Amplify+1"],"picked":"Seek+1","floor":16},{"not_picked":["Storm","Loop"],"picked":"Reinforced Body+1","floor":18},{"not_picked":["Stack+1","Cold Snap+1"],"picked":"Coolheaded+1","floor":21}],"player_experience":579773,"relics_obtained":[{"floor":7,"key":"Toxic Egg 2"},{"floor":9,"key":"Gremlin Horn"},{"floor":17,"key":"Centennial Puzzle"},{"floor":17,"key":"Meat on the Bone"},{"floor":17,"key":"StoneCalendar"}],"event_choices":[{"damage_healed":0,"gold_gain":0,"player_choice":"Grow","damage_taken":0,"max_hp_gain":0,"max_hp_loss":0,"event_name":"Living Wall","floor":3,"gold_loss":0,"cards_upgraded":["Zap"]},{"damage_healed":0,"gold_gain":150,"player_choice":"AGREE","damage_taken":0,"max_hp_gain":0,"max_hp_loss":0,"event_name":"Liars Game","floor":4,"gold_loss":0,"cards_obtained":["Doubt"]},{"cards_removed":["Doubt"],"damage_healed":0,"gold_gain":0,"player_choice":"Card Removal","damage_taken":7,"max_hp_gain":0,"max_hp_loss":0,"event_name":"Golden Wing","floor":5,"gold_loss":0},{"damage_healed":0,"gold_gain":0,"player_choice":"Box","damage_taken":0,"relics_obtained":["Sundial"],"max_hp_gain":0,"max_hp_loss":0,"event_name":"Big Fish","floor":10,"gold_loss":0,"cards_obtained":["Regret"]},{"damage_healed":0,"gold_gain":30,"player_choice":"Searched \u00273\u0027 times","damage_taken":0,"relics_obtained":["Blue Candle"],"max_hp_gain":0,"max_hp_loss":0,"event_name":"Dead Adventurer","floor":12,"gold_loss":0},{"cards_removed":["Normality"],"damage_healed":0,"gold_gain":0,"player_choice":"Gave Gold","damage_taken":0,"max_hp_gain":0,"max_hp_loss":0,"event_name":"Beggar","floor":19,"gold_loss":75},{"damage_healed":0,"gold_gain":0,"player_choice":"Got Potions","damage_taken":0,"max_hp_gain":0,"max_hp_loss":0,"event_name":"Lab","floor":20,"gold_loss":0}],"is_beta":false,"boss_relics":[{"not_picked":["Runic Pyramid","Pandora\u0027s Box"],"picked":"Calling Bell"}],"items_purged_floors":[11],"is_endless":false,"potions_floor_spawned":[2],"killed_by":"Gremlin Leader","ascension_level":20}