{"gold_per_floor":[365,211,211,211,211,211,224,251,276,293,293,293,293,293,293,421,421,444,369,383,383,237,237,262,278,278,278],"floor_reached":27,"playtime":1200,"items_purged":["Strike_R"],"score":251,"play_id":"fd85fc86-673e-4746-8e09-4803d2a70420","local_time":"20181016223103","is_ascension_mode":true,"campfire_choices":[{"data":"Flex","floor":6,"key":"SMITH"},{"data":"Iron Wave","floor":12,"key":"SMITH"},{"floor":15,"key":"REST"},{"data":"Heavy Blade","floor":23,"key":"SMITH"}],"neow_cost":"PERCENT_DAMAGE","seed_source_timestamp":43200514721235,"circlet_count":0,"master_deck":["Strike_R","Strike_R","Defend_R","Defend_R","Defend_R","Defend_R","Bash+1","Cleave","Cleave","Flex+1","Iron Wave+1","Wild Strike+1","Juggernaut+1","Spot Weakness","Inflame+1","Inflame+1","Heavy Blade+1","Shrug It Off"],"relics":["Burning Blood","Frozen Egg 2","Orichalcum","Happy Flower","Golden Idol","Eternal Feather","MutagenicStrength","WingedGreaves"],"potions_floor_usage":[16,27],"damage_taken":[{"damage":9,"enemies":"2 Louse","floor":1,"turns":3},{"damage":0,"enemies":"Small Slimes","floor":7,"turns":3},{"damage":48,"enemies":"Lagavulin","floor":8,"turns":8},{"damage":4,"enemies":"Jaw Worm","floor":10,"turns":4},{"damage":35,"enemies":"Slime Boss","floor":16,"turns":13},{"damage":19,"enemies":"Chosen","floor":18,"turns":5},{"damage":11,"enemies":"Shell Parasite","floor":20,"turns":5},{"damage":16,"enemies":"Sentry and Sphere","floor":24,"turns":4},{"damage":37,"enemies":"Snake Plant","floor":25,"turns":3},{"damage":30,"enemies":"Shelled Parasite and Fungi","floor":27,"turns":4}],"seed_played":"3536631200109986737","potions_obtained":[{"floor":10,"key":"EssenceOfSteel"},{"floor":20,"key":"Ancient Potion"},{"floor":25,"key":"EssenceOfSteel"}],"is_trial":false,"path_per_floor":["M","$","?","?","T","R","M","E","T","M","?","R","?","?","R","B",null,"M","?","M","?","$","R","M","M","T"],"character_chosen":"IRONCLAD","items_purchased":["Cleave","Flex","Inflame+1","Heavy Blade","Shrug It Off"],"campfire_rested":1,"item_purchase_floors":[2,2,22,22,22],"current_hp_per_floor":[53,53,46,72,72,72,78,36,36,38,38,38,38,23,45,16,74,61,61,56,56,56,65,55,24,24,0],"gold":278,"neow_bonus":"TWO_FIFTY_GOLD","is_prod":false,"is_daily":false,"chose_seed":false,"campfire_upgraded":3,"win_rate":0,"timestamp":1539721863,"path_taken":["M","$","?","?","?","R","M","E","T","?","?","R","?","?","R","BOSS","M","?","M","?","$","R","M","?","T","M"],"build_version":"2018-10-11","purchased_purges":1,"victory":false,"max_hp_per_floor":[80,80,80,80,80,80,80,80,80,80,80,80,74,74,74,74,74,74,74,74,74,74,74,74,74,74,74],"card_choices":[{"not_picked":["Heavy Blade","Pummel"],"picked":"Cleave","floor":1},{"not_picked":["Flame Barrier","Headbutt"],"picked":"Iron Wave","floor":7},{"not_picked":["Pummel","Ghostly Armor","Dual Wield"],"picked":"SKIP","floor":8},{"not_picked":["Combust+1","Evolve+1"],"picked":"Wild Strike","floor":10},{"not_picked":["Exhume","Impervious"],"picked":"Juggernaut+1","floor":16},{"not_picked":["Headbutt+1","Fire Breathing+1"],"picked":"Spot Weakness","floor":18},{"not_picked":["Disarm","Combust+1"],"picked":"Inflame+1","floor":20},{"not_picked":["Perfected Strike","Armaments","Uppercut+1"],"picked":"SKIP","floor":24},{"not_picked":["Sever Soul","Anger","Headbutt"],"picked":"SKIP","floor":25}],"player_experience":203144,"relics_obtained":[{"floor":5,"key":"Frozen Egg 2"},{"floor":8,"key":"Orichalcum"},{"floor":9,"key":"Happy Flower"},{"floor":26,"key":"WingedGreaves"}],"event_choices":[{"event_name":"Golden Wing","player_choice":"Card Removal","floor":3,"damage_taken":0},{"event_name":"Big Fish","player_choice":"Banana","floor":4,"damage_taken":0},{"event_name":"Dead Adventurer","player_choice":"Searched \u00271\u0027 times","floor":11,"damage_taken":0},{"event_name":"Golden Idol","player_choice":"Lose Max HP","floor":13,"damage_taken":0},{"event_name":"Shining Light","player_choice":"Entered Light","floor":14,"damage_taken":0},{"event_name":"Beggar","player_choice":"Gave Gold","floor":19,"damage_taken":0},{"event_name":"Drug Dealer","player_choice":"Inject Mutagens","floor":21,"damage_taken":0}],"is_beta":false,"boss_relics":[{"not_picked":["Pandora\u0027s Box","Lizard Tail"],"picked":"Eternal Feather"}],"items_purged_floors":[2],"is_endless":false,"potions_floor_spawned":[10,20,25],"killed_by":"Shelled Parasite and Fungi","ascension_level":4}