{"gold_per_floor":[364,381,224,243,143,168,168,195,275,308,308,338,338,358,358,483,483,496,44,68,92,127,127,162,87,87,131,131,167,167,192,192,311,311,332,332,352,149,173,214,214,248,248,248,279,279,320,333,333,333,333,333,95,133,133],"floor_reached":55,"playtime":3930,"items_purged":["Strike_R","Strike_R","Injury","Strike_R"],"score":1277,"play_id":"07a48914-a3b7-488b-b29d-7c3c8b921389","local_time":"20190414190700","is_ascension_mode":true,"campfire_choices":[{"data":"Whirlwind","floor":15.0,"key":"SMITH"},{"data":"Apotheosis","floor":23.0,"key":"SMITH"},{"data":"Limit Break","floor":28.0,"key":"SMITH"},{"floor":32.0,"key":"RECALL"},{"data":"Rupture","floor":41,"key":"SMITH"},{"data":"Rupture","floor":44,"key":"SMITH"},{"data":"Limit Break","floor":46,"key":"SMITH"},{"data":"Metallicize","floor":49,"key":"SMITH"},{"floor":52,"key":"REST"}],"neow_cost":"PERCENT_DAMAGE","seed_source_timestamp":0,"circlet_count":0,"master_deck":["Strike_R","Defend_R","Defend_R","Defend_R","Defend_R","Bash","Anger","Hemokinesis","Whirlwind+1","Thunderclap","Armaments","Ghostly Armor","Rupture+1","Rupture+1","Reaper","Limit Break+1","Combust","Apotheosis+1","Uppercut","Spot Weakness","Shrug It Off","Offering","Carnage+1","Flame Barrier","Metallicize+1","Flame Barrier","Headbutt+1","Limit Break+1","Heavy Blade+1"],"special_seed":0,"relics":["Burning Blood","Meat on the Bone","Bag of Marbles","Pen Nib","Tiny Chest","Kunai","Happy Flower","Golden Idol","Runic Dome","Anchor","Red Mask","Ornamental Fan","Bag of Preparation","Molten Egg 2","Oddly Smooth Stone","Sozu","The Courier","Calipers","Prayer Wheel","Pantograph","Bottled Tornado","Sundial","Unceasing Top","Blood Vial"],"potions_floor_usage":[50,55],"damage_taken":[{"damage":0.0,"enemies":"Small Slimes","floor":1.0,"turns":5.0},{"damage":0.0,"enemies":"2 Louse","floor":2.0,"turns":3.0},{"damage":4.0,"enemies":"Jaw Worm","floor":4.0,"turns":3.0},{"damage":14.0,"enemies":"Gremlin Nob","floor":6.0,"turns":3.0},{"damage":33.0,"enemies":"Lagavulin","floor":8.0,"turns":5.0},{"damage":38.0,"enemies":"Gremlin Nob","floor":10.0,"turns":4.0},{"damage":23.0,"enemies":"3 Sentries","floor":12.0,"turns":6.0},{"damage":26.0,"enemies":"Large Slime","floor":14.0,"turns":5.0},{"damage":4.0,"enemies":"Slime Boss","floor":16.0,"turns":6.0},{"damage":0.0,"enemies":"2 Thieves","floor":18.0,"turns":1.0},{"damage":5.0,"enemies":"Chosen","floor":20.0,"turns":4.0},{"damage":1.0,"enemies":"Centurion and Healer","floor":21.0,"turns":2.0},{"damage":15.0,"enemies":"Masked Bandits","floor":22.0,"turns":3.0},{"damage":26.0,"enemies":"Gremlin Leader","floor":24.0,"turns":4.0},{"damage":45.0,"enemies":"Slavers","floor":27.0,"turns":4.0},{"damage":18.0,"enemies":"Gremlin Leader","floor":29.0,"turns":4.0},{"damage":2.0,"enemies":"Snake Plant","floor":31.0,"turns":2.0},{"damage":74.0,"enemies":"Collector","floor":33.0,"turns":8.0},{"damage":0.0,"enemies":"3 Darklings","floor":35.0,"turns":1.0},{"damage":10.0,"enemies":"Orb Walker","floor":37.0,"turns":3.0},{"damage":17.0,"enemies":"3 Darklings","floor":39.0,"turns":3.0},{"damage":12,"enemies":"Giant Head","floor":40,"turns":5},{"damage":37,"enemies":"Reptomancer","floor":42,"turns":5},{"damage":16,"enemies":"Giant Head","floor":45,"turns":6},{"damage":8,"enemies":"Nemesis","floor":47,"turns":5},{"damage":6,"enemies":"Jaw Worm Horde","floor":48,"turns":2},{"damage":66,"enemies":"Awakened One","floor":50,"turns":6},{"damage":78,"enemies":"Shield and Spear","floor":54,"turns":7},{"damage":100,"enemies":"The Heart","floor":55,"turns":3}],"seed_played":"-5471127666543773047","potions_obtained":[{"floor":4.0,"key":"EssenceOfSteel"},{"floor":8.0,"key":"Regen Potion"},{"floor":16.0,"key":"Weak Potion"},{"floor":21.0,"key":"Fire Potion"},{"floor":27.0,"key":"Strength Potion"},{"floor":33.0,"key":"Block Potion"}],"is_trial":false,"path_per_floor":["M","M","$","M","$","E","?","E","T","E","?","E","?","M","R","B",null,"M","$","M","M","?","R","E","?","T","E","R","E","?","M","R","B",null,"M","T","M","$","M","E","R","E","T","R","E","R","E","M","R","B",null,"R","$","E","B"],"character_chosen":"IRONCLAD","items_purchased":["Whirlwind","Apotheosis","Anchor","Flame Barrier","Metallicize","Unceasing Top"],"campfire_rested":1,"item_purchase_floors":[3,19,19,38,38,53],"current_hp_per_floor":[57,63,63,65,65,57,50,35,35,27,53,48,48,40,40,54,74,80,80,80,80,72,72,80,80,80,58,58,68,68,72,72,25,66,72,72,79,79,75,80,80,73,73,73,63,63,74,74,74,34,69,80,80,20,0],"gold":133,"neow_bonus":"TWO_FIFTY_GOLD","is_prod":false,"is_daily":false,"chose_seed":false,"campfire_upgraded":7,"win_rate":0,"timestamp":1555283220,"path_taken":["M","M","$","M","$","E","?","E","T","E","?","E","?","M","R","BOSS","M","$","M","M","?","R","E","?","T","E","R","E","?","M","R","BOSS","M","?","M","$","M","E","R","E","T","R","E","R","E","M","R","BOSS","R","$","E","BOSS"],"build_version":"2019-01-23","purchased_purges":4,"victory":false,"max_hp_per_floor":[80,80,80,80,80,80,80,80,80,80,80,80,80,80,80,80,80,80,80,80,80,80,80,80,80,80,80,80,80,80,80,80,80,80,80,80,80,80,80,80,80,80,80,80,80,80,80,80,80,80,80,80,80,80,80],"card_choices":[{"not_picked":["Headbutt","Wild Strike"],"picked":"Anger","floor":1.0},{"not_picked":["Sever Soul","Dual Wield"],"picked":"Hemokinesis","floor":2.0},{"not_picked":["Corruption","Heavy Blade"],"picked":"Thunderclap","floor":4.0},{"not_picked":["Cleave","Wild Strike"],"picked":"Armaments","floor":6.0},{"not_picked":["Thunderclap","Anger"],"picked":"Ghostly Armor","floor":8.0},{"not_picked":["Headbutt","Sword Boomerang"],"picked":"Rupture","floor":10.0},{"not_picked":["Bloodletting","Perfected Strike"],"picked":"Rupture","floor":12.0},{"not_picked":["Pummel","Reckless Charge"],"picked":"Reaper","floor":14.0},{"not_picked":["Immolate","Exhume"],"picked":"Limit Break","floor":16.0},{"not_picked":["Heavy Blade","Iron Wave+1"],"picked":"Combust","floor":18.0},{"not_picked":["Wild Strike+1","Heavy Blade"],"picked":"Uppercut","floor":20.0},{"not_picked":["Sword Boomerang","Headbutt","Sentinel+1"],"picked":"SKIP","floor":21.0},{"not_picked":["Wild Strike","Ghostly Armor+1"],"picked":"Spot Weakness","floor":22.0},{"not_picked":["Cleave","Dual Wield+1","Clothesline+1"],"picked":"SKIP","floor":24.0},{"not_picked":["Fiend Fire","Armaments+1","Double Tap"],"picked":"SKIP","floor":27.0},{"not_picked":["Exhume","Clash+1","Second Wind"],"picked":"SKIP","floor":29.0},{"not_picked":["Iron Wave+1","Cleave+1"],"picked":"Shrug It Off","floor":31.0},{"not_picked":["Double Tap","Reaper+1"],"picked":"Offering","floor":33.0},{"not_picked":["Iron Wave+1","Cleave+1","Entrench"],"picked":"SKIP","floor":35.0},{"not_picked":["Headbutt+1","Cleave+1"],"picked":"Carnage+1","floor":37.0},{"not_picked":["Wild Strike+1","Heavy Blade+1"],"picked":"Flame Barrier","floor":39},{"not_picked":["Entrench","Clash+1","Spot Weakness"],"picked":"SKIP","floor":40},{"not_picked":["Body Slam+1","Dual Wield+1"],"picked":"Headbutt+1","floor":42},{"not_picked":["Anger+1","Uppercut+1"],"picked":"Limit Break","floor":45},{"not_picked":["Iron Wave+1","Armaments"],"picked":"Heavy Blade+1","floor":47},{"not_picked":["Headbutt+1","Flex+1","Immolate+1"],"picked":"SKIP","floor":48},{"not_picked":["Pommel Strike+1","Warcry","Shockwave+1"],"picked":"SKIP","floor":48},{"not_picked":["Pommel Strike+1","Double Tap","Rupture"],"picked":"SKIP","floor":54}],"player_experience":188961,"relics_obtained":[{"floor":6.0,"key":"Meat on the Bone"},{"floor":8.0,"key":"Pen Nib"},{"floor":9.0,"key":"Tiny Chest"},{"floor":10.0,"key":"Kunai"},{"floor":12.0,"key":"Happy Flower"},{"floor":22.0,"key":"Red Mask"},{"floor":24.0,"key":"Ornamental Fan"},{"floor":27.0,"key":"Bag of Preparation"},{"floor":29.0,"key":"Molten Egg 2"},{"floor":36.0,"key":"The Courier"},{"floor":40,"key":"Calipers"},{"floor":42,"key":"Prayer Wheel"},{"floor":43,"key":"Pantograph"},{"floor":45,"key":"Bottled Tornado"},{"floor":47,"key":"Sundial"},{"floor":54,"key":"Blood Vial"}],"event_choices":[{"damage_healed":0.0,"max_hp_gain":0.0,"max_hp_loss":0.0,"gold_gain":0.0,"event_name":"Scrap Ooze","player_choice":"Success","floor":7.0,"gold_loss":0.0,"damage_taken":7.0,"relics_obtained":["Bag of Marbles"]},{"damage_healed":26.0,"max_hp_gain":0.0,"max_hp_loss":0.0,"gold_gain":0.0,"event_name":"Big Fish","player_choice":"Banana","floor":11.0,"gold_loss":0.0,"damage_taken":0.0},{"damage_healed":0.0,"max_hp_gain":0.0,"max_hp_loss":0.0,"gold_gain":0.0,"event_name":"Golden Idol","player_choice":"Take Wound","floor":13.0,"gold_loss":0.0,"damage_taken":0.0,"relics_obtained":["Golden Idol"],"cards_obtained":["Injury"]},{"damage_healed":0.0,"max_hp_gain":0.0,"max_hp_loss":0.0,"gold_gain":0.0,"event_name":"Masked Bandits","player_choice":"Fought Bandits","floor":22.0,"gold_loss":0.0,"damage_taken":0.0},{"cards_removed":["Strike_R"],"damage_healed":0.0,"max_hp_gain":0.0,"max_hp_loss":0.0,"gold_gain":0.0,"event_name":"Beggar","player_choice":"Gave Gold","floor":25.0,"gold_loss":75.0,"damage_taken":0.0},{"damage_healed":0.0,"max_hp_gain":0.0,"max_hp_loss":0.0,"gold_gain":0.0,"event_name":"WeMeetAgain","player_choice":"Gave Potion","floor":30.0,"gold_loss":0.0,"damage_taken":0.0,"relics_obtained":["Oddly Smooth Stone"]}],"is_beta":false,"boss_relics":[{"not_picked":["Fusion Hammer","Ectoplasm"],"picked":"Runic Dome"},{"not_picked":["Philosopher\u0027s Stone","Runic Cube"],"picked":"Sozu"}],"items_purged_floors":[3,5,19,38],"is_endless":false,"potions_floor_spawned":[4,8,16,21,27,33,37,40,42,48],"killed_by":"The Heart","ascension_level":8}