{"gold_per_floor":[363,14,14,31,51,51,63,91,116,136,153,153,153,168,168,168],"floor_reached":16,"playtime":740,"items_purged":["Doubt"],"score":208,"play_id":"d84ba044-d30d-4964-955d-a62002c2ceb8","local_time":"20190419095631","is_ascension_mode":true,"campfire_choices":[{"data":"Zap","floor":6,"key":"SMITH"},{"data":"Barrage","floor":13,"key":"SMITH"},{"floor":15,"key":"REST"}],"neow_cost":"CURSE","seed_source_timestamp":5819435267387,"circlet_count":0,"master_deck":["AscendersBane","Strike_B","Strike_B","Strike_B","Defend_B","Defend_B","Defend_B","Defend_B","Zap+1","Dualcast","Cold Snap","BootSequence","Coolheaded","Barrage+1","Rebound","Self Repair+1"],"relics":["Cracked Core","Frozen Egg 2","Potion Belt","Oddly Smooth Stone","Boot"],"potions_floor_usage":[7,8,11],"damage_taken":[{"damage":12,"enemies":"Small Slimes","floor":1,"turns":5},{"damage":0,"enemies":"2 Louse","floor":4,"turns":2},{"damage":1,"enemies":"Cultist","floor":5,"turns":4},{"damage":1,"enemies":"Exordium Wildlife","floor":7,"turns":8},{"damage":18,"enemies":"Lagavulin","floor":8,"turns":9},{"damage":0,"enemies":"Large Slime","floor":10,"turns":5},{"damage":0,"enemies":"3 Louse","floor":11,"turns":4},{"damage":11,"enemies":"Gremlin Gang","floor":14,"turns":4},{"damage":47,"enemies":"Hexaghost","floor":16,"turns":9}],"seed_played":"638086407891672434","potions_obtained":[{"floor":1,"key":"Ancient Potion"},{"floor":4,"key":"EssenceOfSteel"},{"floor":8,"key":"Block Potion"}],"is_trial":false,"path_per_floor":["M","$","?","M","M","R","M","E","T","M","M","?","R","M","R","B"],"character_chosen":"DEFECT","items_purchased":["Frozen Egg 2"],"campfire_rested":1,"item_purchase_floors":[2],"current_hp_per_floor":[52,52,47,47,46,46,45,27,27,27,27,27,27,26,47,0],"gold":168,"neow_bonus":"TWO_FIFTY_GOLD","is_prod":false,"is_daily":false,"chose_seed":false,"campfire_upgraded":2,"win_rate":0,"timestamp":1555635391,"path_taken":["M","$","?","M","M","R","M","E","T","M","M","?","R","M","R","BOSS"],"build_version":"2019-01-23","purchased_purges":1,"victory":false,"max_hp_per_floor":[71,71,71,71,71,71,71,71,71,71,71,71,71,71,71,71],"card_choices":[{"not_picked":["Undo","Capacitor"],"picked":"Cold Snap","floor":1},{"not_picked":["Sunder","Go for the Eyes"],"picked":"BootSequence","floor":4},{"not_picked":["Turbo","Beam Cell","Reprogram"],"picked":"SKIP","floor":5},{"not_picked":["Leap","Force Field"],"picked":"Coolheaded","floor":7},{"not_picked":["Scrape","Force Field"],"picked":"Barrage","floor":8},{"not_picked":["Hyperbeam","BootSequence"],"picked":"Rebound","floor":10},{"not_picked":["Cold Snap","Aggregate"],"picked":"Self Repair+1","floor":11},{"not_picked":["BootSequence","Rebound","Scrape"],"picked":"SKIP","floor":14}],"player_experience":980817,"relics_obtained":[{"floor":8,"key":"Oddly Smooth Stone"},{"floor":9,"key":"Boot"}],"event_choices":[{"damage_healed":0,"gold_gain":0,"player_choice":"Success","damage_taken":5,"relics_obtained":["Potion Belt"],"max_hp_gain":0,"max_hp_loss":0,"event_name":"Scrap Ooze","floor":3,"gold_loss":0},{"cards_removed":["Strike_B"],"damage_healed":0,"gold_gain":0,"player_choice":"Purged","damage_taken":0,"max_hp_gain":0,"max_hp_loss":0,"event_name":"Purifier","floor":12,"gold_loss":0}],"is_beta":false,"boss_relics":[],"items_purged_floors":[2],"is_endless":false,"potions_floor_spawned":[1,4,8],"killed_by":"Hexaghost","ascension_level":20}