{"gold_per_floor":[109,109,126,91,111,138,138,200,223,223,237,254,254,178,178,276,276,294,394,494,507,522,522,537,537,537,571,571,571,571,603,603,703,703,723,736,836,836,836,836,849,849,901,921,936,936],"floor_reached":46,"playtime":3346,"items_purged":[],"score":513,"play_id":"8cb44388-9549-4879-8117-5f4baa929b8e","local_time":"20190412203149","is_ascension_mode":false,"campfire_choices":[{"data":"Neutralize","floor":10,"key":"SMITH"},{"data":"Footwork","floor":13,"key":"SMITH"},{"data":"Malaise","floor":15,"key":"SMITH"},{"floor":23,"key":"REST"},{"data":"Backflip","floor":25,"key":"SMITH"},{"data":"Dodge and Roll","floor":28,"key":"SMITH"},{"data":"Storm of Steel","floor":30,"key":"SMITH"},{"floor":32,"key":"REST"},{"data":"Infinite Blades","floor":40,"key":"SMITH"}],"neow_cost":"NONE","seed_source_timestamp":99521328499878,"circlet_count":0,"master_deck":["Defend_G","Defend_G","Defend_G","Defend_G","Defend_G","Strike_G","Strike_G","Survivor","Neutralize+1","Infinite Blades+1","Cloak And Dagger","Footwork+1","Dash+1","Backflip+1","Acrobatics+1","Malaise+1","Skewer","Caltrops","Storm of Steel+1","Cloak And Dagger+1","Blade Dance+1","PiercingWail","Dodge and Roll+1","A Thousand Cuts","Blade Dance+1","Flying Knee","Writhe","Infinite Blades"],"relics":["Ring of the Snake","Dead Branch","Lantern","Busted Crown","Thread and Needle","Pear","Turnip","Red Mask","Happy Flower","Empty Cage","Ice Cream","Sundial","Strawberry"],"potions_floor_usage":[19,21],"damage_taken":[{"damage":0,"enemies":"Cultist","floor":1,"turns":4},{"damage":1,"enemies":"Jaw Worm","floor":3,"turns":5},{"damage":0,"enemies":"2 Louse","floor":5,"turns":3},{"damage":21,"enemies":"Lagavulin","floor":6,"turns":14},{"damage":0,"enemies":"Looter","floor":11,"turns":3},{"damage":0,"enemies":"Blue Slaver","floor":12,"turns":5},{"damage":5,"enemies":"Hexaghost","floor":16,"turns":11},{"damage":12,"enemies":"2 Thieves","floor":18,"turns":5},{"damage":19,"enemies":"Colosseum Slavers","floor":19,"turns":5},{"damage":17,"enemies":"Colosseum Nobs","floor":19,"turns":5},{"damage":0,"enemies":"Shell Parasite","floor":21,"turns":2},{"damage":0,"enemies":"Snake Plant","floor":22,"turns":7},{"damage":0,"enemies":"Snecko","floor":24,"turns":6},{"damage":0,"enemies":"Masked Bandits","floor":27,"turns":4},{"damage":2,"enemies":"Gremlin Leader","floor":31,"turns":11},{"damage":15,"enemies":"Automaton","floor":33,"turns":17},{"damage":7,"enemies":"3 Shapes","floor":35,"turns":6},{"damage":19,"enemies":"3 Darklings","floor":36,"turns":4},{"damage":7,"enemies":"Mind Bloom Boss Battle","floor":37,"turns":8},{"damage":20,"enemies":"Sphere and 2 Shapes","floor":41,"turns":5},{"damage":42,"enemies":"Spire Growth","floor":44,"turns":8},{"damage":0,"enemies":"Maw","floor":45,"turns":6},{"damage":25,"enemies":"Writhing Mass","floor":46,"turns":3}],"seed_played":"-5701791756643548806","potions_obtained":[{"floor":3,"key":"SteroidPotion"},{"floor":6,"key":"Block Potion"},{"floor":16,"key":"SkillPotion"},{"floor":19,"key":"Fire Potion"},{"floor":21,"key":"Dexterity Potion"},{"floor":27,"key":"EssenceOfSteel"}],"is_trial":false,"path_per_floor":["M","T","M","$","M","E","?","?","T","R","M","M","R","$","R","B",null,"M","?","?","M","M","R","M","R","T","?","R","$","R","E","R","B",null,"M","M","?","?","?","R","M","T","T","M","M","M"],"character_chosen":"THE_SILENT","items_purchased":["Dash","Caltrops"],"campfire_rested":2,"item_purchase_floors":[4,14],"current_hp_per_floor":[70,70,69,69,69,48,34,34,34,34,34,34,34,34,34,29,70,58,32,32,32,32,56,56,56,56,56,56,56,56,54,78,63,80,73,54,47,67,67,67,47,47,54,12,12,0],"gold":936,"neow_bonus":"TRANSFORM_CARD","is_prod":false,"is_daily":false,"chose_seed":false,"campfire_upgraded":7,"win_rate":0,"timestamp":1555115509,"path_taken":["M","?","M","?","M","E","?","?","T","R","M","M","R","?","R","BOSS","M","?","?","M","?","R","?","R","T","?","R","$","R","E","R","BOSS","M","M","?","?","?","R","M","?","T","M","M","?"],"build_version":"2019-01-23","purchased_purges":0,"victory":false,"max_hp_per_floor":[70,70,70,70,70,70,70,70,70,70,70,70,70,70,70,70,70,70,80,80,80,80,80,80,80,80,80,80,80,80,80,80,80,80,80,80,80,80,80,80,80,80,87,87,87,87],"card_choices":[{"not_picked":["Flying Knee","Blade Dance"],"picked":"Cloak And Dagger","floor":1},{"not_picked":["Quick Slash","Dagger Throw"],"picked":"Footwork","floor":3},{"not_picked":["Acrobatics","Outmaneuver"],"picked":"Backflip","floor":5},{"not_picked":["Prepared","Blade Dance"],"picked":"Acrobatics","floor":6},{"not_picked":["Dagger Throw","Prepared"],"picked":"Malaise","floor":11},{"not_picked":["Underhanded Strike","Backflip"],"picked":"Skewer","floor":12},{"not_picked":["Envenom","Die Die Die"],"picked":"Storm of Steel","floor":16},{"not_picked":[],"picked":"Cloak And Dagger+1","floor":18},{"not_picked":[],"picked":"Blade Dance+1","floor":19},{"not_picked":["Prepared"],"picked":"SKIP","floor":21},{"not_picked":[],"picked":"PiercingWail","floor":22},{"not_picked":["Slice"],"picked":"SKIP","floor":24},{"not_picked":[],"picked":"Dodge and Roll","floor":27},{"not_picked":["Underhanded Strike"],"picked":"SKIP","floor":31},{"not_picked":[],"picked":"A Thousand Cuts","floor":33},{"not_picked":[],"picked":"Blade Dance+1","floor":35},{"not_picked":["Dagger Throw+1"],"picked":"SKIP","floor":36},{"not_picked":[],"picked":"Flying Knee","floor":37},{"not_picked":["Catalyst"],"picked":"SKIP","floor":41},{"not_picked":[],"picked":"Infinite Blades","floor":44},{"not_picked":["Deflect+1"],"picked":"SKIP","floor":45}],"player_experience":118719,"relics_obtained":[{"floor":6,"key":"Dead Branch"},{"floor":9,"key":"Lantern"},{"floor":19,"key":"Thread and Needle"},{"floor":19,"key":"Pear"},{"floor":26,"key":"Turnip"},{"floor":27,"key":"Red Mask"},{"floor":31,"key":"Happy Flower"},{"floor":37,"key":"Ice Cream"},{"floor":42,"key":"Sundial"},{"floor":43,"key":"Strawberry"}],"event_choices":[{"damage_healed":0,"gold_gain":0,"player_choice":"Entered Light","damage_taken":14,"max_hp_gain":0,"max_hp_loss":0,"event_name":"Shining Light","floor":7,"gold_loss":0,"cards_upgraded":["Acrobatics","Dash"]},{"damage_healed":0,"gold_gain":62,"player_choice":"Gained Gold","damage_taken":0,"max_hp_gain":0,"max_hp_loss":0,"event_name":"Golden Wing","floor":8,"gold_loss":0},{"damage_healed":0,"gold_gain":0,"player_choice":"Fight","damage_taken":0,"max_hp_gain":0,"max_hp_loss":0,"event_name":"Colosseum","floor":19,"gold_loss":0},{"damage_healed":0,"gold_gain":0,"player_choice":"Fought Nobs","damage_taken":0,"max_hp_gain":0,"max_hp_loss":0,"event_name":"Colosseum","floor":19,"gold_loss":0},{"damage_healed":0,"gold_gain":100,"player_choice":"Pray","damage_taken":0,"max_hp_gain":0,"max_hp_loss":0,"event_name":"Golden Shrine","floor":20,"gold_loss":0},{"damage_healed":0,"gold_gain":0,"player_choice":"Fought Bandits","damage_taken":0,"max_hp_gain":0,"max_hp_loss":0,"event_name":"Masked Bandits","floor":27,"gold_loss":0},{"damage_healed":0,"gold_gain":0,"player_choice":"Fight","damage_taken":0,"max_hp_gain":0,"max_hp_loss":0,"event_name":"MindBloom","floor":37,"gold_loss":0},{"damage_healed":20,"gold_gain":0,"player_choice":"Writhe","damage_taken":0,"max_hp_gain":0,"max_hp_loss":0,"event_name":"Winding Halls","floor":38,"gold_loss":0,"cards_obtained":["Writhe"]},{"damage_healed":0,"gold_gain":0,"player_choice":"Ignored","damage_taken":0,"max_hp_gain":0,"max_hp_loss":0,"event_name":"Mysterious Sphere","floor":39,"gold_loss":0}],"is_beta":false,"boss_relics":[{"not_picked":["Pandora\u0027s Box","Tiny House"],"picked":"Busted Crown"},{"not_picked":["Cursed Key","Runic Dome"],"picked":"Empty Cage"}],"items_purged_floors":[],"is_endless":false,"potions_floor_spawned":[3,6,16,19,21,27,31,35,45],"killed_by":"Writhing Mass","ascension_level":0}