{"gold_per_floor":[217,217,230,240,240,301,301,327,380,392,47,62,62,112],"floor_reached":14,"playtime":550,"items_purged":[],"score":152,"play_id":"76e16d4a-d161-4e2f-8057-d40df797a058","local_time":"20190414193547","is_ascension_mode":true,"campfire_choices":[{"floor":7,"key":"REST"}],"neow_cost":"NONE","seed_source_timestamp":255377666344964,"circlet_count":0,"master_deck":["AscendersBane","Defend_G","Defend_G","Defend_G","Defend_G","Defend_G","Strike_G","Strike_G","Strike_G","Strike_G","Strike_G","Survivor","Neutralize","Skewer+1","Backflip","Bane","Cloak And Dagger","Deflect","Bouncing Flask"],"relics":["Ring of the Snake","Dodecahedron","Tiny Chest","PreservedInsect","MawBank","Incense Burner","SsserpentHead"],"potions_floor_usage":[8,8],"damage_taken":[{"damage":4,"enemies":"Jaw Worm","floor":1,"turns":6},{"damage":6,"enemies":"Cultist","floor":3,"turns":3},{"damage":0,"enemies":"Small Slimes","floor":4,"turns":3},{"damage":36,"enemies":"Lagavulin","floor":6,"turns":7},{"damage":23,"enemies":"3 Sentries","floor":8,"turns":10},{"damage":18,"enemies":"Exordium Wildlife","floor":12,"turns":6},{"damage":11,"enemies":"Large Slime","floor":14,"turns":4}],"seed_played":"-1337038206454403001","potions_obtained":[{"floor":4,"key":"GhostInAJar"},{"floor":6,"key":"SteroidPotion"}],"is_trial":false,"path_per_floor":["M","?","M","M","?","E","R","E","T","?","$","M","?","M"],"character_chosen":"THE_SILENT","items_purchased":["Incense Burner","Deflect"],"campfire_rested":1,"item_purchase_floors":[11,11],"current_hp_per_floor":[59,59,53,53,41,5,26,3,3,26,26,8,8,0],"gold":112,"neow_bonus":"HUNDRED_GOLD","is_prod":false,"is_daily":false,"chose_seed":false,"campfire_upgraded":0,"win_rate":0,"timestamp":1555263347,"path_taken":["M","?","?","M","?","E","R","E","T","?","?","M","?","?"],"build_version":"2019-01-23","purchased_purges":0,"victory":false,"max_hp_per_floor":[70,70,70,70,70,70,70,70,70,70,70,70,70,70],"card_choices":[{"not_picked":["Acrobatics","Heel Hook"],"picked":"Skewer","floor":1},{"not_picked":["Leg Sweep","Flying Knee"],"picked":"Backflip","floor":3},{"not_picked":["Slice","Bouncing Flask"],"picked":"Bane","floor":4},{"not_picked":["Outmaneuver","Backflip"],"picked":"Cloak And Dagger","floor":6},{"not_picked":["Storm of Steel","Flying Knee","Acrobatics"],"picked":"SKIP","floor":8},{"not_picked":["Backstab","Slice"],"picked":"Bouncing Flask","floor":12}],"player_experience":449562,"relics_obtained":[{"floor":6,"key":"Tiny Chest"},{"floor":8,"key":"PreservedInsect"},{"floor":9,"key":"MawBank"}],"event_choices":[{"damage_healed":0,"gold_gain":0,"player_choice":"Forge","damage_taken":0,"max_hp_gain":0,"max_hp_loss":0,"event_name":"Accursed Blacksmith","floor":2,"gold_loss":0,"cards_upgraded":["Skewer"]},{"damage_healed":0,"gold_gain":0,"player_choice":"Success","damage_taken":12,"relics_obtained":["Dodecahedron"],"max_hp_gain":0,"max_hp_loss":0,"event_name":"Scrap Ooze","floor":5,"gold_loss":0},{"damage_healed":23,"gold_gain":0,"player_choice":"Banana","damage_taken":0,"max_hp_gain":0,"max_hp_loss":0,"event_name":"Big Fish","floor":10,"gold_loss":0},{"damage_healed":0,"gold_gain":0,"player_choice":"Trade","damage_taken":0,"relics_obtained":["SsserpentHead"],"max_hp_gain":0,"max_hp_loss":0,"event_name":"FaceTrader","floor":13,"gold_loss":0}],"is_beta":false,"boss_relics":[],"items_purged_floors":[],"is_endless":false,"potions_floor_spawned":[4,6],"killed_by":"Large Slime","ascension_level":11}