{"gold_per_floor":[214,214,214,40,58,58,78,78,78,40,63,78,96,96,96,217,217,241,12,111,147,162,162,193,193,242,242,257,182,5,44,44,164,164,188,92,108,123,123,123,138,471,471,571,571,571,229,247,247,247,247,247,42,77,77],"floor_reached":55,"playtime":2451,"items_purged":["Strike_B","Strike_B","Strike_B"],"score":698,"play_id":"df2a4a4b-982b-4faa-bcf5-60b30c13633c","local_time":"20181212232355","is_ascension_mode":false,"campfire_choices":[{"data":"Zap","floor":6,"key":"SMITH"},{"data":"Redo","floor":8,"key":"SMITH"},{"data":"Barrage","floor":15,"key":"SMITH"},{"data":"Creative AI","floor":23,"key":"SMITH"},{"floor":25,"key":"REST"},{"data":"Dualcast","floor":27,"key":"SMITH"},{"floor":32,"key":"REST"},{"floor":40,"key":"RECALL"},{"data":"Defragment","floor":46,"key":"SMITH"},{"data":"Thunder Strike","floor":49,"key":"SMITH"},{"data":"Dark Shackles","floor":52,"key":"SMITH"}],"neow_cost":"NONE","seed_source_timestamp":1200794292504904,"circlet_count":0,"master_deck":["Strike_B","Defend_B+1","Defend_B","Zap+1","Dualcast+1","Redo+1","Glacier+1","Doom and Gloom","Barrage+1","Conserve Battery","Ball Lightning","Creative AI+1","Force Field+1","Defragment+1","Thunder Strike+1","Dark Shackles+1","Cold Snap+1"],"relics":["Cracked Core","NlothsMask","DataDisk","War Paint","Velvet Choker","MawBank","Red Mask","Boot","Incense Burner","Nuclear Battery","Bottled Lightning","Gambling Chip","Potion Belt","Runic Capacitor","Vajra"],"potions_floor_usage":[21,21,24,24,50,50,50,54],"damage_taken":[{"damage":2,"enemies":"2 Louse","floor":1,"turns":2},{"damage":5,"enemies":"Small Slimes","floor":5,"turns":4},{"damage":1,"enemies":"Cultist","floor":7,"turns":3},{"damage":8,"enemies":"Lots of Slimes","floor":11,"turns":3},{"damage":0,"enemies":"Looter","floor":12,"turns":3},{"damage":0,"enemies":"3 Louse","floor":13,"turns":2},{"damage":12,"enemies":"The Guardian","floor":16,"turns":11},{"damage":0,"enemies":"Chosen","floor":18,"turns":4},{"damage":6,"enemies":"Masked Bandits","floor":21,"turns":4},{"damage":0,"enemies":"3 Byrds","floor":22,"turns":4},{"damage":56,"enemies":"Gremlin Leader","floor":24,"turns":7},{"damage":0,"enemies":"3 Cultists","floor":28,"turns":5},{"damage":15,"enemies":"Book of Stabbing","floor":31,"turns":6},{"damage":7,"enemies":"Collector","floor":33,"turns":9},{"damage":4,"enemies":"3 Shapes","floor":35,"turns":6},{"damage":0,"enemies":"Orb Walker","floor":37,"turns":4},{"damage":6,"enemies":"Sphere and 2 Shapes","floor":38,"turns":6},{"damage":7,"enemies":"Maw","floor":41,"turns":8},{"damage":1,"enemies":"Mind Bloom Boss Battle","floor":44,"turns":6},{"damage":1,"enemies":"Spire Growth","floor":48,"turns":5},{"damage":6,"enemies":"Donu and Deca","floor":50,"turns":12},{"damage":40,"enemies":"Shield and Spear","floor":54,"turns":8},{"damage":30,"enemies":"The Heart","floor":55,"turns":11}],"seed_played":"5543142576534984829","potions_obtained":[{"floor":5,"key":"Fire Potion"},{"floor":12,"key":"Poison Potion"},{"floor":18,"key":"Strength Potion"},{"floor":22,"key":"GamblersBrew"},{"floor":33,"key":"FocusPotion"},{"floor":37,"key":"LiquidBronze"},{"floor":44,"key":"Poison Potion"}],"is_trial":false,"path_per_floor":["M","?","?","$","M","R","M","R","T","$","M","M","M","?","R","B",null,"M","$","?","?","M","R","E","R","T","R","M","?","$","E","R","B",null,"M","$","M","M","?","R","M","?","T","?","?","R","$","M","R","B",null,"R","$","E","B"],"character_chosen":"DEFECT","items_purchased":["DataDisk","Redo","Doom and Gloom","MawBank","Defragment","Dark Shackles","Potion Belt","FocusPotion","Runic Capacitor"],"campfire_rested":2,"item_purchase_floors":[4,4,10,19,30,36,47,47,53],"current_hp_per_floor":[73,69,69,69,64,64,63,63,63,63,55,55,55,37,37,25,69,69,69,69,63,63,63,7,27,27,27,27,27,27,12,32,25,69,65,65,65,59,59,59,52,52,52,51,51,51,51,50,50,44,66,66,66,26,0],"gold":77,"neow_bonus":"HUNDRED_GOLD","is_prod":false,"is_daily":false,"chose_seed":false,"campfire_upgraded":8,"win_rate":0,"timestamp":1544624635,"path_taken":["M","?","?","$","M","R","?","R","T","?","M","M","M","?","R","BOSS","M","$","?","?","M","R","E","R","T","R","M","?","?","E","R","BOSS","M","$","M","M","?","R","M","?","T","?","?","R","$","M","R","BOSS","R","$","E","BOSS"],"build_version":"2018-12-06","purchased_purges":3,"victory":false,"max_hp_per_floor":[75,69,69,69,69,69,69,69,69,69,69,69,69,69,69,69,69,69,69,69,69,69,69,69,69,69,69,69,69,69,69,69,69,69,69,69,69,69,66,66,66,66,66,66,66,66,66,66,66,66,66,66,66,66,66],"card_choices":[{"not_picked":["Coolheaded","Rebound","Gash"],"picked":"SKIP","floor":1},{"not_picked":["Compile Driver","Stack","Redo"],"picked":"SKIP","floor":5},{"not_picked":["Hologram","Turbo"],"picked":"Glacier","floor":7},{"not_picked":["Sweeping Beam","Leap"],"picked":"Barrage","floor":11},{"not_picked":["Streamline","Reboot"],"picked":"Conserve Battery","floor":12},{"not_picked":["Go for the Eyes","Lockon"],"picked":"Ball Lightning","floor":13},{"not_picked":["Thunder Strike","Meteor Strike"],"picked":"Creative AI","floor":16},{"not_picked":["Tempest","Barrage","Sweeping Beam"],"picked":"SKIP","floor":18},{"not_picked":["Rip and Tear","Coolheaded"],"picked":"Force Field+1","floor":21},{"not_picked":["Reboot","Force Field+1","Heatsinks"],"picked":"SKIP","floor":22},{"not_picked":["Compile Driver+1","Conserve Battery","Hologram"],"picked":"SKIP","floor":24},{"not_picked":["Beam Cell","Sweeping Beam","Leap"],"picked":"SKIP","floor":28},{"not_picked":["Stack","Rebound","Ball Lightning"],"picked":"SKIP","floor":31},{"not_picked":["Biased Cognition","Multi-Cast"],"picked":"Thunder Strike","floor":33},{"not_picked":["FTL+1","Compile Driver+1","Coolheaded+1"],"picked":"SKIP","floor":35},{"not_picked":["Turbo+1","Cold Snap","Redo+1"],"picked":"SKIP","floor":37},{"not_picked":["Beam Cell","Steam Power"],"picked":"Cold Snap+1","floor":38},{"not_picked":["Hello World+1","Leap","Gash+1"],"picked":"SKIP","floor":41},{"not_picked":["Lockon+1","Stack","Cold Snap"],"picked":"SKIP","floor":48},{"not_picked":["Doom and Gloom+1","Conserve Battery+1","Meteor Strike"],"picked":"SKIP","floor":54}],"player_experience":167223,"relics_obtained":[{"floor":21,"key":"Red Mask"},{"floor":24,"key":"Boot"},{"floor":31,"key":"Incense Burner"},{"floor":43,"key":"Bottled Lightning"},{"floor":44,"key":"Gambling Chip"},{"floor":54,"key":"Vajra"}],"event_choices":[{"damage_healed":0,"gold_gain":0,"player_choice":"Lose Max HP","damage_taken":0,"relics_obtained":["Golden Idol"],"max_hp_gain":0,"max_hp_loss":6,"event_name":"Golden Idol","floor":2,"gold_loss":0},{"damage_healed":0,"gold_gain":0,"player_choice":"Trade","damage_taken":0,"relics_obtained":["NlothsMask"],"max_hp_gain":0,"max_hp_loss":0,"event_name":"FaceTrader","floor":3,"gold_loss":0},{"damage_healed":0,"gold_gain":0,"player_choice":"Success","damage_taken":18,"relics_obtained":["War Paint"],"max_hp_gain":0,"max_hp_loss":0,"event_name":"Scrap Ooze","floor":14,"gold_loss":0},{"damage_healed":0,"gold_gain":99,"player_choice":"Stole From Cult","damage_taken":0,"max_hp_gain":0,"max_hp_loss":0,"event_name":"Nest","floor":20,"gold_loss":0},{"damage_healed":0,"gold_gain":0,"player_choice":"Fought Bandits","damage_taken":0,"max_hp_gain":0,"max_hp_loss":0,"event_name":"Masked Bandits","floor":21,"gold_loss":0},{"cards_removed":["Defend_B"],"damage_healed":0,"gold_gain":0,"player_choice":"Gave Gold","damage_taken":0,"max_hp_gain":0,"max_hp_loss":0,"event_name":"Beggar","floor":29,"gold_loss":75},{"damage_healed":0,"gold_gain":0,"player_choice":"Max HP","damage_taken":0,"max_hp_gain":0,"max_hp_loss":3,"event_name":"Winding Halls","floor":39,"gold_loss":0},{"damage_healed":0,"gold_gain":333,"player_choice":"Gave Idol","damage_taken":0,"max_hp_gain":0,"max_hp_loss":0,"event_name":"The Moai Head","floor":42,"relics_lost":["Golden Idol"],"gold_loss":0},{"damage_healed":0,"gold_gain":0,"player_choice":"Fight","damage_taken":0,"max_hp_gain":0,"max_hp_loss":0,"event_name":"MindBloom","floor":44,"gold_loss":0},{"cards_removed":["Defend_B"],"damage_healed":0,"gold_gain":0,"player_choice":"Removed Skill","damage_taken":0,"max_hp_gain":0,"max_hp_loss":0,"event_name":"Falling","floor":45,"gold_loss":0}],"is_beta":false,"boss_relics":[{"not_picked":["Lizard Tail","Runic Dome"],"picked":"Velvet Choker"},{"not_picked":["Orrery","Cursed Key"],"picked":"Nuclear Battery"}],"items_purged_floors":[19,30,47],"is_endless":false,"potions_floor_spawned":[5,12,18,22,33,37,44],"killed_by":"The Heart","ascension_level":0}