{"gold_per_floor":[214,234,245,26,43,43,73,89,116,126,126,126,142,154,154,154],"floor_reached":16,"playtime":613,"items_purged":[],"score":212,"play_id":"eb899733-a07a-4b55-93bc-d950d728e6fd","local_time":"20190502212136","is_ascension_mode":true,"campfire_choices":[{"data":"Neutralize","floor":6,"key":"SMITH"},{"data":"Dagger Spray","floor":11,"key":"SMITH"},{"data":"Noxious Fumes","floor":15,"key":"SMITH"}],"neow_cost":"NONE","seed_source_timestamp":317831372092000,"circlet_count":0,"master_deck":["AscendersBane","Defend_G","Defend_G","Defend_G","Defend_G","Defend_G","Strike_G","Strike_G","Strike_G","Strike_G","Strike_G","Survivor","Neutralize+1","Riddle With Holes","Flying Knee","Deadly Poison+1","Dodge and Roll","Glass Knife","Dagger Spray+1","Backstab","Noxious Fumes+1"],"relics":["Ring of the Snake","Potion Belt","Mercury Hourglass","Bag of Preparation"],"potions_floor_usage":[10,10,16,16,16],"damage_taken":[{"damage":1,"enemies":"Cultist","floor":1,"turns":4},{"damage":3,"enemies":"Jaw Worm","floor":2,"turns":5},{"damage":0,"enemies":"2 Louse","floor":3,"turns":2},{"damage":3,"enemies":"Looter","floor":5,"turns":4},{"damage":41,"enemies":"Lagavulin","floor":7,"turns":10},{"damage":6,"enemies":"3 Louse","floor":8,"turns":2},{"damage":1,"enemies":"Red Slaver","floor":10,"turns":4},{"damage":0,"enemies":"Large Slime","floor":13,"turns":2},{"damage":0,"enemies":"Lots of Slimes","floor":14,"turns":3},{"damage":21,"enemies":"Slime Boss","floor":16,"turns":6}],"seed_played":"-554026070836553087","potions_obtained":[{"floor":1,"key":"Regen Potion"},{"floor":2,"key":"Dexterity Potion"},{"floor":7,"key":"SpeedPotion"},{"floor":10,"key":"SteroidPotion"},{"floor":14,"key":"Block Potion"}],"is_trial":false,"path_per_floor":["M","M","M","$","M","R","E","M","T","M","R","?","M","M","R","B"],"character_chosen":"THE_SILENT","items_purchased":["Potion Belt","Dodge and Roll"],"campfire_rested":0,"item_purchase_floors":[4,4],"current_hp_per_floor":[58,55,55,55,52,52,11,5,5,16,16,16,16,16,16,0],"gold":154,"neow_bonus":"HUNDRED_GOLD","is_prod":false,"is_daily":false,"chose_seed":false,"campfire_upgraded":3,"win_rate":0,"timestamp":1556799696,"path_taken":["M","M","M","$","?","R","E","M","T","M","R","?","M","M","R","BOSS"],"build_version":"2019-01-23","purchased_purges":0,"victory":false,"max_hp_per_floor":[66,66,66,66,66,66,66,66,66,66,66,66,66,66,66,66],"card_choices":[{"not_picked":["Blur","Prepared"],"picked":"Riddle With Holes","floor":1},{"not_picked":["Heel Hook","Bane"],"picked":"Flying Knee","floor":2},{"not_picked":["Deflect","Predator"],"picked":"Deadly Poison","floor":3},{"not_picked":["Deflect","Masterful Stab"],"picked":"Glass Knife","floor":5},{"not_picked":["Underhanded Strike","Flying Knee"],"picked":"Dagger Spray","floor":7},{"not_picked":["Dodge and Roll","Blade Dance","Dagger Spray"],"picked":"SKIP","floor":8},{"not_picked":["Flying Knee","Dagger Spray","Envenom"],"picked":"SKIP","floor":10},{"not_picked":["Bane","Dagger Throw"],"picked":"Backstab","floor":13},{"not_picked":["Sucker Punch","Blade Dance"],"picked":"Noxious Fumes","floor":14}],"player_experience":1186176,"relics_obtained":[{"floor":7,"key":"Mercury Hourglass"},{"floor":9,"key":"Bag of Preparation"}],"event_choices":[{"damage_healed":0,"gold_gain":0,"player_choice":"Grow","damage_taken":0,"max_hp_gain":0,"max_hp_loss":0,"event_name":"Living Wall","floor":12,"gold_loss":0,"cards_upgraded":["Deadly Poison"]}],"is_beta":false,"boss_relics":[],"items_purged_floors":[],"is_endless":false,"potions_floor_spawned":[1,2,7,10,14],"killed_by":"Slime Boss","ascension_level":20}