{"gold_per_floor":[114,129,194,212,212,237,73,112,112,144,181,181,233,267,267,370,370,386,35,49,49,69,69,82,82,107,160,160,160,160,80,80,181,181,198,216,116,136,236,236,267,267,267,281,319,319,329,329,329,369,369,369,66,114,114],"floor_reached":56,"playtime":4535,"items_purged":["Strike_G","Strike_G"],"score":1538,"play_id":"f0f70fad-827d-4249-a126-c460a24d144b","local_time":"20190420142659","is_ascension_mode":true,"campfire_choices":[{"floor":12.0,"key":"REST"},{"data":"Footwork","floor":15.0,"key":"SMITH"},{"data":"Wraith Form v2","floor":23.0,"key":"SMITH"},{"data":"Footwork","floor":25.0,"key":"SMITH"},{"data":"Caltrops","floor":29.0,"key":"SMITH"},{"floor":32.0,"key":"REST"},{"data":"Burst","floor":40,"key":"SMITH"},{"data":"Caltrops","floor":42,"key":"SMITH"},{"floor":49,"key":"RECALL"},{"data":"Cloak And Dagger","floor":52,"key":"SMITH"}],"neow_cost":"NONE","seed_source_timestamp":0,"circlet_count":0,"master_deck":["Defend_G","Defend_G","Defend_G","Defend_G+1","Defend_G","Strike_G","Strike_G","Survivor","Neutralize+1","Predator","Slice","Noxious Fumes","Bouncing Flask+1","Quick Slash","HandOfGreed","Footwork+1","Backflip","Dagger Spray","Noxious Fumes","Cloak And Dagger+1","Wraith Form v2+1","Caltrops+1","Footwork+1","Backflip","Prepared+1","Caltrops+1","Burst+1","Cloak And Dagger","Backflip+1","Cloak And Dagger","Blur","Caltrops+1","Neutralize","Caltrops+1"],"special_seed":0,"relics":["Ring of the Snake","Meat on the Bone","Kunai","War Paint","Busted Crown","OrangePellets","Ancient Tea Set","MutagenicStrength","Eternal Feather","Dodecahedron","Question Card","Mummified Hand","Ninja Scroll"],"potions_floor_usage":[45,55,55,55],"damage_taken":[{"damage":2.0,"enemies":"2 Louse","floor":1.0,"turns":5.0},{"damage":5.0,"enemies":"Small Slimes","floor":2.0,"turns":3.0},{"damage":0.0,"enemies":"Cultist","floor":4.0,"turns":3.0},{"damage":31.0,"enemies":"Gremlin Nob","floor":6.0,"turns":4.0},{"damage":8.0,"enemies":"Exordium Thugs","floor":8.0,"turns":6.0},{"damage":8.0,"enemies":"3 Louse","floor":10.0,"turns":2.0},{"damage":9.0,"enemies":"2 Fungi Beasts","floor":11.0,"turns":2.0},{"damage":23.0,"enemies":"Lagavulin","floor":13.0,"turns":6.0},{"damage":20.0,"enemies":"Lots of Slimes","floor":14.0,"turns":4.0},{"damage":12.0,"enemies":"Hexaghost","floor":16.0,"turns":7.0},{"damage":3.0,"enemies":"Shell Parasite","floor":18.0,"turns":4.0},{"damage":0.0,"enemies":"3 Byrds","floor":20.0,"turns":4.0},{"damage":2.0,"enemies":"Snecko","floor":22.0,"turns":5.0},{"damage":0.0,"enemies":"Centurion and Healer","floor":24.0,"turns":8.0},{"damage":18.0,"enemies":"Gremlin Leader","floor":27.0,"turns":8.0},{"damage":9.0,"enemies":"Champ","floor":33.0,"turns":12.0},{"damage":12,"enemies":"Orb Walker","floor":35,"turns":6},{"damage":1,"enemies":"3 Shapes","floor":36,"turns":4},{"damage":7,"enemies":"Spire Growth","floor":38,"turns":6},{"damage":3,"enemies":"Nemesis","floor":41,"turns":11},{"damage":2,"enemies":"Sphere and 2 Shapes","floor":44,"turns":5},{"damage":0,"enemies":"Maw","floor":45,"turns":9},{"damage":7,"enemies":"Spire Growth","floor":47,"turns":8},{"damage":21,"enemies":"Awakened One","floor":50,"turns":20},{"damage":6,"enemies":"Shield and Spear","floor":54,"turns":7},{"damage":5,"enemies":"The Heart","floor":55,"turns":7}],"seed_played":"-3551395769504052071","potions_obtained":[{"floor":2.0,"key":"AttackPotion"},{"floor":4.0,"key":"SpeedPotion"},{"floor":8.0,"key":"Dexterity Potion"},{"floor":13.0,"key":"FearPotion"},{"floor":14.0,"key":"Energy Potion"},{"floor":27.0,"key":"Poison Potion"},{"floor":45,"key":"EntropicBrew"}],"is_trial":false,"path_per_floor":["M","M","?","M","?","E","$","M","T","M","M","R","E","M","R","B",null,"M","$","M","?","M","R","M","R","T","E","$","R","?","$","R","B",null,"M","M","$","M","?","R","E","R","T","M","M","?","M","?","R","B",null,"R","$","E","B",null],"character_chosen":"THE_SILENT","items_purchased":["HandOfGreed","OrangePellets","Caltrops","Caltrops","Mummified Hand","Dexterity Potion"],"campfire_rested":2,"item_purchase_floors":[7,19,19,31,53,53],"current_hp_per_floor":[61,56,56,56,56,25,25,29,29,33,36,57,46,38,38,38,62,59,59,59,59,57,57,57,57,57,39,39,39,39,39,60,51,65,53,52,52,45,45,60,57,70,70,68,68,68,61,61,70,49,65,70,70,64,59],"gold":114,"neow_bonus":"UPGRADE_CARD","is_prod":false,"is_daily":false,"chose_seed":false,"campfire_upgraded":7,"win_rate":0,"timestamp":1555784819,"path_taken":["M","M","?","M","?","E","$","M","T","M","M","R","E","M","R","BOSS","M","$","M","?","M","R","M","R","T","E","?","R","?","$","R","BOSS","M","M","$","M","?","R","E","R","T","?","M","?","?","?","R","BOSS","R","$","E","BOSS"],"build_version":"2019-01-23","purchased_purges":2,"victory":true,"max_hp_per_floor":[70,70,70,70,70,70,70,70,70,70,70,70,70,70,70,70,70,70,70,70,70,70,70,70,70,70,70,70,70,70,70,70,70,70,70,70,70,70,70,70,70,70,70,70,70,70,70,70,70,70,70,70,70,70,70],"card_choices":[{"not_picked":["Dodge and Roll","Deadly Poison"],"picked":"Predator","floor":1.0},{"not_picked":["Dagger Throw","Concentrate"],"picked":"Slice","floor":2.0},{"not_picked":["Outmaneuver","Quick Slash"],"picked":"Noxious Fumes","floor":4.0},{"not_picked":["Tactician","Eviscerate"],"picked":"Quick Slash","floor":6.0},{"not_picked":["Bane","Distraction"],"picked":"Footwork","floor":8.0},{"not_picked":["Concentrate","Quick Slash"],"picked":"Backflip","floor":10.0},{"not_picked":["Flying Knee","Distraction"],"picked":"Dagger Spray","floor":11.0},{"not_picked":["Bouncing Flask","Deadly Poison"],"picked":"Noxious Fumes","floor":13.0},{"not_picked":["Sucker Punch","A Thousand Cuts"],"picked":"Cloak And Dagger","floor":14.0},{"not_picked":["Tools of the Trade","Phantasmal Killer"],"picked":"Wraith Form v2","floor":16.0},{"not_picked":["Masterful Stab"],"picked":"SKIP","floor":18.0},{"not_picked":["Slice"],"picked":"SKIP","floor":20.0},{"not_picked":[],"picked":"Backflip","floor":22.0},{"not_picked":["Flying Knee"],"picked":"SKIP","floor":24.0},{"not_picked":[],"picked":"Prepared+1","floor":27.0},{"not_picked":[],"picked":"Burst","floor":33.0},{"not_picked":[],"picked":"Cloak And Dagger","floor":35},{"not_picked":["Dodge and Roll"],"picked":"SKIP","floor":36},{"not_picked":[],"picked":"Backflip+1","floor":38},{"not_picked":[],"picked":"Cloak And Dagger","floor":41},{"not_picked":["Riddle With Holes+1","Tactician+1"],"picked":"SKIP","floor":44},{"not_picked":["Poisoned Stab+1"],"picked":"Blur","floor":45},{"not_picked":["Concentrate","Sucker Punch+1"],"picked":"SKIP","floor":47},{"not_picked":["Die Die Die"],"picked":"Caltrops+1","floor":54}],"player_experience":195289,"relics_obtained":[{"floor":6.0,"key":"Meat on the Bone"},{"floor":9.0,"key":"Kunai"},{"floor":13.0,"key":"War Paint"},{"floor":27.0,"key":"Ancient Tea Set"},{"floor":41,"key":"Dodecahedron"},{"floor":43,"key":"Question Card"},{"floor":54,"key":"Ninja Scroll"}],"event_choices":[{"damage_healed":0.0,"max_hp_gain":0.0,"max_hp_loss":0.0,"gold_gain":65.0,"event_name":"Golden Wing","player_choice":"Gained Gold","floor":3.0,"gold_loss":0.0,"damage_taken":0.0},{"damage_healed":0.0,"max_hp_gain":0.0,"max_hp_loss":0.0,"gold_gain":0.0,"cards_transformed":["Strike_G"],"event_name":"Transmorgrifier","player_choice":"Transformed","floor":5.0,"gold_loss":0.0,"damage_taken":0.0,"cards_obtained":["Bouncing Flask"]},{"damage_healed":0.0,"max_hp_gain":0.0,"max_hp_loss":0.0,"gold_gain":0.0,"event_name":"The Library","player_choice":"Read","floor":21.0,"gold_loss":0.0,"damage_taken":0.0,"cards_obtained":["Footwork"]},{"damage_healed":0.0,"max_hp_gain":0.0,"max_hp_loss":0.0,"gold_gain":0.0,"event_name":"Drug Dealer","player_choice":"Inject Mutagens","floor":30.0,"gold_loss":0.0,"damage_taken":0.0,"relics_obtained":["MutagenicStrength"]},{"damage_healed":0,"gold_gain":100,"player_choice":"Pray","damage_taken":0,"max_hp_gain":0,"max_hp_loss":0,"event_name":"Golden Shrine","floor":39,"gold_loss":0},{"damage_healed":0,"gold_gain":0,"player_choice":"Copied","damage_taken":0,"max_hp_gain":0,"max_hp_loss":0,"event_name":"Duplicator","floor":46,"gold_loss":0,"cards_obtained":["Caltrops"]},{"damage_healed":0,"gold_gain":0,"player_choice":"1 cards matched","damage_taken":0,"max_hp_gain":0,"max_hp_loss":0,"event_name":"Match and Keep!","floor":48,"gold_loss":0,"cards_obtained":["Neutralize"]}],"is_beta":false,"boss_relics":[{"not_picked":["Tiny House","WristBlade"],"picked":"Busted Crown"},{"not_picked":["Calling Bell","Coffee Dripper"],"picked":"Eternal Feather"}],"items_purged_floors":[19,37],"is_endless":false,"potions_floor_spawned":[2,4,8,13,14,18,27,35,41,45,54],"ascension_level":8}