{"gold_per_floor":[109,109,130,148,73,73,93,93,93,116,116,36,36,79,79,175,175,198,43,63,86,86,86,110,110],"floor_reached":25,"playtime":1603,"items_purged":["Strike_B"],"score":406,"play_id":"3824839f-c835-4bae-9f4c-6ac42bcec279","local_time":"20190430005639","is_ascension_mode":true,"campfire_choices":[{"data":"Streamline","floor":6.0,"key":"SMITH"},{"data":"Zap","floor":11.0,"key":"SMITH"},{"floor":13.0,"key":"REST"},{"data":"FTL","floor":15.0,"key":"SMITH"},{"floor":23.0,"key":"REST"}],"neow_cost":"NONE","seed_source_timestamp":352722760571700,"circlet_count":0,"master_deck":["AscendersBane","Strike_B","Strike_B","Defend_B","Defend_B","Defend_B","Defend_B","Zap+1","Dualcast","Rebound","FTL+1","Streamline+1","Seek+1","Coolheaded+1","Hologram+1","Hologram+1","Echo Form","Go for the Eyes","Defragment","FTL+1","Capacitor","Necronomicurse"],"special_seed":0,"relics":["Cracked Core","Orichalcum","Golden Idol","Toxic Egg 2","Pantograph","Cables","Runic Pyramid","Necronomicon"],"potions_floor_usage":[25],"damage_taken":[{"damage":0.0,"enemies":"2 Louse","floor":1.0,"turns":2.0},{"damage":7.0,"enemies":"Jaw Worm","floor":3.0,"turns":3.0},{"damage":0.0,"enemies":"Small Slimes","floor":4.0,"turns":2.0},{"damage":6.0,"enemies":"Blue Slaver","floor":7.0,"turns":3.0},{"damage":0.0,"enemies":"Exordium Wildlife","floor":10.0,"turns":3.0},{"damage":4.0,"enemies":"Gremlin Nob","floor":14.0,"turns":3.0},{"damage":14.0,"enemies":"Slime Boss","floor":16.0,"turns":8.0},{"damage":17.0,"enemies":"2 Thieves","floor":18.0,"turns":4.0},{"damage":0.0,"enemies":"Chosen","floor":20.0,"turns":3.0},{"damage":10.0,"enemies":"Centurion and Healer","floor":21.0,"turns":5.0},{"damage":12.0,"enemies":"Snecko","floor":24.0,"turns":3.0},{"damage":26,"enemies":"Slavers","floor":25,"turns":1}],"seed_played":"6740359102507915980","potions_obtained":[{"floor":3.0,"key":"PowerPotion"},{"floor":14.0,"key":"Weak Potion"},{"floor":24.0,"key":"Fruit Juice"}],"is_trial":false,"path_per_floor":["M","?","M","M","?","R","M","?","T","M","R","$","R","E","R","B",null,"M","$","M","M","?","R","M","E"],"character_chosen":"DEFECT","items_purchased":["Coolheaded+1","Hologram+1","Defragment"],"campfire_rested":2,"item_purchase_floors":[12,12,19],"current_hp_per_floor":[64,64,57,57,57,57,51,40,40,40,40,40,59,55,55,50,61,44,44,44,34,13,32,20,0],"gold":110,"neow_bonus":"RANDOM_COMMON_RELIC","is_prod":false,"is_daily":false,"chose_seed":false,"campfire_upgraded":3,"win_rate":0,"timestamp":1556578599,"path_taken":["M","?","M","M","?","R","?","?","T","M","R","?","R","E","R","BOSS","M","$","M","M","?","R","M","E"],"build_version":"2019-01-23","purchased_purges":1,"victory":false,"max_hp_per_floor":[71,64,64,64,64,64,64,64,64,64,64,64,64,64,64,64,64,64,64,64,64,64,64,64,69],"card_choices":[{"not_picked":["Cold Snap","Steam"],"picked":"Rebound","floor":1.0},{"not_picked":["Streamline","Beam Cell"],"picked":"FTL","floor":3.0},{"not_picked":["Cold Snap","Turbo"],"picked":"Streamline","floor":4.0},{"not_picked":["Rebound","Compile Driver","BootSequence"],"picked":"SKIP","floor":7.0},{"not_picked":["Beam Cell","Redo+1"],"picked":"Seek+1","floor":10.0},{"not_picked":["Rebound","Force Field+1"],"picked":"Hologram+1","floor":14.0},{"not_picked":["Rainbow+1","Amplify+1"],"picked":"Echo Form","floor":16.0},{"not_picked":["Gash","Genetic Algorithm+1"],"picked":"Go for the Eyes","floor":18.0},{"not_picked":["Stack+1","Redo+1"],"picked":"FTL+1","floor":20.0},{"not_picked":["Turbo+1","Streamline+1"],"picked":"Capacitor","floor":21.0},{"not_picked":["Skim+1","Core Surge","Gash"],"picked":"SKIP","floor":24.0}],"player_experience":618474,"relics_obtained":[{"floor":9.0,"key":"Pantograph"},{"floor":14.0,"key":"Cables"},{"floor":22.0,"key":"Necronomicon"}],"event_choices":[{"damage_healed":0.0,"max_hp_gain":0.0,"max_hp_loss":7.0,"gold_gain":0.0,"event_name":"Golden Idol","player_choice":"Lose Max HP","floor":2.0,"gold_loss":0.0,"damage_taken":0.0,"relics_obtained":["Golden Idol"]},{"cards_removed":["Strike_B"],"damage_healed":0.0,"max_hp_gain":0.0,"max_hp_loss":0.0,"gold_gain":0.0,"event_name":"The Cleric","player_choice":"Card Removal","floor":5.0,"gold_loss":75.0,"damage_taken":0.0},{"damage_healed":0.0,"max_hp_gain":0.0,"max_hp_loss":0.0,"gold_gain":0.0,"event_name":"Scrap Ooze","player_choice":"Success","floor":8.0,"gold_loss":0.0,"damage_taken":11.0,"relics_obtained":["Toxic Egg 2"]},{"damage_healed":0.0,"max_hp_gain":0.0,"max_hp_loss":0.0,"gold_gain":0.0,"event_name":"Cursed Tome","player_choice":"Obtained Book","floor":22.0,"gold_loss":0.0,"damage_taken":21.0}],"is_beta":false,"boss_relics":[{"not_picked":["Empty Cage","Lizard Tail"],"picked":"Runic Pyramid"}],"items_purged_floors":[19],"is_endless":false,"potions_floor_spawned":[3,14,24],"killed_by":"Slavers","ascension_level":20}