{"gold_per_floor":[115,40,55,70,90,90,90,90,144,144,173,183,193,213,213,290,290,309,329,339,353,100,100,100],"floor_reached":24,"playtime":1234,"items_purged":["Strike_R"],"score":404,"play_id":"ade29529-3431-4d29-bd9c-93fc0fbd96ef","local_time":"20190426213210","is_ascension_mode":true,"campfire_choices":[{"data":"Bash","floor":6,"key":"SMITH"},{"data":"Inflame","floor":10,"key":"SMITH"},{"data":"Armaments","floor":15,"key":"SMITH"},{"floor":23,"key":"REST"}],"neow_cost":"NONE","seed_source_timestamp":54309108100279,"circlet_count":0,"master_deck":["AscendersBane","Strike_R","Defend_R","Defend_R","Defend_R","Defend_R","Bash+1","Armaments+1","Inflame+1","Limit Break","Pommel Strike","Pummel","Armaments+1","Fiend Fire","Headbutt","True Grit+1","Sword Boomerang","Flame Barrier","Inflame"],"relics":["Burning Blood","NeowsBlessing","Ancient Tea Set","Blood Vial","Empty Cage"],"potions_floor_usage":[16,18,24,24],"damage_taken":[{"damage":0,"enemies":"Small Slimes","floor":1,"turns":1},{"damage":0,"enemies":"Jaw Worm","floor":3,"turns":1},{"damage":0,"enemies":"Cultist","floor":4,"turns":1},{"damage":1,"enemies":"2 Fungi Beasts","floor":5,"turns":3},{"damage":19,"enemies":"Lagavulin","floor":11,"turns":6},{"damage":12,"enemies":"Exordium Wildlife","floor":12,"turns":5},{"damage":11,"enemies":"Blue Slaver","floor":13,"turns":4},{"damage":15,"enemies":"Gremlin Gang","floor":14,"turns":4},{"damage":30,"enemies":"Hexaghost","floor":16,"turns":7},{"damage":6,"enemies":"Spheric Guardian","floor":18,"turns":3},{"damage":18,"enemies":"2 Thieves","floor":19,"turns":4},{"damage":0,"enemies":"Centurion and Healer","floor":20,"turns":5},{"damage":53,"enemies":"Snecko","floor":21,"turns":6},{"damage":52,"enemies":"Sentry and Sphere","floor":24,"turns":7}],"seed_played":"6904641329975457540","potions_obtained":[{"floor":3,"key":"SteroidPotion"},{"floor":4,"key":"FearPotion"},{"floor":12,"key":"SteroidPotion"},{"floor":19,"key":"Dexterity Potion"},{"floor":21,"key":"PowerPotion"}],"is_trial":false,"path_per_floor":["M","?","M","M","M","R","?","?","T","R","E","M","M","M","R","B",null,"M","M","M","M","$","R","M"],"character_chosen":"IRONCLAD","items_purchased":["Sword Boomerang","Flame Barrier","Inflame"],"campfire_rested":1,"item_purchase_floors":[22,22,22],"current_hp_per_floor":[74,74,75,75,75,75,75,75,75,75,62,58,55,48,48,26,63,65,55,63,18,18,40,0],"gold":100,"neow_bonus":"THREE_ENEMY_KILL","is_prod":false,"is_daily":false,"chose_seed":false,"campfire_upgraded":3,"win_rate":0,"timestamp":1556281930,"path_taken":["M","?","M","M","M","R","?","?","T","R","E","M","M","M","R","BOSS","M","M","M","?","$","R","M"],"build_version":"2019-01-23","purchased_purges":1,"victory":false,"max_hp_per_floor":[75,75,75,75,75,75,75,75,75,75,75,75,75,75,75,75,75,75,75,75,75,75,75,75],"card_choices":[{"not_picked":["Ghostly Armor","Iron Wave"],"picked":"Armaments","floor":1},{"not_picked":["Wild Strike","Sword Boomerang"],"picked":"Inflame","floor":3},{"not_picked":["Cleave","Shrug It Off"],"picked":"Limit Break","floor":4},{"not_picked":["Intimidate","Flex","Body Slam"],"picked":"SKIP","floor":5},{"not_picked":["Entrench","Wild Strike","Intimidate"],"picked":"SKIP","floor":11},{"not_picked":["Flame Barrier","Inflame"],"picked":"Pommel Strike","floor":12},{"not_picked":["Wild Strike","Warcry"],"picked":"Pummel","floor":13},{"not_picked":["Cleave","Havoc"],"picked":"Armaments","floor":14},{"not_picked":["Impervious","Barricade"],"picked":"Fiend Fire","floor":16},{"not_picked":["Havoc","Clothesline"],"picked":"Headbutt","floor":18},{"not_picked":["Iron Wave","Intimidate","Flex"],"picked":"SKIP","floor":19},{"not_picked":["Perfected Strike","Bludgeon","Rampage"],"picked":"SKIP","floor":20},{"not_picked":["Headbutt","Iron Wave+1"],"picked":"True Grit+1","floor":21}],"player_experience":1096168,"relics_obtained":[{"floor":9,"key":"Ancient Tea Set"},{"floor":11,"key":"Blood Vial"}],"event_choices":[{"cards_removed":["Strike_R"],"damage_healed":0,"gold_gain":0,"player_choice":"Card Removal","damage_taken":0,"max_hp_gain":0,"max_hp_loss":0,"event_name":"The Cleric","floor":2,"gold_loss":75},{"damage_healed":0,"gold_gain":0,"player_choice":"Ignored","damage_taken":0,"max_hp_gain":0,"max_hp_loss":0,"event_name":"Liars Game","floor":7,"gold_loss":0},{"damage_healed":0,"gold_gain":0,"player_choice":"Upgraded","damage_taken":0,"max_hp_gain":0,"max_hp_loss":0,"event_name":"Upgrade Shrine","floor":8,"gold_loss":0,"cards_upgraded":["Armaments"]}],"is_beta":false,"boss_relics":[{"not_picked":["Runic Cube","Busted Crown"],"picked":"Empty Cage"}],"items_purged_floors":[22],"is_endless":false,"potions_floor_spawned":[3,4,12,13,14,19,21],"killed_by":"Sentry and Sphere","ascension_level":20}