{"gold_per_floor":[115,130,130,130,14,14,25,52,52,52,69,34,47,0,0,74,74,86,36,49,6,26,26,54,54,54,12,28,28,41,41,41,41],"floor_reached":33,"playtime":1283,"items_purged":["Strike_G"],"score":530,"play_id":"c40c071b-a097-4b14-9a52-6d831b1758a9","local_time":"20190424211718","is_ascension_mode":true,"campfire_choices":[{"data":"Neutralize","floor":6,"key":"SMITH"},{"data":"Dagger Spray","floor":10,"key":"SMITH"},{"data":"Crippling Poison","floor":15,"key":"SMITH"},{"data":"Noxious Fumes","floor":23,"key":"SMITH"},{"floor":25,"key":"REST"},{"data":"Footwork","floor":29,"key":"SMITH"},{"floor":32,"key":"REST"}],"neow_cost":"NONE","seed_source_timestamp":478127022668708,"circlet_count":0,"master_deck":["AscendersBane","Defend_G","Defend_G","Defend_G","Defend_G","Defend_G","Strike_G","Strike_G+1","Strike_G+1","Survivor","Neutralize+1","Flying Knee","Quick Slash","Noxious Fumes+1","Dagger Spray+1","Blur","Footwork+1","Crippling Poison+1","Glass Knife","Dodge and Roll","Dash","Deflect","Dodge and Roll","Bane","PiercingWail"],"relics":["Ring of the Snake","Ginger","Velvet Choker","Sundial","The Courier"],"potions_floor_usage":[8,16,16,16,16,22,24,28,30,31],"damage_taken":[{"damage":1,"enemies":"2 Louse","floor":1,"turns":3},{"damage":0,"enemies":"Jaw Worm","floor":2,"turns":5},{"damage":2,"enemies":"Small Slimes","floor":7,"turns":4},{"damage":22,"enemies":"Lagavulin","floor":8,"turns":10},{"damage":0,"enemies":"3 Louse","floor":11,"turns":2},{"damage":0,"enemies":"Looter","floor":13,"turns":5},{"damage":5,"enemies":"Slime Boss","floor":16,"turns":7},{"damage":17,"enemies":"Spheric Guardian","floor":18,"turns":4},{"damage":0,"enemies":"3 Byrds","floor":20,"turns":4},{"damage":9,"enemies":"3 Cultists","floor":22,"turns":4},{"damage":15,"enemies":"Slavers","floor":24,"turns":5},{"damage":3,"enemies":"Centurion and Healer","floor":28,"turns":7},{"damage":20,"enemies":"Cultist and Chosen","floor":30,"turns":6},{"damage":7,"enemies":"Colosseum Slavers","floor":31,"turns":4},{"damage":25,"enemies":"Collector","floor":33,"turns":6}],"seed_played":"6321350246425623471","potions_obtained":[{"floor":0,"key":"EntropicBrew"},{"floor":0,"key":"Regen Potion"},{"floor":11,"key":"SteroidPotion"},{"floor":20,"key":"Poison Potion"},{"floor":22,"key":"PowerPotion"},{"floor":24,"key":"Poison Potion"},{"floor":28,"key":"Weak Potion"}],"is_trial":false,"path_per_floor":["M","M","?","?","$","R","M","E","T","R","M","?","M","?","R","B",null,"M","?","M","$","M","R","E","R","T","$","M","R","M","?","R","B"],"character_chosen":"THE_SILENT","items_purchased":["Noxious Fumes","Dash","SkillPotion"],"campfire_rested":2,"item_purchase_floors":[5,21,27],"current_hp_per_floor":[58,58,38,31,31,31,29,22,22,22,22,38,38,38,38,33,58,41,41,41,41,32,32,17,36,36,36,33,33,13,6,25,0],"gold":41,"neow_bonus":"THREE_SMALL_POTIONS","is_prod":false,"is_daily":false,"chose_seed":false,"campfire_upgraded":5,"win_rate":0,"timestamp":1556108238,"path_taken":["M","M","?","?","$","R","M","E","T","R","M","?","M","?","R","BOSS","M","?","?","?","M","R","E","R","T","$","M","R","?","?","R","BOSS"],"build_version":"2019-01-23","purchased_purges":1,"victory":false,"max_hp_per_floor":[66,66,66,66,66,66,66,66,66,66,66,66,66,66,66,66,66,66,66,66,66,66,66,66,66,66,66,66,66,66,66,66,66],"card_choices":[{"not_picked":["Deflect","Accuracy"],"picked":"Flying Knee","floor":1},{"not_picked":["Flying Knee","Sucker Punch"],"picked":"Quick Slash","floor":2},{"not_picked":["Deflect","Dagger Throw"],"picked":"Dagger Spray","floor":7},{"not_picked":["Slice","Bane"],"picked":"Blur","floor":8},{"not_picked":["Accuracy","Dagger Throw"],"picked":"Footwork","floor":11},{"not_picked":["Deflect","Heel Hook"],"picked":"Crippling Poison","floor":13},{"not_picked":["Envenom","Doppelganger"],"picked":"Glass Knife","floor":16},{"not_picked":["Slice","Expertise"],"picked":"Dodge and Roll","floor":18},{"not_picked":["Slice","Distraction","Blade Dance"],"picked":"SKIP","floor":20},{"not_picked":["Slice","Calculated Gamble"],"picked":"Deflect","floor":22},{"not_picked":["Caltrops","Blade Dance"],"picked":"Dodge and Roll","floor":24},{"not_picked":["Dash+1","Riddle With Holes"],"picked":"Bane","floor":28},{"not_picked":["Blur","Noxious Fumes"],"picked":"PiercingWail","floor":30}],"player_experience":1079160,"relics_obtained":[{"floor":8,"key":"Ginger"},{"floor":24,"key":"Sundial"},{"floor":26,"key":"The Courier"}],"event_choices":[{"damage_healed":0,"gold_gain":0,"player_choice":"Entered Light","damage_taken":20,"max_hp_gain":0,"max_hp_loss":0,"event_name":"Shining Light","floor":3,"gold_loss":0,"cards_upgraded":["Strike_G","Strike_G"]},{"cards_removed":["Strike_G"],"damage_healed":0,"gold_gain":0,"player_choice":"Card Removal","damage_taken":7,"max_hp_gain":0,"max_hp_loss":0,"event_name":"Golden Wing","floor":4,"gold_loss":0},{"damage_healed":16,"gold_gain":0,"player_choice":"Healed","damage_taken":0,"max_hp_gain":0,"max_hp_loss":0,"event_name":"The Cleric","floor":12,"gold_loss":35},{"damage_healed":0,"gold_gain":0,"player_choice":"Left Gold","damage_taken":0,"max_hp_gain":0,"max_hp_loss":0,"event_name":"World of Goop","floor":14,"gold_loss":47},{"damage_healed":0,"gold_gain":0,"player_choice":"Bet on Murderer","damage_taken":0,"max_hp_gain":0,"max_hp_loss":0,"event_name":"The Joust","floor":19,"gold_loss":50},{"damage_healed":0,"gold_gain":0,"player_choice":"Fight","damage_taken":0,"max_hp_gain":0,"max_hp_loss":0,"event_name":"Colosseum","floor":31,"gold_loss":0},{"damage_healed":0,"gold_gain":0,"player_choice":"Fled From Nobs","damage_taken":0,"max_hp_gain":0,"max_hp_loss":0,"event_name":"Colosseum","floor":31,"gold_loss":0}],"is_beta":false,"boss_relics":[{"not_picked":["Black Star","Pandora\u0027s Box"],"picked":"Velvet Choker"}],"items_purged_floors":[5],"is_endless":false,"potions_floor_spawned":[2,11,20,22,24,28],"killed_by":"Collector","ascension_level":20}