{"gold_per_floor":[118,137,137,12,27,27,52,62,89,104,165,182,33,44,44,149,149,161,179,179,179,179,179,14,48,48,73,73,73],"floor_reached":29,"playtime":1206,"items_purged":["Strike_B","Strike_B","Writhe"],"score":406,"play_id":"952c8db9-c851-443f-8327-226a41837e03","local_time":"20190408072134","is_ascension_mode":true,"campfire_choices":[{"data":"Defragment","floor":6,"key":"SMITH"},{"floor":15,"key":"REST"},{"data":"White Noise","floor":23,"key":"SMITH"}],"neow_cost":"NONE","seed_source_timestamp":0,"circlet_count":0,"master_deck":["Strike_B","Defend_B","Defend_B","Defend_B","Zap+1","Dualcast","Defragment+1","Cold Snap","Capacitor","Leap","Cold Snap","Genetic Algorithm","White Noise+1","Seek","Rebound","BootSequence","Capacitor","Darkness"],"special_seed":0,"relics":["Cracked Core","Bag of Marbles","Anchor","Tiny Chest","Runic Dome","Blue Candle","Happy Flower","Bottled Tornado"],"potions_floor_usage":[7,16,25,29],"damage_taken":[{"damage":0,"enemies":"Cultist","floor":1,"turns":3},{"damage":3,"enemies":"2 Louse","floor":2,"turns":2},{"damage":0,"enemies":"Small Slimes","floor":5,"turns":3},{"damage":30,"enemies":"Gremlin Nob","floor":7,"turns":4},{"damage":10,"enemies":"3 Louse","floor":8,"turns":3},{"damage":0,"enemies":"Looter","floor":10,"turns":4},{"damage":10,"enemies":"3 Sentries","floor":11,"turns":7},{"damage":5,"enemies":"2 Fungi Beasts","floor":12,"turns":4},{"damage":6,"enemies":"Large Slime","floor":14,"turns":6},{"damage":2,"enemies":"The Guardian","floor":16,"turns":9},{"damage":11,"enemies":"Spheric Guardian","floor":18,"turns":6},{"damage":5,"enemies":"Shell Parasite","floor":19,"turns":8},{"damage":22,"enemies":"Slavers","floor":25,"turns":12},{"damage":39,"enemies":"Book of Stabbing","floor":29,"turns":4}],"seed_played":"633025252304015496","potions_obtained":[{"floor":2,"key":"FocusPotion"},{"floor":5,"key":"Ancient Potion"},{"floor":8,"key":"Energy Potion"},{"floor":11,"key":"FocusPotion"},{"floor":18,"key":"LiquidBronze"}],"is_trial":false,"path_per_floor":["M","M","?","$","M","R","E","M","T","M","E","M","$","M","R","B",null,"M","M","?","?","?","R","$","E","T","T","?","E"],"character_chosen":"DEFECT","items_purchased":["Cold Snap","Fire Potion","Capacitor"],"campfire_rested":1,"item_purchase_floors":[4,13,24],"current_hp_per_floor":[75,72,72,72,72,72,42,32,32,32,22,17,17,11,33,31,75,64,59,59,59,59,59,59,37,37,37,37,0],"gold":73,"neow_bonus":"UPGRADE_CARD","is_prod":false,"is_daily":false,"chose_seed":false,"campfire_upgraded":2,"win_rate":0,"timestamp":1554700894,"path_taken":["M","?","?","$","M","R","E","M","T","M","E","M","?","M","R","BOSS","M","M","?","?","?","R","$","E","T","?","?","E"],"build_version":"2019-01-23","purchased_purges":3,"victory":false,"max_hp_per_floor":[75,75,75,75,75,75,75,75,75,75,75,75,75,75,75,75,75,75,75,75,75,75,75,75,75,75,75,75,75],"card_choices":[{"not_picked":["Streamline","Stack"],"picked":"Defragment","floor":1},{"not_picked":["Streamline","Rebound","Sweeping Beam"],"picked":"SKIP","floor":2},{"not_picked":["Ball Lightning","Turbo"],"picked":"Capacitor","floor":5},{"not_picked":["Skim","Compile Driver"],"picked":"Leap","floor":7},{"not_picked":["Recycle","Capacitor"],"picked":"Cold Snap","floor":8},{"not_picked":["Streamline","Static Discharge"],"picked":"Genetic Algorithm","floor":10},{"not_picked":["Rainbow","Steam Power","Stack"],"picked":"SKIP","floor":11},{"not_picked":["Steam","Storm"],"picked":"White Noise","floor":12},{"not_picked":["Redo","Sunder","Steam"],"picked":"SKIP","floor":14},{"not_picked":["Amplify","Multi-Cast"],"picked":"Seek","floor":16},{"not_picked":["Steam+1","Conserve Battery+1","Gash"],"picked":"SKIP","floor":18},{"not_picked":["Cold Snap","Reprogram","Steam Power"],"picked":"SKIP","floor":19},{"not_picked":["Sweeping Beam","Turbo"],"picked":"Darkness","floor":25}],"player_experience":468188,"relics_obtained":[{"floor":7,"key":"Bag of Marbles"},{"floor":9,"key":"Anchor"},{"floor":11,"key":"Tiny Chest"},{"floor":25,"key":"Happy Flower"},{"floor":26,"key":"Bottled Tornado"}],"event_choices":[{"damage_healed":0,"gold_gain":0,"player_choice":"0 cards matched","damage_taken":0,"max_hp_gain":0,"max_hp_loss":0,"event_name":"Match and Keep!","floor":3,"gold_loss":0,"cards_obtained":[]},{"damage_healed":0,"gold_gain":0,"player_choice":"Ignored","damage_taken":0,"max_hp_gain":0,"max_hp_loss":0,"event_name":"Vampires","floor":20,"gold_loss":0},{"damage_healed":0,"gold_gain":0,"cards_transformed":["Strike_B","Defend_B"],"player_choice":"Became Test Subject","damage_taken":0,"max_hp_gain":0,"max_hp_loss":0,"event_name":"Drug Dealer","floor":21,"gold_loss":0,"cards_obtained":["Rebound","BootSequence"]},{"damage_healed":0,"gold_gain":0,"player_choice":"Opened","damage_taken":0,"relics_obtained":["Blue Candle"],"max_hp_gain":0,"max_hp_loss":0,"event_name":"The Mausoleum","floor":22,"gold_loss":0,"cards_obtained":["Writhe"]},{"damage_healed":0,"gold_gain":0,"player_choice":"Ignored","damage_taken":0,"max_hp_gain":0,"max_hp_loss":0,"event_name":"Cursed Tome","floor":28,"gold_loss":0}],"is_beta":false,"boss_relics":[{"not_picked":["FrozenCore","Orrery"],"picked":"Runic Dome"}],"items_purged_floors":[4,13,24],"is_endless":false,"potions_floor_spawned":[2,5,8,11,14,18],"killed_by":"Book of Stabbing","ascension_level":3}