{"gold_per_floor":[110,110,110,110,123,123,148,161,188,188,338,352,25,37,37,112,112,132,145,175,175,100,100,100],"floor_reached":24,"playtime":752,"items_purged":["Doubt"],"score":427,"play_id":"6d773cfd-e70f-4432-bec7-c3b6ad7c06db","local_time":"20190409223322","is_ascension_mode":true,"campfire_choices":[{"data":"Gash","floor":6.0,"key":"SMITH"},{"data":"Coolheaded","floor":10.0,"key":"SMITH"},{"data":"Zap","floor":15.0,"key":"SMITH"},{"floor":23.0,"key":"REST"}],"neow_cost":"NONE","seed_source_timestamp":860851348179800,"circlet_count":0,"master_deck":["AscendersBane","Strike_B","Strike_B","Defend_B","Defend_B","Defend_B","Defend_B","Zap+1","Dualcast","Gash+1","Leap","Coolheaded+1","Glacier","Auto Shields","Gash+1","Rebound","Recycle","Fission","Hologram","Beam Cell"],"special_seed":0,"relics":["Cracked Core","NeowsBlessing","Turnip","Lantern","Oddly Smooth Stone","DollysMirror","Nuclear Battery","Tiny Chest"],"potions_floor_usage":[],"damage_taken":[{"damage":0.0,"enemies":"Jaw Worm","floor":1.0,"turns":1.0},{"damage":0.0,"enemies":"Small Slimes","floor":5.0,"turns":1.0},{"damage":0.0,"enemies":"3 Sentries","floor":7.0,"turns":1.0},{"damage":4.0,"enemies":"Cultist","floor":8.0,"turns":4.0},{"damage":1.0,"enemies":"3 Louse","floor":12.0,"turns":3.0},{"damage":0.0,"enemies":"Exordium Wildlife","floor":14.0,"turns":4.0},{"damage":43.0,"enemies":"Slime Boss","floor":16.0,"turns":15.0},{"damage":4.0,"enemies":"Shell Parasite","floor":18.0,"turns":11.0},{"damage":12.0,"enemies":"3 Byrds","floor":19.0,"turns":8.0},{"damage":28,"enemies":"Cultist and Chosen","floor":24,"turns":5}],"seed_played":"1269256485817317426","potions_obtained":[{"floor":1.0,"key":"SkillPotion"},{"floor":7.0,"key":"Poison Potion"},{"floor":8.0,"key":"PowerPotion"},{"floor":18.0,"key":"SkillPotion"},{"floor":19.0,"key":"Energy Potion"}],"is_trial":false,"path_per_floor":["M","?","T","?","M","R","E","M","T","R","?","M","$","M","R","B",null,"M","M","?","?","?","R","M"],"character_chosen":"DEFECT","items_purchased":["DollysMirror","Rebound"],"campfire_rested":1,"item_purchase_floors":[13,13],"current_hp_per_floor":[64,57,57,57,57,57,57,53,53,53,53,52,52,52,52,9,56,52,40,40,20,20,42,14],"gold":100,"neow_bonus":"THREE_ENEMY_KILL","is_prod":false,"is_daily":false,"chose_seed":false,"campfire_upgraded":3,"win_rate":0,"timestamp":1554842002,"path_taken":["M","?","?","?","?","R","E","M","T","R","?","M","?","M","R","BOSS","M","M","?","?","?","R","M"],"build_version":"2019-01-23","purchased_purges":1,"victory":false,"max_hp_per_floor":[71,71,71,71,71,71,71,71,71,71,71,71,71,71,71,71,71,71,71,71,76,76,76,76],"card_choices":[{"not_picked":["Loop","Sweeping Beam"],"picked":"Gash","floor":1.0},{"not_picked":["Undo","Conserve Battery"],"picked":"Leap","floor":5.0},{"not_picked":["Darkness","Sweeping Beam"],"picked":"Coolheaded","floor":7.0},{"not_picked":["Darkness","Beam Cell"],"picked":"Glacier","floor":8.0},{"not_picked":["Melter","Static Discharge"],"picked":"Auto Shields","floor":12.0},{"not_picked":["Tempest","Storm"],"picked":"Recycle","floor":14.0},{"not_picked":["Hyperbeam","Echo Form"],"picked":"Fission","floor":16.0},{"not_picked":["Stack","Undo"],"picked":"Hologram","floor":18.0},{"not_picked":["Steam+1","Redo"],"picked":"Beam Cell","floor":19.0}],"player_experience":526479,"relics_obtained":[{"floor":3.0,"key":"Turnip"},{"floor":7.0,"key":"Lantern"},{"floor":9.0,"key":"Oddly Smooth Stone"}],"event_choices":[{"cards_removed":["Strike_B"],"damage_healed":0.0,"max_hp_gain":0.0,"max_hp_loss":0.0,"gold_gain":0.0,"event_name":"Golden Wing","player_choice":"Card Removal","floor":2.0,"gold_loss":0.0,"damage_taken":7.0},{"cards_removed":["Strike_B"],"damage_healed":0.0,"max_hp_gain":0.0,"max_hp_loss":0.0,"gold_gain":0.0,"event_name":"Bonfire Elementals","player_choice":"Offered Basic","floor":4.0,"gold_loss":0.0,"damage_taken":0.0},{"damage_healed":0.0,"max_hp_gain":0.0,"max_hp_loss":0.0,"gold_gain":150.0,"event_name":"Liars Game","player_choice":"AGREE","floor":11.0,"gold_loss":0.0,"damage_taken":0.0,"cards_obtained":["Doubt"]},{"damage_healed":0.0,"max_hp_gain":0.0,"max_hp_loss":0.0,"gold_gain":0.0,"event_name":"The Mausoleum","player_choice":"Opened","floor":20.0,"gold_loss":0.0,"damage_taken":0.0,"relics_obtained":["Tiny Chest"],"cards_obtained":["Writhe"]},{"damage_healed":0.0,"max_hp_gain":5.0,"max_hp_loss":0.0,"gold_gain":0.0,"event_name":"Forgotten Altar","player_choice":"Shed Blood","floor":21.0,"gold_loss":0.0,"damage_taken":25.0},{"cards_removed":["Writhe"],"damage_healed":0.0,"max_hp_gain":0.0,"max_hp_loss":0.0,"gold_gain":0.0,"event_name":"Beggar","player_choice":"Gave Gold","floor":22.0,"gold_loss":75.0,"damage_taken":0.0}],"is_beta":false,"boss_relics":[{"not_picked":["Astrolabe","Ectoplasm"],"picked":"Nuclear Battery"}],"items_purged_floors":[13],"is_endless":false,"potions_floor_spawned":[1,7,8,14,18,19],"killed_by":"Cultist and Chosen","ascension_level":19}