{"gold_per_floor":[116,136,136,86,86,119,119,138,138,178,178,199,199,215,215,340,340,361,374,374,395,5,41,41,56,56,77,5,26,26,50,50,169,169,182,182,37,52,67,67,92,92,92,132,132,145,145,160,160,160],"floor_reached":51,"playtime":3744,"items_purged":["Strike_G","Strike_G"],"score":983,"play_id":"a13d481c-5cad-4a51-924d-0494739d9cb4","local_time":"20181103151038","is_ascension_mode":true,"campfire_choices":[{"data":"Deadly Poison","floor":7,"key":"SMITH"},{"floor":11,"key":"REST"},{"data":"Accuracy","floor":13,"key":"SMITH"},{"data":"Noxious Fumes","floor":15,"key":"SMITH"},{"floor":30,"key":"REST"},{"floor":32,"key":"REST"},{"floor":40,"key":"REST"},{"floor":42,"key":"REST"},{"data":"1","floor":47,"key":"LIFT"},{"data":"2","floor":49,"key":"LIFT"}],"neow_cost":"NONE","seed_source_timestamp":335815336780572,"circlet_count":0,"master_deck":["Defend_G","Defend_G","Defend_G","Defend_G","Defend_G","Survivor","Neutralize","Deadly Poison+1","Well Laid Plans","Accuracy+1","Leg Sweep","Infinite Blades","Cloak And Dagger","Noxious Fumes+1","Adrenaline","Deflect","Crippling Poison+1","Blade Dance","Backflip","Apotheosis+1","Dodge and Roll","Prepared+1","After Image","Deflect+1","PiercingWail+1","Noxious Fumes+1","Prepared+1","Deflect+1","Noxious Fumes+1"],"relics":["Ring of the Snake","NeowsBlessing","Golden Idol","Mummified Hand","Dream Catcher","Bottled Flame","Empty Cage","Snake Skull","Kunai","Toxic Egg 2","Fusion Hammer","Pen Nib","Letter Opener","Girya"],"potions_floor_usage":[16,16,16,16,16,16,25,29,44,50],"damage_taken":[{"damage":0,"enemies":"Cultist","floor":1,"turns":1},{"damage":0,"enemies":"Jaw Worm","floor":2,"turns":1},{"damage":0,"enemies":"Lagavulin","floor":6,"turns":1},{"damage":0,"enemies":"Small Slimes","floor":8,"turns":4},{"damage":40,"enemies":"3 Sentries","floor":10,"turns":14},{"damage":0,"enemies":"2 Fungi Beasts","floor":12,"turns":4},{"damage":3,"enemies":"Looter","floor":14,"turns":4},{"damage":16,"enemies":"Slime Boss","floor":16,"turns":10},{"damage":0,"enemies":"Spheric Guardian","floor":18,"turns":5},{"damage":0,"enemies":"Shell Parasite","floor":19,"turns":6},{"damage":25,"enemies":"Centurion and Healer","floor":21,"turns":6},{"damage":0,"enemies":"Gremlin Leader","floor":23,"turns":5},{"damage":25,"enemies":"Cultist and Chosen","floor":25,"turns":5},{"damage":3,"enemies":"Shelled Parasite and Fungi","floor":27,"turns":4},{"damage":3,"enemies":"Snake Plant","floor":29,"turns":5},{"damage":0,"enemies":"Cultist and Chosen","floor":31,"turns":5},{"damage":0,"enemies":"Automaton","floor":33,"turns":9},{"damage":0,"enemies":"3 Darklings","floor":35,"turns":5},{"damage":0,"enemies":"Orb Walker","floor":38,"turns":5},{"damage":10,"enemies":"3 Darklings","floor":39,"turns":4},{"damage":7,"enemies":"Maw","floor":41,"turns":8},{"damage":0,"enemies":"Giant Head","floor":44,"turns":7},{"damage":0,"enemies":"Spire Growth","floor":46,"turns":4},{"damage":0,"enemies":"4 Shapes","floor":48,"turns":3},{"damage":19,"enemies":"Time Eater","floor":50,"turns":11}],"seed_played":"-5389325911689829076","potions_obtained":[{"floor":2,"key":"SpeedPotion"},{"floor":12,"key":"EntropicBrew"},{"floor":14,"key":"Explosive Potion"},{"floor":18,"key":"FearPotion"},{"floor":29,"key":"Strength Potion"},{"floor":35,"key":"Poison Potion"},{"floor":39,"key":"Poison Potion"},{"floor":41,"key":"FearPotion"},{"floor":44,"key":"Explosive Potion"}],"is_trial":false,"path_per_floor":["M","M","?","?","?","E","R","M","T","E","R","M","R","M","R","B",null,"M","M","?","M","$","E","?","M","T","M","$","M","R","M","R","B",null,"M","?","$","M","M","R","M","R","T","E","?","M","R","M","R","B",null],"character_chosen":"THE_SILENT","items_purchased":["Snake Skull","Apotheosis","GhostInAJar","PiercingWail+1"],"campfire_rested":5,"item_purchase_floors":[22,22,28,37],"current_hp_per_floor":[70,70,53,53,58,58,58,58,58,18,40,40,40,37,37,21,62,62,62,62,37,37,37,37,12,12,9,9,6,28,28,50,50,69,69,69,69,69,59,75,68,75,75,75,75,75,75,75,75,56],"gold":160,"neow_bonus":"THREE_ENEMY_KILL","is_prod":false,"is_daily":false,"chose_seed":false,"campfire_upgraded":3,"win_rate":0,"timestamp":1541254238,"path_taken":["M","?","?","?","?","E","R","M","T","E","R","M","R","M","R","BOSS","M","M","?","M","$","E","?","M","T","M","$","M","R","?","R","BOSS","M","?","$","?","M","R","M","R","T","E","?","?","R","M","R","BOSS"],"build_version":"2018-11-01","purchased_purges":2,"victory":true,"max_hp_per_floor":[70,70,70,70,75,75,75,75,75,75,75,75,75,75,75,75,75,75,75,75,75,75,75,75,75,75,75,75,75,75,75,75,75,75,75,75,75,75,75,75,75,75,75,75,75,75,75,75,75,75],"card_choices":[{"not_picked":["Dagger Throw","Sucker Punch","Prepared"],"picked":"SKIP","floor":1},{"not_picked":["Outmaneuver","PiercingWail"],"picked":"Deadly Poison","floor":2},{"not_picked":["PiercingWail","Bouncing Flask"],"picked":"Well Laid Plans","floor":6},{"not_picked":["Infinite Blades","Cloak And Dagger"],"picked":"Accuracy","floor":8},{"not_picked":["Quick Slash","Setup"],"picked":"Leg Sweep","floor":10},{"not_picked":["Endless Agony","All Out Attack"],"picked":"Infinite Blades","floor":11},{"not_picked":["Backflip","Slice"],"picked":"Cloak And Dagger","floor":12},{"not_picked":["Dash","Deflect"],"picked":"Noxious Fumes","floor":14},{"not_picked":["Glass Knife","Unload"],"picked":"Adrenaline","floor":16},{"not_picked":["Dagger Spray+1","Underhanded Strike"],"picked":"Deflect","floor":18},{"not_picked":["Masterful Stab","Flying Knee+1"],"picked":"Crippling Poison+1","floor":19},{"not_picked":["Catalyst+1","Distraction"],"picked":"Backflip","floor":21},{"not_picked":["Eviscerate","Dagger Spray"],"picked":"Dodge and Roll","floor":23},{"not_picked":["Prepared","Crippling Poison+1","Setup"],"picked":"SKIP","floor":25},{"not_picked":["Sucker Punch","Choke","Dagger Throw+1"],"picked":"SKIP","floor":27},{"not_picked":["Distraction+1","Tactician+1","Flechettes"],"picked":"SKIP","floor":29},{"not_picked":["Expertise+1","Choke"],"picked":"Prepared+1","floor":31},{"not_picked":["Venomology+1","Malaise+1"],"picked":"After Image","floor":33},{"not_picked":["Cloak And Dagger+1","Underhanded Strike"],"picked":"Deflect+1","floor":35},{"not_picked":["Riddle With Holes+1","Deadly Poison+1","Dash+1"],"picked":"SKIP","floor":38},{"not_picked":["Bane","PiercingWail+1","Underhanded Strike+1"],"picked":"SKIP","floor":39},{"not_picked":["Underhanded Strike+1","Bouncing Flask+1"],"picked":"Noxious Fumes+1","floor":40},{"not_picked":["Dash","All Out Attack"],"picked":"Prepared+1","floor":41},{"not_picked":["Flechettes","Dagger Throw"],"picked":"Deflect+1","floor":44},{"not_picked":["Distraction+1","Footwork","Flying Knee"],"picked":"SKIP","floor":46},{"not_picked":["Cloak And Dagger+1","PiercingWail+1"],"picked":"Noxious Fumes+1","floor":48}],"player_experience":270345,"relics_obtained":[{"floor":6,"key":"Mummified Hand"},{"floor":9,"key":"Dream Catcher"},{"floor":10,"key":"Bottled Flame"},{"floor":23,"key":"Kunai"},{"floor":26,"key":"Toxic Egg 2"},{"floor":43,"key":"Letter Opener"},{"floor":44,"key":"Girya"}],"event_choices":[{"damage_healed":0,"gold_gain":0,"player_choice":"Take Damage","damage_taken":17,"relics_obtained":["Golden Idol"],"max_hp_gain":0,"max_hp_loss":0,"event_name":"Golden Idol","floor":3,"gold_loss":0},{"cards_removed":["Strike_G"],"damage_healed":0,"gold_gain":0,"player_choice":"Card Removal","damage_taken":0,"max_hp_gain":0,"max_hp_loss":0,"event_name":"The Cleric","floor":4,"gold_loss":50},{"damage_healed":0,"gold_gain":0,"player_choice":"Donut","damage_taken":0,"max_hp_gain":5,"max_hp_loss":0,"event_name":"Big Fish","floor":5,"gold_loss":0},{"damage_healed":0,"gold_gain":0,"player_choice":"Read","damage_taken":0,"max_hp_gain":0,"max_hp_loss":0,"event_name":"The Library","floor":20,"gold_loss":0,"cards_obtained":["Blade Dance"]},{"damage_healed":0,"gold_gain":0,"player_choice":"Upgraded","damage_taken":0,"max_hp_gain":0,"max_hp_loss":0,"event_name":"Upgrade Shrine","floor":24,"gold_loss":0,"cards_upgraded":["Apotheosis"]},{"damage_healed":0,"gold_gain":0,"player_choice":"Gave Potion","damage_taken":0,"relics_obtained":["Pen Nib"],"max_hp_gain":0,"max_hp_loss":0,"event_name":"WeMeetAgain","floor":36,"gold_loss":0},{"damage_healed":0,"gold_gain":0,"player_choice":"Ignored","damage_taken":0,"max_hp_gain":0,"max_hp_loss":0,"event_name":"Transmorgrifier","floor":45,"gold_loss":0}],"is_beta":false,"boss_relics":[{"not_picked":["Cursed Key","HoveringKite"],"picked":"Empty Cage"},{"not_picked":["Eternal Feather","Sozu"],"picked":"Fusion Hammer"}],"items_purged_floors":[22,37],"is_endless":false,"potions_floor_spawned":[2,12,14,18,29,35,39,41,44],"ascension_level":5}