{"gold_per_floor":[112,112,127,127,146,163,163,197,197,197,83,83,98,98,98,197,197,213,223,236,236,267,267,285,305,305,131,146,178,178,178,178,276,276,289,302,124,144,244,244,244,244,267,267,95,95,95,113,113,113,113,113,37,72,72],"floor_reached":55,"playtime":3220,"items_purged":["Strike_B","Strike_B","Strike_B","Defend_B"],"score":660,"play_id":"d5b00e31-595a-4797-8b59-0c8e864e299a","local_time":"20190405082830","is_ascension_mode":false,"campfire_choices":[{"data":"Tempest","floor":7,"key":"SMITH"},{"data":"Zap","floor":10,"key":"SMITH"},{"data":"Loop","floor":12,"key":"SMITH"},{"data":"Dualcast","floor":15,"key":"SMITH"},{"data":"Barrage","floor":23,"key":"SMITH"},{"floor":30,"key":"REST"},{"data":"Defragment","floor":32,"key":"SMITH"},{"data":"Multi-Cast","floor":40,"key":"SMITH"},{"data":"Darkness","floor":42,"key":"SMITH"},{"data":"White Noise","floor":44,"key":"SMITH"},{"data":"Barrage","floor":47,"key":"SMITH"},{"floor":49,"key":"RECALL"},{"data":"Turbo","floor":52,"key":"SMITH"}],"neow_cost":"NONE","seed_source_timestamp":385748368926518,"circlet_count":0,"master_deck":["Defend_B","Defend_B","Zap+1","Dualcast+1","White Noise+1","Leap","Chill","Tempest+1","Loop+1","Auto Shields+1","Core Surge","Defragment+1","Barrage+1","Coolheaded+1","Darkness+1","Go for the Eyes+1","FTL","Leap","Biased Cognition","Multi-Cast+1","Redo+1","Turbo+1","Cold Snap","Loop+1","Loop+1","Turbo+1","Barrage+1","Defragment"],"relics":["Cracked Core","Oddly Smooth Stone","Incense Burner","Inserter","Red Mask","Question Card","Ornamental Fan","Eternal Feather","Du-Vu Doll","Potion Belt","War Paint"],"potions_floor_usage":[16,18,29,29,33,50],"damage_taken":[{"damage":0,"enemies":"Small Slimes","floor":1,"turns":2},{"damage":0,"enemies":"2 Louse","floor":3,"turns":3},{"damage":6,"enemies":"Cultist","floor":5,"turns":4},{"damage":1,"enemies":"2 Fungi Beasts","floor":6,"turns":5},{"damage":14,"enemies":"Lagavulin","floor":8,"turns":7},{"damage":0,"enemies":"3 Louse","floor":13,"turns":2},{"damage":17,"enemies":"Hexaghost","floor":16,"turns":9},{"damage":0,"enemies":"Shell Parasite","floor":18,"turns":5},{"damage":20,"enemies":"2 Thieves","floor":19,"turns":5},{"damage":16,"enemies":"Shelled Parasite and Fungi","floor":20,"turns":6},{"damage":14,"enemies":"Masked Bandits","floor":22,"turns":4},{"damage":8,"enemies":"Sentry and Sphere","floor":24,"turns":6},{"damage":9,"enemies":"3 Cultists","floor":25,"turns":7},{"damage":0,"enemies":"Cultist and Chosen","floor":28,"turns":6},{"damage":9,"enemies":"Slavers","floor":29,"turns":8},{"damage":9,"enemies":"Automaton","floor":33,"turns":9},{"damage":18,"enemies":"3 Darklings","floor":35,"turns":5},{"damage":3,"enemies":"3 Shapes","floor":36,"turns":6},{"damage":22,"enemies":"Jaw Worm Horde","floor":38,"turns":7},{"damage":0,"enemies":"Mind Bloom Boss Battle","floor":39,"turns":6},{"damage":2,"enemies":"Maw","floor":48,"turns":6},{"damage":58,"enemies":"Awakened One","floor":50,"turns":9},{"damage":76,"enemies":"Shield and Spear","floor":54,"turns":7},{"damage":9,"enemies":"The Heart","floor":55,"turns":2}],"seed_played":"-2596126404813828982","potions_obtained":[{"floor":1,"key":"Dexterity Potion"},{"floor":3,"key":"Ancient Potion"},{"floor":6,"key":"Swift Potion"},{"floor":16,"key":"Poison Potion"},{"floor":25,"key":"SpeedPotion"},{"floor":29,"key":"SkillPotion"},{"floor":39,"key":"Poison Potion"}],"is_trial":false,"path_per_floor":["M","?","M","?","M","M","R","E","T","R","$","R","M","?","R","B",null,"M","M","M","?","?","R","M","M","T","$","M","E","R","?","R","B",null,"M","M","$","M","?","R","?","R","T","R","$","?","R","M","R","B",null,"R","$","E","B"],"character_chosen":"DEFECT","items_purchased":["Loop","FTL","Cold Snap","Turbo","Defragment"],"campfire_rested":1,"item_purchase_floors":[11,27,37,45,53],"current_hp_per_floor":[75,57,57,85,79,78,78,64,64,64,64,64,64,64,64,47,85,85,65,49,49,35,35,27,18,18,18,18,9,34,34,34,25,85,67,64,64,42,42,57,57,72,72,85,85,85,85,83,85,27,85,85,85,9,0],"gold":72,"neow_bonus":"ONE_RANDOM_RARE_CARD","is_prod":false,"is_daily":false,"chose_seed":false,"campfire_upgraded":11,"win_rate":0,"timestamp":1554445710,"path_taken":["M","?","M","?","?","M","R","E","T","R","$","R","M","?","R","BOSS","M","M","M","?","?","R","M","M","T","$","M","E","R","?","R","BOSS","M","M","$","M","?","R","?","R","T","R","?","?","R","M","R","BOSS","R","$","E","BOSS"],"build_version":"2019-01-23","purchased_purges":4,"victory":false,"max_hp_per_floor":[75,75,75,85,85,85,85,85,85,85,85,85,85,85,85,85,85,85,85,85,85,85,85,85,85,85,85,85,85,85,85,85,85,85,85,85,85,85,85,85,85,85,85,85,85,85,85,85,85,85,85,85,85,85,85],"card_choices":[{"not_picked":["Compile Driver","Reprogram"],"picked":"White Noise","floor":1},{"not_picked":["Stack","Ball Lightning"],"picked":"Leap","floor":3},{"not_picked":["Beam Cell","Static Discharge"],"picked":"Chill","floor":5},{"not_picked":["Heatsinks","Leap"],"picked":"Tempest","floor":6},{"not_picked":["Fusion","Leap","Redo"],"picked":"SKIP","floor":8},{"not_picked":["Redo","Steam","Streamline"],"picked":"SKIP","floor":13},{"not_picked":["Hyperbeam","Echo Form"],"picked":"Core Surge","floor":16},{"not_picked":["Steam","Gash"],"picked":"Defragment","floor":18},{"not_picked":["Fusion","Streamline"],"picked":"Barrage","floor":19},{"not_picked":["Gash","Turbo+1"],"picked":"Coolheaded","floor":20},{"not_picked":["Auto Shields","Lockon"],"picked":"Hologram","floor":22},{"not_picked":["Steam","Streamline"],"picked":"Darkness","floor":24},{"not_picked":["Leap","Conserve Battery"],"picked":"Go for the Eyes+1","floor":25},{"not_picked":["Hologram","Aggregate","Amplify"],"picked":"Leap","floor":28},{"not_picked":["Genetic Algorithm","White Noise","Beam Cell+1"],"picked":"Biased Cognition","floor":29},{"not_picked":["Reboot","Amplify","Hyperbeam"],"picked":"Multi-Cast","floor":33},{"not_picked":["Coolheaded+1","Rip and Tear+1","Scrape"],"picked":"Redo+1","floor":35},{"not_picked":["BootSequence","Compile Driver","Barrage"],"picked":"Turbo+1","floor":36},{"not_picked":["Tempest+1","Meteor Strike","Conserve Battery"],"picked":"Loop+1","floor":38},{"not_picked":["Tempest+1","Genetic Algorithm","Redo+1"],"picked":"Loop+1","floor":39},{"not_picked":["FTL","BootSequence","Conserve Battery","Stack+1"],"picked":"SKIP","floor":48},{"not_picked":["Self Repair+1","Redo+1","Leap+1","Recycle"],"picked":"SKIP","floor":54}],"player_experience":421168,"relics_obtained":[{"floor":8,"key":"Incense Burner"},{"floor":22,"key":"Red Mask"},{"floor":26,"key":"Question Card"},{"floor":29,"key":"Ornamental Fan"},{"floor":39,"key":"Du-Vu Doll"},{"floor":43,"key":"Potion Belt"},{"floor":54,"key":"War Paint"}],"event_choices":[{"damage_healed":0,"gold_gain":0,"player_choice":"Success","damage_taken":18,"relics_obtained":["Oddly Smooth Stone"],"max_hp_gain":0,"max_hp_loss":0,"event_name":"Scrap Ooze","floor":2,"gold_loss":0},{"cards_removed":["Reboot"],"damage_healed":18,"gold_gain":0,"player_choice":"Offered Rare","damage_taken":0,"max_hp_gain":10,"max_hp_loss":0,"event_name":"Bonfire Elementals","floor":4,"gold_loss":0},{"damage_healed":0,"gold_gain":0,"cards_transformed":["Strike_B"],"player_choice":"Change","damage_taken":0,"max_hp_gain":0,"max_hp_loss":0,"event_name":"Living Wall","floor":14,"gold_loss":0,"cards_obtained":["Auto Shields"]},{"damage_healed":0,"gold_gain":0,"player_choice":"Ignored","damage_taken":0,"max_hp_gain":0,"max_hp_loss":0,"event_name":"Cursed Tome","floor":21,"gold_loss":0},{"damage_healed":0,"gold_gain":0,"player_choice":"Fought Bandits","damage_taken":0,"max_hp_gain":0,"max_hp_loss":0,"event_name":"Masked Bandits","floor":22,"gold_loss":0},{"damage_healed":0,"gold_gain":0,"player_choice":"Ignored","damage_taken":0,"max_hp_gain":0,"max_hp_loss":0,"event_name":"Ghosts","floor":31,"gold_loss":0},{"damage_healed":0,"gold_gain":0,"player_choice":"Fight","damage_taken":0,"max_hp_gain":0,"max_hp_loss":0,"event_name":"MindBloom","floor":39,"gold_loss":0},{"cards_removed":["Hologram"],"damage_healed":0,"gold_gain":0,"player_choice":"Removed Skill","damage_taken":0,"max_hp_gain":0,"max_hp_loss":0,"event_name":"Falling","floor":41,"gold_loss":0},{"damage_healed":0,"gold_gain":0,"cards_transformed":["Defend_B"],"player_choice":"Transformed","damage_taken":0,"max_hp_gain":0,"max_hp_loss":0,"event_name":"Transmorgrifier","floor":46,"gold_loss":0,"cards_obtained":["Barrage"]}],"is_beta":false,"boss_relics":[{"not_picked":["Tiny House","Astrolabe"],"picked":"Inserter"},{"not_picked":["Orrery","Snecko Eye"],"picked":"Eternal Feather"}],"items_purged_floors":[11,27,37,45],"is_endless":false,"potions_floor_spawned":[1,3,6,13,16,25,28,29,39],"killed_by":"The Heart","ascension_level":0}