{"gold_per_floor":[117,13,26,38,49,49,63,63,87,87,149,66,66,98,98,172,172,190,205,228,228,246,246,246,246,246,246,0,23,35,79,91,178,190,213,1224,313,324,11,11,26,26,26,44,44],"floor_reached":45,"playtime":1953,"items_purged":["Strike_G"],"score":928,"play_id":"e711eeb7-f1c6-4d6b-a0a5-7f958e2a5055","local_time":"20190511181721","is_ascension_mode":true,"campfire_choices":[{"data":"Neutralize","floor":6,"key":"SMITH"},{"data":"Dagger Spray","floor":8,"key":"SMITH"},{"floor":10,"key":"REST"},{"data":"Crippling Poison","floor":15,"key":"SMITH"},{"data":"Adrenaline","floor":23,"key":"SMITH"},{"data":"Leg Sweep","floor":25,"key":"SMITH"},{"data":"Dagger Spray","floor":27,"key":"SMITH"},{"floor":32,"key":"REST"},{"floor":40,"key":"RECALL"},{"data":"Well Laid Plans","floor":42,"key":"SMITH"}],"neow_cost":"NONE","seed_source_timestamp":460332421200600,"circlet_count":0,"master_deck":["AscendersBane","Defend_G","Defend_G","Defend_G","Defend_G","Defend_G","Strike_G","Strike_G","Strike_G","Strike_G","Survivor","Neutralize+1","Quick Slash","Dagger Spray+1","Deadly Poison","Dagger Spray+1","Escape Plan","Well Laid Plans+1","Cloak And Dagger","Leg Sweep+1","Crippling Poison+1","Adrenaline+1","Bouncing Flask","Dash","Acrobatics+1","Apotheosis","Noxious Fumes+1","Malaise","Wraith Form v2+1","Caltrops+1","Master of Strategy","Calculated Gamble","PiercingWail","Noxious Fumes+1","Catalyst"],"relics":["Ring of the Snake","NeowsBlessing","Anchor","Tiny Chest","Omamori","Velvet Choker","Vajra","Bottled Lightning","The Specimen","Frozen Egg 2","MawBank","StoneCalendar","Eternal Feather","Turnip","Paper Crane"],"potions_floor_usage":[14,14,33,33,38,45],"damage_taken":[{"damage":0,"enemies":"Cultist","floor":1,"turns":1},{"damage":0,"enemies":"Jaw Worm","floor":3,"turns":1},{"damage":0,"enemies":"2 Louse","floor":4,"turns":1},{"damage":15,"enemies":"Exordium Thugs","floor":5,"turns":7},{"damage":8,"enemies":"Exordium Wildlife","floor":7,"turns":6},{"damage":22,"enemies":"3 Sentries","floor":11,"turns":6},{"damage":16,"enemies":"Gremlin Nob","floor":14,"turns":4},{"damage":24,"enemies":"The Guardian","floor":16,"turns":13},{"damage":2,"enemies":"Chosen","floor":18,"turns":6},{"damage":6,"enemies":"2 Thieves","floor":19,"turns":4},{"damage":7,"enemies":"Snake Plant","floor":22,"turns":4},{"damage":33,"enemies":"Slavers","floor":31,"turns":4},{"damage":8,"enemies":"Collector","floor":33,"turns":7},{"damage":0,"enemies":"3 Shapes","floor":35,"turns":4},{"damage":7,"enemies":"3 Darklings","floor":38,"turns":5},{"damage":11,"enemies":"Maw","floor":41,"turns":7},{"damage":62,"enemies":"Spire Growth","floor":44,"turns":6},{"damage":5,"enemies":"Reptomancer","floor":45,"turns":2}],"seed_played":"-1076644966274388020","potions_obtained":[{"floor":5,"key":"Ancient Potion"},{"floor":14,"key":"Regen Potion"},{"floor":16,"key":"Ancient Potion"},{"floor":31,"key":"SpeedPotion"},{"floor":33,"key":"EssenceOfSteel"},{"floor":38,"key":"PowerPotion"}],"is_trial":false,"path_per_floor":["M","$","M","M","M","R","M","R","T","R","E","$","?","E","R","B",null,"M","M","T","T","M","R","T","R","T","R","$","T","$","E","R","B",null,"M","?","$","M","$","R","M","R","T","M","E"],"character_chosen":"THE_SILENT","items_purchased":["Dagger Spray","Strength Potion","Leg Sweep","Apotheosis","Noxious Fumes+1","Turnip","Caltrops+1","Master of Strategy","Ancient Potion","Calculated Gamble","SkillPotion","Paper Crane","PiercingWail"],"campfire_rested":2,"item_purchase_floors":[2,2,12,28,28,37,37,37,37,37,37,39,39],"current_hp_per_floor":[59,59,59,59,44,44,36,36,36,55,33,33,66,50,50,26,56,54,48,48,48,41,41,41,41,41,41,41,41,41,8,27,19,54,54,54,54,47,47,65,54,66,66,4,0],"gold":44,"neow_bonus":"THREE_ENEMY_KILL","is_prod":false,"is_daily":false,"chose_seed":false,"campfire_upgraded":7,"win_rate":0,"timestamp":1557566241,"path_taken":["M","?","M","?","M","R","M","R","T","R","E","$","?","E","R","BOSS","M","M","?","?","?","R","?","R","T","R","$","?","$","E","R","BOSS","M","?","?","M","?","R","?","R","T","M","E"],"build_version":"2019-01-23","purchased_purges":1,"victory":false,"max_hp_per_floor":[66,66,66,66,66,66,66,66,66,66,66,66,66,66,66,66,66,66,66,66,66,66,66,66,66,66,66,66,66,66,66,66,66,66,66,66,66,66,66,66,66,66,66,66,66],"card_choices":[{"not_picked":["Acrobatics","Reflex"],"picked":"Quick Slash","floor":1},{"not_picked":["Cloak And Dagger","Terror"],"picked":"Deadly Poison","floor":3},{"not_picked":["Quick Slash","Flechettes"],"picked":"Dagger Spray","floor":4},{"not_picked":["Dodge and Roll","Prepared"],"picked":"Escape Plan","floor":5},{"not_picked":["Flying Knee","Quick Slash"],"picked":"Well Laid Plans","floor":7},{"not_picked":["Flying Knee","Doppelganger"],"picked":"Cloak And Dagger","floor":11},{"not_picked":["Escape Plan","Caltrops"],"picked":"Crippling Poison","floor":14},{"not_picked":["Glass Knife","Envenom"],"picked":"Adrenaline","floor":16},{"not_picked":["Leg Sweep","Poisoned Stab"],"picked":"Bouncing Flask","floor":18},{"not_picked":["Deflect","Caltrops"],"picked":"Dash","floor":19},{"not_picked":["Quick Slash","Blade Dance"],"picked":"Acrobatics+1","floor":22},{"not_picked":["Tools of the Trade+1","Dagger Spray"],"picked":"Malaise","floor":31},{"not_picked":["Unload","Doppelganger"],"picked":"Wraith Form v2+1","floor":33},{"not_picked":["Dagger Spray+1","Prepared","Distraction"],"picked":"SKIP","floor":35},{"not_picked":["Deadly Poison","Flechettes","Sucker Punch"],"picked":"SKIP","floor":38},{"not_picked":["Leg Sweep+1","Dagger Spray+1"],"picked":"Noxious Fumes+1","floor":41},{"not_picked":["Cloak And Dagger+1","Masterful Stab+1"],"picked":"Catalyst","floor":44}],"player_experience":1338739,"relics_obtained":[{"floor":9,"key":"Anchor"},{"floor":11,"key":"Tiny Chest"},{"floor":14,"key":"Omamori"},{"floor":20,"key":"Vajra"},{"floor":21,"key":"Bottled Lightning"},{"floor":24,"key":"The Specimen"},{"floor":26,"key":"Frozen Egg 2"},{"floor":29,"key":"MawBank"},{"floor":31,"key":"StoneCalendar"}],"event_choices":[{"damage_healed":33,"gold_gain":0,"player_choice":"Full Heal","damage_taken":0,"max_hp_gain":0,"max_hp_loss":0,"event_name":"Wheel of Change","floor":13,"gold_loss":0},{"damage_healed":0,"gold_gain":999,"player_choice":"Gold","damage_taken":0,"max_hp_gain":0,"max_hp_loss":0,"event_name":"MindBloom","floor":36,"gold_loss":0,"cards_obtained":["Normality","Normality"]}],"is_beta":false,"boss_relics":[{"not_picked":["Snecko Eye","Coffee Dripper"],"picked":"Velvet Choker"},{"not_picked":["WristBlade","Runic Dome"],"picked":"Eternal Feather"}],"items_purged_floors":[37],"is_endless":false,"potions_floor_spawned":[5,7,14,16,31,33,38],"killed_by":"Reptomancer","ascension_level":20}