{"gold_per_floor":[114,114,132,149,72,72,72,72,121,135,135,22,22],"floor_reached":13,"playtime":467,"items_purged":[],"score":146,"play_id":"bfaa4681-b5be-4e1d-a38f-8b7d62180cfa","local_time":"20190416173450","is_ascension_mode":true,"campfire_choices":[{"data":"Crippling Poison","floor":6,"key":"SMITH"},{"data":"Neutralize","floor":8,"key":"SMITH"},{"data":"Leg Sweep","floor":11,"key":"SMITH"}],"neow_cost":"NONE","seed_source_timestamp":1587847153656039,"circlet_count":0,"master_deck":["AscendersBane","Defend_G","Defend_G","Defend_G","Defend_G","Defend_G","Strike_G","Strike_G","Strike_G","Strike_G","Survivor","Neutralize+1","Endless Agony","Leg Sweep+1","Crippling Poison+1","Heel Hook","Footwork","Cloak And Dagger"],"relics":["Ring of the Snake","Paper Crane","Juzu Bracelet"],"potions_floor_usage":[],"damage_taken":[{"damage":4,"enemies":"2 Louse","floor":1,"turns":5},{"damage":1,"enemies":"Cultist","floor":3,"turns":5},{"damage":8,"enemies":"Jaw Worm","floor":4,"turns":5},{"damage":2,"enemies":"Exordium Wildlife","floor":10,"turns":4},{"damage":20,"enemies":"Lagavulin","floor":13,"turns":15}],"seed_played":"-3010184021395183567","potions_obtained":[{"floor":1,"key":"Weak Potion"}],"is_trial":false,"path_per_floor":["M","?","M","M","$","R","T","R","T","M","R","$","E"],"character_chosen":"THE_SILENT","items_purchased":["Crippling Poison","Footwork","Cloak And Dagger"],"campfire_rested":0,"item_purchase_floors":[5,12,12],"current_hp_per_floor":[55,66,65,57,57,57,57,57,57,55,55,55,35],"gold":22,"neow_bonus":"REMOVE_CARD","is_prod":false,"is_daily":false,"chose_seed":false,"campfire_upgraded":3,"win_rate":0,"timestamp":1555403690,"path_taken":["M","?","?","M","$","R","?","R","T","M","R","$","E"],"build_version":"2019-01-23","purchased_purges":0,"victory":false,"max_hp_per_floor":[66,66,66,66,66,66,66,66,66,66,66,66,66],"card_choices":[{"not_picked":["Distraction","Slice"],"picked":"Endless Agony","floor":1},{"not_picked":["Bane","Outmaneuver","Infinite Blades"],"picked":"SKIP","floor":3},{"not_picked":["Well Laid Plans","Underhanded Strike"],"picked":"Leg Sweep","floor":4},{"not_picked":["Backflip","Sucker Punch"],"picked":"Heel Hook","floor":10}],"player_experience":948242,"relics_obtained":[{"floor":7,"key":"Paper Crane"},{"floor":9,"key":"Juzu Bracelet"}],"event_choices":[{"damage_healed":11,"gold_gain":0,"player_choice":"Full Heal","damage_taken":0,"max_hp_gain":0,"max_hp_loss":0,"event_name":"Wheel of Change","floor":2,"gold_loss":0}],"is_beta":false,"boss_relics":[],"items_purged_floors":[],"is_endless":false,"potions_floor_spawned":[1],"killed_by":"Lagavulin","ascension_level":20}