{"gold_per_floor":[116,127,141,161,161,186,186,219,270,270,288,298,298,311,311,311],"floor_reached":16,"playtime":712,"items_purged":[],"score":228,"play_id":"8c4fe153-f2c9-46bb-be08-979ba03350aa","local_time":"20190430213703","is_ascension_mode":true,"campfire_choices":[{"floor":7,"key":"REST"},{"data":"Uppercut","floor":10,"key":"SMITH"},{"data":"Flame Barrier","floor":13,"key":"SMITH"},{"data":"True Grit","floor":15,"key":"SMITH"}],"neow_cost":"NONE","seed_source_timestamp":145857875956400,"circlet_count":0,"master_deck":["AscendersBane","Strike_R","Strike_R","Strike_R","Strike_R","Strike_R","Defend_R","Defend_R","Defend_R","Defend_R","Bash+1","Uppercut+1","Headbutt","Ghostly Armor","True Grit+1","Pommel Strike","Flame Barrier+1"],"relics":["Burning Blood","Lantern","Darkstone Periapt","Bronze Scales","Ancient Tea Set"],"potions_floor_usage":[4,8,8,14,14,16],"damage_taken":[{"damage":3,"enemies":"Small Slimes","floor":1,"turns":4},{"damage":1,"enemies":"Cultist","floor":2,"turns":3},{"damage":3,"enemies":"2 Louse","floor":3,"turns":3},{"damage":14,"enemies":"Lots of Slimes","floor":4,"turns":4},{"damage":55,"enemies":"Lagavulin","floor":6,"turns":7},{"damage":10,"enemies":"Gremlin Nob","floor":8,"turns":3},{"damage":0,"enemies":"3 Louse","floor":11,"turns":3},{"damage":2,"enemies":"Blue Slaver","floor":12,"turns":3},{"damage":5,"enemies":"Gremlin Gang","floor":14,"turns":3},{"damage":47,"enemies":"Hexaghost","floor":16,"turns":11}],"seed_played":"5842989267818026303","potions_obtained":[{"floor":2,"key":"SkillPotion"},{"floor":4,"key":"GamblersBrew"},{"floor":6,"key":"PowerPotion"},{"floor":8,"key":"EntropicBrew"}],"is_trial":false,"path_per_floor":["M","M","M","M","?","E","R","E","T","R","M","M","R","M","R","B"],"character_chosen":"IRONCLAD","items_purchased":[],"campfire_rested":1,"item_purchase_floors":[],"current_hp_per_floor":[71,75,75,67,67,18,40,36,36,36,42,46,46,47,47,0],"gold":311,"neow_bonus":"UPGRADE_CARD","is_prod":false,"is_daily":false,"chose_seed":false,"campfire_upgraded":3,"win_rate":0,"timestamp":1556627823,"path_taken":["M","M","M","M","?","E","R","E","T","R","?","M","R","M","R","BOSS"],"build_version":"2019-01-23","purchased_purges":0,"victory":false,"max_hp_per_floor":[75,75,75,75,75,75,75,75,75,75,75,75,75,75,75,75],"card_choices":[{"not_picked":["Pommel Strike","Burning Pact"],"picked":"Uppercut","floor":1},{"not_picked":["Rampage","Havoc"],"picked":"Armaments","floor":2},{"not_picked":["Intimidate","Berserk"],"picked":"Headbutt","floor":3},{"not_picked":["Sever Soul","Armaments"],"picked":"Ghostly Armor","floor":4},{"not_picked":["Clash","Berserk","Iron Wave"],"picked":"SKIP","floor":6},{"not_picked":["Combust","Sword Boomerang"],"picked":"True Grit","floor":8},{"not_picked":["True Grit","Sword Boomerang"],"picked":"Pommel Strike","floor":11},{"not_picked":["Shrug It Off","Fire Breathing"],"picked":"Flame Barrier","floor":12},{"not_picked":["Wild Strike","Searing Blow","Thunderclap"],"picked":"SKIP","floor":14}],"player_experience":1167887,"relics_obtained":[{"floor":6,"key":"Darkstone Periapt"},{"floor":8,"key":"Bronze Scales"},{"floor":9,"key":"Ancient Tea Set"}],"event_choices":[{"cards_removed":["Armaments"],"damage_healed":0,"gold_gain":0,"player_choice":"Gave Card","damage_taken":0,"relics_obtained":["Lantern"],"max_hp_gain":0,"max_hp_loss":0,"event_name":"WeMeetAgain","floor":5,"gold_loss":0}],"is_beta":false,"boss_relics":[],"items_purged_floors":[],"is_endless":false,"potions_floor_spawned":[2,4,6,8],"killed_by":"Hexaghost","ascension_level":20}