{"gold_per_floor":[109,120,50,50,50,50,83,97,176,101,101,136,36,56,56,161,211,227,247,26,125,141,141,170,170,170,183,213,213,213,6,6,104,104,118,46,57,57,84,84,112,112,112,23,43,43,57,57,57,57],"floor_reached":51,"playtime":2943,"items_purged":["Strike_G","Strike_G","Strike_G","Strike_G+1","Shame"],"score":985,"play_id":"b2209c0f-abb1-4e40-b584-1188fc4f59e9","local_time":"20181104143025","is_ascension_mode":true,"campfire_choices":[{"data":"Noxious Fumes","floor":6,"key":"SMITH"},{"floor":15,"key":"REST"},{"data":"After Image","floor":23,"key":"SMITH"},{"data":"Dodge and Roll","floor":25,"key":"SMITH"},{"floor":29,"key":"REST"},{"data":"Dodge and Roll","floor":32,"key":"SMITH"},{"data":"Footwork","floor":40,"key":"SMITH"},{"data":"Blur","floor":46,"key":"SMITH"},{"floor":49,"key":"REST"}],"neow_cost":"NONE","seed_source_timestamp":58654450037181,"circlet_count":0,"master_deck":["Defend_G+1","Defend_G+1","Defend_G+1","Defend_G+1","Defend_G+1","Survivor","Neutralize+1","Deflect","Noxious Fumes+1","Blade Dance","Dodge and Roll","Bane","After Image+1","Bane+1","Blur+1","Deflect","Dodge and Roll+1","Dodge and Roll+1","Blade Dance+1","Noxious Fumes+1","After Image","Bane+1","Footwork+1","PiercingWail","Well Laid Plans"],"relics":["Ring of the Snake","NeowsBlessing","Lantern","Singing Bowl","Pear","Happy Flower","Bag of Preparation","Tiny House","Kunai","FossilizedHelix","Smiling Mask","Anchor","Cursed Key","Omamori","Shuriken","Gremlin Horn"],"potions_floor_usage":[12,22,24,24,28,50,50,50],"damage_taken":[{"damage":0,"enemies":"2 Louse","floor":1,"turns":1},{"damage":0,"enemies":"Jaw Worm","floor":2,"turns":1},{"damage":0,"enemies":"Lagavulin","floor":7,"turns":1},{"damage":1,"enemies":"Cultist","floor":8,"turns":4},{"damage":15,"enemies":"3 Sentries","floor":12,"turns":9},{"damage":7,"enemies":"Gremlin Gang","floor":14,"turns":5},{"damage":39,"enemies":"Slime Boss","floor":16,"turns":13},{"damage":0,"enemies":"3 Byrds","floor":18,"turns":5},{"damage":2,"enemies":"Shell Parasite","floor":19,"turns":7},{"damage":17,"enemies":"Snake Plant","floor":22,"turns":7},{"damage":11,"enemies":"Slavers","floor":24,"turns":9},{"damage":3,"enemies":"Cultist and Chosen","floor":27,"turns":10},{"damage":10,"enemies":"Gremlin Leader","floor":28,"turns":10},{"damage":2,"enemies":"Collector","floor":33,"turns":11},{"damage":0,"enemies":"3 Darklings","floor":35,"turns":6},{"damage":0,"enemies":"3 Shapes","floor":37,"turns":5},{"damage":0,"enemies":"Nemesis","floor":41,"turns":9},{"damage":0,"enemies":"3 Darklings","floor":45,"turns":5},{"damage":34,"enemies":"Sphere and 2 Shapes","floor":47,"turns":8},{"damage":8,"enemies":"Time Eater","floor":50,"turns":15}],"seed_played":"-7364854392104815488","potions_obtained":[{"floor":2,"key":"Dexterity Potion"},{"floor":7,"key":"EssenceOfSteel"},{"floor":16,"key":"AttackPotion"},{"floor":17,"key":"Energy Potion"},{"floor":27,"key":"Block Potion"},{"floor":35,"key":"Fruit Juice"},{"floor":37,"key":"EssenceOfSteel"},{"floor":47,"key":"Dexterity Potion"}],"is_trial":false,"path_per_floor":["M","M","$","?","?","R","E","M","T","$","T","E","$","M","R","B",null,"M","M","$","?","M","R","E","R","T","M","E","R","?","$","R","B",null,"M","$","M","?","T","R","E","?","T","$","M","R","M","?","R","B",null],"character_chosen":"THE_SILENT","items_purchased":["Noxious Fumes","Deflect","Backflip","Anchor","Footwork","Well Laid Plans"],"campfire_rested":3,"item_purchase_floors":[3,20,20,31,36,44],"current_hp_per_floor":[63,63,63,56,44,44,44,43,53,53,53,38,38,31,55,18,73,73,71,71,71,54,54,43,43,43,40,30,56,56,56,56,54,80,80,80,80,80,80,80,82,82,82,82,84,84,52,54,81,78],"gold":57,"neow_bonus":"THREE_ENEMY_KILL","is_prod":false,"is_daily":false,"chose_seed":false,"campfire_upgraded":6,"win_rate":0,"timestamp":1541338225,"path_taken":["M","M","$","?","?","R","E","M","T","?","?","E","$","?","R","BOSS","M","?","$","?","M","R","E","R","T","M","E","R","?","$","R","BOSS","M","$","M","?","?","R","E","?","T","$","M","R","M","?","R","BOSS"],"build_version":"2018-11-01","purchased_purges":5,"victory":true,"max_hp_per_floor":[70,70,70,70,70,70,70,70,80,80,80,80,80,80,80,82,89,89,89,89,89,89,89,89,89,89,89,89,89,89,89,89,89,89,89,89,89,85,85,85,87,87,87,87,89,89,91,93,93,98],"card_choices":[{"not_picked":["Slice","Expertise","Bane"],"picked":"SKIP","floor":1},{"not_picked":["Predator","Dagger Throw"],"picked":"Deflect","floor":2},{"not_picked":["Setup","Masterful Stab"],"picked":"Blade Dance","floor":7},{"not_picked":["Backflip","Predator"],"picked":"Dodge and Roll","floor":8},{"not_picked":["Finisher","Sucker Punch"],"picked":"Bane","floor":12},{"not_picked":["Prepared","Poisoned Stab"],"picked":"After Image","floor":14},{"not_picked":["Die Die Die","Malaise","Night Terror"],"picked":"Singing Bowl","floor":16},{"not_picked":["Deadly Poison","Dagger Spray","Poisoned Stab"],"picked":"Singing Bowl","floor":17},{"not_picked":["Escape Plan","Slice+1"],"picked":"Bane+1","floor":18},{"not_picked":["Tactician","Bouncing Flask+1"],"picked":"Blur","floor":19},{"not_picked":["Dagger Throw+1","Caltrops"],"picked":"Dodge and Roll","floor":22},{"not_picked":["Cloak And Dagger","Slice+1"],"picked":"Dodge and Roll","floor":24},{"not_picked":["Deflect","Quick Slash"],"picked":"Blade Dance+1","floor":27},{"not_picked":["Outmaneuver+1","Masterful Stab+1"],"picked":"Noxious Fumes+1","floor":28},{"not_picked":["Bullet Time","Malaise"],"picked":"After Image","floor":33},{"not_picked":["Slice","Acrobatics"],"picked":"Bane+1","floor":35},{"not_picked":["Bouncing Flask","Blade Dance"],"picked":"PiercingWail","floor":37},{"not_picked":["Tools of the Trade","Envenom","Deadly Poison"],"picked":"Singing Bowl","floor":41},{"not_picked":["Escape Plan","Acrobatics","Sucker Punch+1"],"picked":"Singing Bowl","floor":45},{"not_picked":["Sucker Punch+1","Outmaneuver+1","Poisoned Stab+1"],"picked":"Singing Bowl","floor":47},{"not_picked":["Dark Shackles","Secret Technique","Trip"],"picked":"Singing Bowl","floor":48}],"player_experience":288398,"relics_obtained":[{"floor":7,"key":"Singing Bowl"},{"floor":9,"key":"Pear"},{"floor":11,"key":"Happy Flower"},{"floor":12,"key":"Bag of Preparation"},{"floor":24,"key":"Kunai"},{"floor":26,"key":"FossilizedHelix"},{"floor":28,"key":"Smiling Mask"},{"floor":39,"key":"Omamori"},{"floor":41,"key":"Shuriken"},{"floor":43,"key":"Gremlin Horn"}],"event_choices":[{"cards_removed":["Strike_G"],"damage_healed":0,"gold_gain":0,"player_choice":"Card Removal","damage_taken":7,"max_hp_gain":0,"max_hp_loss":0,"event_name":"Golden Wing","floor":4,"gold_loss":0},{"damage_healed":0,"gold_gain":0,"player_choice":"Success","damage_taken":12,"relics_obtained":["Lantern"],"max_hp_gain":0,"max_hp_loss":0,"event_name":"Scrap Ooze","floor":5,"gold_loss":0},{"damage_healed":0,"gold_gain":99,"player_choice":"Stole From Cult","damage_taken":0,"max_hp_gain":0,"max_hp_loss":0,"event_name":"Nest","floor":21,"gold_loss":0},{"damage_healed":0,"gold_gain":0,"player_choice":"Simplicity","damage_taken":0,"max_hp_gain":0,"max_hp_loss":0,"event_name":"Back to Basics","floor":30,"gold_loss":0,"cards_upgraded":["Defend_G","Defend_G","Defend_G","Defend_G","Defend_G","Strike_G"]},{"damage_healed":0,"gold_gain":0,"player_choice":"Max HP","damage_taken":0,"max_hp_gain":0,"max_hp_loss":4,"event_name":"Winding Halls","floor":38,"gold_loss":0},{"cards_removed":["Backflip"],"damage_healed":0,"gold_gain":0,"player_choice":"Removed Skill","damage_taken":0,"max_hp_gain":0,"max_hp_loss":0,"event_name":"Falling","floor":42,"gold_loss":0},{"damage_healed":0,"gold_gain":0,"player_choice":"Memory 1","damage_taken":0,"max_hp_gain":0,"max_hp_loss":0,"event_name":"SensoryStone","floor":48,"gold_loss":0}],"is_beta":false,"boss_relics":[{"not_picked":["Runic Pyramid","HoveringKite"],"picked":"Tiny House"},{"not_picked":["Calling Bell","Sozu"],"picked":"Cursed Key"}],"items_purged_floors":[10,13,20,31,44],"is_endless":false,"potions_floor_spawned":[2,7,16,18,19,27,35,37,47],"ascension_level":6}