{"gold_per_floor":[20,120,139,154,166,166,201,214,214,246,259,259,293,310,310,407,407,407],"floor_reached":18,"playtime":1089,"items_purged":[],"score":212,"play_id":"1d482e19-be5e-4bdd-901f-bece5c4873a3","local_time":"20190508185103","is_ascension_mode":true,"campfire_choices":[{"data":"Zap","floor":6.0,"key":"SMITH"},{"floor":15.0,"key":"REST"}],"neow_cost":"NO_GOLD","seed_source_timestamp":0,"circlet_count":0,"master_deck":["Strike_B","Strike_B","Strike_B","Strike_B","Defend_B","Defend_B","Defend_B","Defend_B","Zap+1","Dualcast","Biased Cognition","Consume","Undo","Cold Snap","Seek","Leap","Defragment","Buffer","Coolheaded","Glacier","Fission"],"special_seed":0,"relics":["Cracked Core","Ornamental Fan","Meat on the Bone","Bag of Preparation","Art of War","StoneCalendar","Lizard Tail"],"potions_floor_usage":[],"damage_taken":[{"damage":2.0,"enemies":"Jaw Worm","floor":1.0,"turns":3.0},{"damage":0.0,"enemies":"Cultist","floor":3.0,"turns":2.0},{"damage":3.0,"enemies":"2 Louse","floor":4.0,"turns":2.0},{"damage":25.0,"enemies":"Exordium Thugs","floor":5.0,"turns":5.0},{"damage":19.0,"enemies":"Lagavulin","floor":7.0,"turns":5.0},{"damage":0.0,"enemies":"Blue Slaver","floor":8.0,"turns":3.0},{"damage":24.0,"enemies":"Gremlin Nob","floor":10.0,"turns":5.0},{"damage":7.0,"enemies":"Red Slaver","floor":11.0,"turns":3.0},{"damage":16.0,"enemies":"Lagavulin","floor":13.0,"turns":6.0},{"damage":0.0,"enemies":"Exordium Thugs","floor":14.0,"turns":4.0},{"damage":7.0,"enemies":"The Guardian","floor":16.0,"turns":17.0},{"damage":0,"enemies":"Shell Parasite","floor":18,"turns":5}],"seed_played":"7238795546665457533","potions_obtained":[{"floor":1.0,"key":"FearPotion"},{"floor":5.0,"key":"FocusPotion"},{"floor":10.0,"key":"SteroidPotion"},{"floor":13.0,"key":"Energy Potion"}],"is_trial":false,"path_per_floor":["M","?","M","M","M","R","E","M","T","E","M","T","E","M","R","B",null,"M"],"character_chosen":"DEFECT","items_purchased":[],"campfire_rested":1,"item_purchase_floors":[],"current_hp_per_floor":[73,73,73,70,45,45,26,26,26,14,19,19,15,27,49,42,75,75],"gold":407,"neow_bonus":"THREE_RARE_CARDS","is_prod":false,"is_daily":false,"chose_seed":false,"campfire_upgraded":1,"win_rate":0,"timestamp":1557355863,"path_taken":["M","?","M","?","M","R","E","M","T","E","M","?","E","M","R","BOSS","M"],"build_version":"2019-01-23","purchased_purges":0,"victory":false,"max_hp_per_floor":[75,75,75,75,75,75,75,75,75,75,75,75,75,75,75,75,75,75],"card_choices":[{"not_picked":["Buffer","Rainbow"],"picked":"Biased Cognition","floor":0.0},{"not_picked":["Gash","Streamline"],"picked":"Consume","floor":1.0},{"not_picked":["Stack","Leap"],"picked":"Undo","floor":3.0},{"not_picked":["Beam Cell","Blizzard"],"picked":"Cold Snap","floor":4.0},{"not_picked":["Undo","Hologram"],"picked":"Seek","floor":5.0},{"not_picked":["Chill","Tempest"],"picked":"Leap","floor":7.0},{"not_picked":["Chill","Go for the Eyes"],"picked":"Defragment","floor":8.0},{"not_picked":["Barrage","Redo","Doom and Gloom"],"picked":"SKIP","floor":10.0},{"not_picked":["Beam Cell","Undo"],"picked":"Buffer","floor":11.0},{"not_picked":["Sunder","Hologram"],"picked":"Coolheaded","floor":13.0},{"not_picked":["Recycle","Beam Cell"],"picked":"Glacier","floor":14.0},{"not_picked":["Hyperbeam","Buffer"],"picked":"Fission","floor":16.0}],"player_experience":212523,"relics_obtained":[{"floor":7.0,"key":"Ornamental Fan"},{"floor":9.0,"key":"Meat on the Bone"},{"floor":10.0,"key":"Bag of Preparation"},{"floor":12.0,"key":"Art of War"},{"floor":13.0,"key":"StoneCalendar"}],"event_choices":[{"damage_healed":0.0,"max_hp_gain":0.0,"max_hp_loss":0.0,"gold_gain":100.0,"event_name":"Wheel of Change","player_choice":"Gold","floor":2.0,"gold_loss":0.0,"damage_taken":0.0}],"is_beta":false,"boss_relics":[{"not_picked":["Eternal Feather","Astrolabe"],"picked":"Lizard Tail"}],"items_purged_floors":[],"is_endless":false,"potions_floor_spawned":[1,5,10,13],"killed_by":"Shell Parasite","ascension_level":3}