{"gold_per_floor":[116,128,128,152,163,163,191,191,273,295,52,52,71,98,98,171,171,181,196,246,161,173,173,173],"floor_reached":24,"playtime":793,"items_purged":[],"score":508,"play_id":"6f3b7ad4-7049-428b-a435-c69772221828","local_time":"20190417113449","is_ascension_mode":true,"campfire_choices":[{"floor":6.0,"key":"REST"},{"data":"Consume","floor":8.0,"key":"SMITH"},{"floor":12.0,"key":"REST"},{"data":"Static Discharge","floor":15.0,"key":"SMITH"},{"floor":23,"key":"REST"}],"neow_cost":"NONE","seed_source_timestamp":1652305102053847,"circlet_count":0,"master_deck":["AscendersBane","Strike_B","Strike_B","Strike_B","Strike_B","Defend_B","Defend_B","Defend_B+1","Defend_B","Zap","Dualcast","Sweeping Beam+1","Static Discharge+1","Consume+1","Self Repair","Electrodynamics","Conserve Battery","Double Energy","Biased Cognition","Genetic Algorithm","Chill","Coolheaded"],"special_seed":0,"relics":["Cracked Core","Potion Belt","Dodecahedron","Question Card","Odd Mushroom","DataDisk","Letter Opener","Inserter","WingedGreaves"],"potions_floor_usage":[16,16,19,22,22],"damage_taken":[{"damage":0.0,"enemies":"2 Louse","floor":1.0,"turns":2.0},{"damage":7.0,"enemies":"Jaw Worm","floor":2.0,"turns":3.0},{"damage":0.0,"enemies":"Small Slimes","floor":5.0,"turns":2.0},{"damage":16.0,"enemies":"3 Sentries","floor":7.0,"turns":6.0},{"damage":20.0,"enemies":"The Mushroom Lair","floor":10.0,"turns":4.0},{"damage":7.0,"enemies":"2 Fungi Beasts","floor":13.0,"turns":3.0},{"damage":15.0,"enemies":"Lagavulin","floor":14.0,"turns":6.0},{"damage":0,"enemies":"Slime Boss","floor":16,"turns":4},{"damage":35,"enemies":"Shell Parasite","floor":18,"turns":5},{"damage":10,"enemies":"3 Byrds","floor":19,"turns":3},{"damage":27,"enemies":"Snake Plant","floor":22,"turns":4},{"damage":48,"enemies":"Book of Stabbing","floor":24,"turns":4}],"seed_played":"6588835712450847976","potions_obtained":[{"floor":0.0,"key":"FearPotion"},{"floor":0.0,"key":"FocusPotion"},{"floor":5.0,"key":"SkillPotion"},{"floor":7.0,"key":"Block Potion"},{"floor":10.0,"key":"Swift Potion"},{"floor":16,"key":"AttackPotion"},{"floor":18,"key":"Regen Potion"}],"is_trial":false,"path_per_floor":["M","M","?","T","M","R","E","R","T","?","$","R","M","E","R","B",null,"M","M","?","?","M","R","E"],"character_chosen":"DEFECT","items_purchased":["Electrodynamics","DataDisk"],"campfire_rested":3,"item_purchase_floors":[11,11],"current_hp_per_floor":[64,57,36,36,36,57,41,41,41,21,21,42,42,34,34,34,62,34,24,24,24,16,37,0],"gold":173,"neow_bonus":"THREE_SMALL_POTIONS","is_prod":false,"is_daily":false,"chose_seed":false,"campfire_upgraded":2,"win_rate":0,"timestamp":1555468489,"path_taken":["M","M","?","?","M","R","E","R","T","?","$","R","M","E","R","BOSS","M","M","?","?","M","R","E"],"build_version":"2019-01-23","purchased_purges":0,"victory":false,"max_hp_per_floor":[71,71,71,71,71,71,71,71,71,71,71,71,71,71,71,71,71,71,71,71,71,71,71,71],"card_choices":[{"not_picked":["Stack","Skim"],"picked":"Sweeping Beam","floor":1.0},{"not_picked":["Heatsinks","Barrage","Turbo"],"picked":"SKIP","floor":2.0},{"not_picked":["Stack","Rebound"],"picked":"Static Discharge","floor":5.0},{"not_picked":["Beam Cell","Self Repair"],"picked":"Consume","floor":7.0},{"not_picked":["Consume","Compile Driver","Leap"],"picked":"Self Repair","floor":10.0},{"not_picked":["Scrape","Streamline","Steam"],"picked":"Conserve Battery","floor":13.0},{"not_picked":["Multi-Cast","White Noise","Hello World"],"picked":"Double Energy","floor":14.0},{"not_picked":["Rainbow","Reboot","Amplify"],"picked":"Biased Cognition","floor":16},{"not_picked":["Capacitor","Steam Power","Gash"],"picked":"Genetic Algorithm","floor":18},{"not_picked":["Redo","Beam Cell","Turbo"],"picked":"Chill","floor":19},{"not_picked":["Conserve Battery","Turbo","Beam Cell"],"picked":"Coolheaded","floor":22}],"player_experience":956403,"relics_obtained":[{"floor":4.0,"key":"Potion Belt"},{"floor":7.0,"key":"Dodecahedron"},{"floor":9.0,"key":"Question Card"},{"floor":10.0,"key":"Odd Mushroom"},{"floor":14.0,"key":"Letter Opener"}],"event_choices":[{"damage_healed":0.0,"max_hp_gain":0.0,"max_hp_loss":0.0,"gold_gain":0.0,"event_name":"Shining Light","player_choice":"Entered Light","floor":3.0,"gold_loss":0.0,"damage_taken":21.0,"cards_upgraded":["Sweeping Beam","Defend_B"]},{"damage_healed":0.0,"max_hp_gain":0.0,"max_hp_loss":0.0,"gold_gain":0.0,"event_name":"Mushrooms","player_choice":"Fought Mushrooms","floor":10.0,"gold_loss":0.0,"damage_taken":0.0},{"damage_healed":0,"gold_gain":50,"player_choice":"Stole From Cult","damage_taken":0,"max_hp_gain":0,"max_hp_loss":0,"event_name":"Nest","floor":20,"gold_loss":0},{"damage_healed":0,"gold_gain":0,"player_choice":"Obtained Relic","damage_taken":0,"relics_obtained":["WingedGreaves"],"max_hp_gain":0,"max_hp_loss":0,"event_name":"Addict","floor":21,"gold_loss":85}],"is_beta":false,"boss_relics":[{"not_picked":["Ectoplasm","White Beast Statue"],"picked":"Inserter"}],"items_purged_floors":[],"is_endless":false,"potions_floor_spawned":[1,5,7,10,16,18],"killed_by":"Book of Stabbing","ascension_level":20}