{"gold_per_floor":[365,515,28,44,61,61,3,3,3,3,20,20,45,56,56,133,133,151,165,78,78,128,128,145,161,184,20,37,53,53,69,69,69],"floor_reached":33,"playtime":1534,"items_purged":["Doubt"],"score":598,"play_id":"48a17908-5047-423e-a625-cfcb64654f34","local_time":"20190414165540","is_ascension_mode":true,"campfire_choices":[{"data":"Noxious Fumes","floor":6,"key":"SMITH"},{"data":"Skewer","floor":10,"key":"SMITH"},{"data":"Neutralize","floor":12,"key":"SMITH"},{"data":"Catalyst","floor":15,"key":"SMITH"},{"floor":23,"key":"REST"},{"floor":30,"key":"REST"},{"floor":32,"key":"REST"}],"neow_cost":"TEN_PERCENT_HP_LOSS","seed_source_timestamp":1411627590678203,"circlet_count":0,"master_deck":["AscendersBane","Defend_G","Defend_G","Defend_G","Defend_G","Defend_G","Strike_G","Strike_G","Survivor","Neutralize+1","Cloak And Dagger","Calculated Gamble","Footwork","Noxious Fumes+1","Backflip","Skewer+1","Poisoned Stab","Catalyst+1","Dodge and Roll","Die Die Die","Terror","Cloak And Dagger+1","After Image","PiercingWail","Phantasmal Killer","Finisher","Blur","PiercingWail","Prepared","Crippling Poison","Footwork","Well Laid Plans","Wraith Form v2","Deflect"],"relics":["Ring of the Serpent","TwistedFunnel","Art of War","Prayer Wheel","Ice Cream","Omamori"],"potions_floor_usage":[13,18,18,24,25,29,31],"damage_taken":[{"damage":14,"enemies":"Jaw Worm","floor":1,"turns":8},{"damage":0,"enemies":"Small Slimes","floor":4,"turns":2},{"damage":0,"enemies":"Cultist","floor":5,"turns":4},{"damage":0,"enemies":"2 Fungi Beasts","floor":11,"turns":4},{"damage":10,"enemies":"3 Sentries","floor":13,"turns":6},{"damage":0,"enemies":"Blue Slaver","floor":14,"turns":4},{"damage":0,"enemies":"Hexaghost","floor":16,"turns":7},{"damage":24,"enemies":"2 Thieves","floor":18,"turns":3},{"damage":17,"enemies":"Shell Parasite","floor":19,"turns":5},{"damage":13,"enemies":"Snake Plant","floor":24,"turns":5},{"damage":9,"enemies":"Sentry and Sphere","floor":25,"turns":5},{"damage":8,"enemies":"Centurion and Healer","floor":28,"turns":6},{"damage":9,"enemies":"Snake Plant","floor":29,"turns":5},{"damage":8,"enemies":"Shelled Parasite and Fungi","floor":31,"turns":8},{"damage":38,"enemies":"Automaton","floor":33,"turns":6}],"seed_played":"-4668960886305194428","potions_obtained":[{"floor":5,"key":"Explosive Potion"},{"floor":13,"key":"SkillPotion"},{"floor":14,"key":"Energy Potion"},{"floor":16,"key":"Strength Potion"},{"floor":18,"key":"Strength Potion"},{"floor":25,"key":"Poison Potion"},{"floor":28,"key":"SteroidPotion"},{"floor":29,"key":"Swift Potion"}],"is_trial":false,"path_per_floor":["M","?","$","M","M","R","$","?","T","R","M","R","E","M","R","B",null,"M","M","$","?","?","R","M","M","T","$","M","M","R","M","R","B"],"character_chosen":"THE_SILENT","items_purchased":["TwistedFunnel","Art of War","Calculated Gamble","Backflip","Regen Potion","Crippling Poison","Footwork"],"campfire_rested":3,"item_purchase_floors":[3,3,3,7,20,27,27],"current_hp_per_floor":[45,45,45,45,45,45,45,45,45,45,45,45,35,35,35,35,54,30,13,13,13,13,31,33,24,24,24,16,7,25,17,35,0],"gold":69,"neow_bonus":"TWO_FIFTY_GOLD","is_prod":false,"is_daily":false,"chose_seed":false,"campfire_upgraded":4,"win_rate":0,"timestamp":1555228540,"path_taken":["M","?","$","M","M","R","$","?","T","R","M","R","E","M","R","BOSS","M","M","?","?","?","R","M","M","T","$","M","M","R","M","R","BOSS"],"build_version":"2019-01-23","purchased_purges":1,"victory":false,"max_hp_per_floor":[60,60,60,60,60,60,60,60,60,60,60,60,60,60,60,60,60,60,60,60,60,60,60,60,60,60,60,60,60,60,60,60,60],"card_choices":[{"not_picked":["Underhanded Strike","Acrobatics"],"picked":"Cloak And Dagger","floor":1},{"not_picked":["Poisoned Stab","PiercingWail"],"picked":"Footwork","floor":4},{"not_picked":["All Out Attack","Bouncing Flask"],"picked":"Noxious Fumes","floor":5},{"not_picked":["Predator","Dash"],"picked":"Poisoned Stab","floor":11},{"not_picked":["Choke","Deadly Poison","Sucker Punch"],"picked":"SKIP","floor":11},{"not_picked":["A Thousand Cuts","Setup","All Out Attack"],"picked":"SKIP","floor":13},{"not_picked":["A Thousand Cuts","Setup","All Out Attack"],"picked":"SKIP","floor":13},{"not_picked":["Reflex","Blade Dance"],"picked":"Catalyst","floor":14},{"not_picked":["Dagger Spray","Tactician"],"picked":"Dodge and Roll","floor":14},{"not_picked":["Storm of Steel","Tools of the Trade"],"picked":"Die Die Die","floor":16},{"not_picked":["Quick Slash","Distraction"],"picked":"Terror","floor":18},{"not_picked":["Dash","Blade Dance"],"picked":"Cloak And Dagger+1","floor":18},{"not_picked":["Deflect","Dodge and Roll"],"picked":"After Image","floor":19},{"not_picked":["Blade Dance+1","Noxious Fumes"],"picked":"PiercingWail","floor":19},{"not_picked":["Distraction","Riddle With Holes"],"picked":"Blur","floor":24},{"not_picked":["Sucker Punch","Deflect"],"picked":"PiercingWail","floor":24},{"not_picked":["Acrobatics","Tactician"],"picked":"Prepared","floor":25},{"not_picked":["Noxious Fumes","Flying Knee","Dodge and Roll"],"picked":"SKIP","floor":25},{"not_picked":["Quick Slash","Underhanded Strike"],"picked":"Well Laid Plans","floor":28},{"not_picked":["Dagger Spray","Bouncing Flask"],"picked":"Wraith Form v2","floor":28},{"not_picked":["Heel Hook","Blade Dance"],"picked":"Deflect","floor":29},{"not_picked":["Acrobatics","Blade Dance","Outmaneuver"],"picked":"SKIP","floor":29},{"not_picked":["Distraction","Prepared","Bane"],"picked":"SKIP","floor":31},{"not_picked":["Deflect","Sucker Punch","Cloak And Dagger"],"picked":"SKIP","floor":31}],"player_experience":925924,"relics_obtained":[{"floor":9,"key":"Prayer Wheel"},{"floor":13,"key":"Ice Cream"},{"floor":26,"key":"Omamori"}],"event_choices":[{"damage_healed":0,"gold_gain":150,"player_choice":"AGREE","damage_taken":0,"max_hp_gain":0,"max_hp_loss":0,"event_name":"Liars Game","floor":2,"gold_loss":0,"cards_obtained":["Doubt"]},{"damage_healed":0,"gold_gain":0,"cards_transformed":["Strike_G"],"player_choice":"Transformed","damage_taken":0,"max_hp_gain":0,"max_hp_loss":0,"event_name":"Transmorgrifier","floor":8,"gold_loss":0,"cards_obtained":["Skewer"]},{"damage_healed":0,"gold_gain":0,"cards_transformed":["Strike_G","Strike_G"],"player_choice":"Became Test Subject","damage_taken":0,"max_hp_gain":0,"max_hp_loss":0,"event_name":"Drug Dealer","floor":21,"gold_loss":0,"cards_obtained":["Phantasmal Killer","Finisher"]},{"damage_healed":0,"gold_gain":50,"player_choice":"Stole From Cult","damage_taken":0,"max_hp_gain":0,"max_hp_loss":0,"event_name":"Nest","floor":22,"gold_loss":0}],"is_beta":false,"boss_relics":[{"not_picked":["Ectoplasm","Coffee Dripper"],"picked":"Ring of the Serpent"}],"items_purged_floors":[3],"is_endless":false,"potions_floor_spawned":[5,13,14,16,18,25,28,29],"killed_by":"Automaton","ascension_level":20}