{"gold_per_floor":[117,192,192,37,50,50,69,82,152,117,117,36,96,109,109,206,206,191,91,109,24,42,42,42],"floor_reached":24,"playtime":878,"items_purged":["Defend_B","Strike_B"],"score":223,"play_id":"0e9a2fb6-b7c5-4591-baf7-16f165fb1e1d","local_time":"20181024143908","is_ascension_mode":true,"campfire_choices":[{"data":"Static Discharge","floor":6,"key":"SMITH"},{"data":"Defragment","floor":11,"key":"SMITH"},{"data":"Dualcast","floor":15,"key":"SMITH"},{"floor":23,"key":"REST"}],"neow_cost":"NONE","seed_source_timestamp":319896480896361,"circlet_count":0,"master_deck":["Strike_B","Strike_B","Defend_B","Defend_B","Defend_B","Zap","Dualcast+1","Doom and Gloom","Static Discharge+1","Leap","Defragment+1","Capacitor","Multi-Cast","Gash","Reinforced Body","Cold Snap","Cold Snap","Gash","Capacitor+1","Rainbow"],"relics":["Cracked Core","Blue Candle","Orrery","Potion Belt"],"potions_floor_usage":[16,16],"damage_taken":[{"damage":0,"enemies":"Small Slimes","floor":1,"turns":2},{"damage":2,"enemies":"2 Louse","floor":5,"turns":2},{"damage":2,"enemies":"Jaw Worm","floor":7,"turns":3},{"damage":13,"enemies":"3 Louse","floor":8,"turns":3},{"damage":0,"enemies":"Large Slime","floor":14,"turns":5},{"damage":29,"enemies":"The Guardian","floor":16,"turns":6},{"damage":27,"enemies":"2 Thieves","floor":18,"turns":4},{"damage":6,"enemies":"3 Byrds","floor":20,"turns":2},{"damage":36,"enemies":"Centurion and Healer","floor":22,"turns":9},{"damage":31,"enemies":"Gremlin Leader","floor":24,"turns":2}],"seed_played":"-8747214962739002145","potions_obtained":[{"floor":0,"key":"Regen Potion"},{"floor":0,"key":"EssenceOfSteel"},{"floor":0,"key":"Block Potion"},{"floor":16,"key":"SneckoOil"},{"floor":20,"key":"Dexterity Potion"},{"floor":22,"key":"PowerPotion"}],"is_trial":false,"path_per_floor":["M","?","?","$","M","R","M","M","T","?","R","$","?","M","R","B",null,"M","$","M","?","M","R"],"character_chosen":"DEFECT","items_purchased":["Doom and Gloom","Capacitor"],"campfire_rested":1,"item_purchase_floors":[4,12],"current_hp_per_floor":[75,64,64,64,62,62,60,47,47,65,65,65,65,65,65,36,75,48,48,42,42,6,28,0],"gold":42,"neow_bonus":"THREE_SMALL_POTIONS","is_prod":false,"is_daily":false,"chose_seed":false,"campfire_upgraded":3,"win_rate":0,"timestamp":1540384748,"path_taken":["M","?","?","$","M","R","M","?","T","?","R","?","?","M","R","BOSS","M","$","M","?","M","R","E"],"build_version":"2018-10-18","purchased_purges":2,"victory":false,"max_hp_per_floor":[75,75,75,75,75,75,75,75,75,75,75,75,75,75,75,75,75,75,75,75,75,75,75,75],"card_choices":[{"not_picked":["Sweeping Beam","Redo","Hello World"],"picked":"SKIP","floor":1},{"not_picked":["Rebound","Stack"],"picked":"Static Discharge","floor":5},{"not_picked":["Ball Lightning","Cold Snap"],"picked":"Leap","floor":7},{"not_picked":["Force Field","Conserve Battery"],"picked":"Defragment","floor":8},{"not_picked":["Rebound","Compile Driver","Barrage"],"picked":"SKIP","floor":14},{"not_picked":["Echo Form","Thunder Strike"],"picked":"Multi-Cast","floor":16},{"not_picked":["Turbo","Barrage"],"picked":"Gash","floor":17},{"not_picked":["Streamline","Go for the Eyes"],"picked":"Reinforced Body","floor":17},{"not_picked":["Rip and Tear","Streamline"],"picked":"Cold Snap","floor":17},{"not_picked":["Aggregate","Redo"],"picked":"Cold Snap","floor":17},{"not_picked":["Hello World","Turbo+1"],"picked":"Gash","floor":18},{"not_picked":["Streamline","Gash"],"picked":"Capacitor+1","floor":20},{"not_picked":["Melter+1","Turbo"],"picked":"Rainbow","floor":22}],"player_experience":238688,"relics_obtained":[{"floor":9,"key":"Blue Candle"}],"event_choices":[{"damage_healed":0,"gold_gain":75,"player_choice":"Gather Gold","damage_taken":11,"max_hp_gain":0,"max_hp_loss":0,"event_name":"World of Goop","floor":2,"gold_loss":0},{"cards_removed":["Strike_B"],"damage_healed":0,"gold_gain":0,"player_choice":"Forget","damage_taken":0,"max_hp_gain":0,"max_hp_loss":0,"event_name":"Living Wall","floor":3,"gold_loss":0},{"damage_healed":18,"gold_gain":0,"player_choice":"Healed","damage_taken":0,"max_hp_gain":0,"max_hp_loss":0,"event_name":"The Cleric","floor":10,"gold_loss":35},{"damage_healed":0,"gold_gain":60,"player_choice":"Gained Gold","damage_taken":0,"max_hp_gain":0,"max_hp_loss":0,"event_name":"Golden Wing","floor":13,"gold_loss":0},{"damage_healed":0,"gold_gain":0,"player_choice":"Obtained Relic","damage_taken":0,"relics_obtained":["Potion Belt"],"max_hp_gain":0,"max_hp_loss":0,"event_name":"Addict","floor":21,"gold_loss":85}],"is_beta":false,"boss_relics":[{"not_picked":["Nuclear Battery","Tiny House"],"picked":"Orrery"}],"items_purged_floors":[4,19],"is_endless":false,"potions_floor_spawned":[8,16,20,22],"killed_by":"Gremlin Leader","ascension_level":4}