{"gold_per_floor":[13,13,23,38,38,38,38,38,61,61,20,20,55,71,71,148,148,160,160,6,20,35,35,47,47,47,47,47,47,47,47,47,47],"floor_reached":33,"playtime":1410,"items_purged":["Pain"],"score":482,"play_id":"767d7ce0-e8a0-42c4-9378-eaa110c09b6c","local_time":"20190403195525","is_ascension_mode":true,"campfire_choices":[{"data":"Dagger Spray","floor":6,"key":"SMITH"},{"data":"Neutralize","floor":8,"key":"SMITH"},{"data":"Cloak And Dagger","floor":10,"key":"SMITH"},{"floor":12,"key":"REST"},{"data":"Bane","floor":15,"key":"SMITH"},{"data":"Catalyst","floor":23,"key":"SMITH"},{"data":"Malaise","floor":25,"key":"SMITH"},{"data":"Backflip","floor":27,"key":"SMITH"},{"floor":32,"key":"REST"}],"neow_cost":"NO_GOLD","seed_source_timestamp":472133677779972,"circlet_count":0,"master_deck":["AscendersBane","Defend_G","Defend_G","Defend_G","Defend_G","Defend_G","Strike_G","Strike_G","Strike_G+1","Survivor","Neutralize+1","Backflip+1","Dagger Throw+1","Dagger Spray+1","Deadly Poison+1","Cloak And Dagger+1","Blur","Bane+1","Malaise+1","Catalyst+1","Night Terror"],"relics":["Ring of the Snake","Orichalcum","Bag of Preparation","Oddly Smooth Stone","Snecko Eye","WarpedTongs","Juzu Bracelet"],"potions_floor_usage":[33],"damage_taken":[{"damage":0,"enemies":"2 Louse","floor":1,"turns":3},{"damage":0,"enemies":"Cultist","floor":3,"turns":4},{"damage":2,"enemies":"Jaw Worm","floor":4,"turns":5},{"damage":11,"enemies":"Lagavulin","floor":13,"turns":5},{"damage":0,"enemies":"Exordium Wildlife","floor":14,"turns":3},{"damage":23,"enemies":"Hexaghost","floor":16,"turns":11},{"damage":4,"enemies":"3 Byrds","floor":18,"turns":6},{"damage":2,"enemies":"Spheric Guardian","floor":21,"turns":6},{"damage":6,"enemies":"Chosen and Byrds","floor":22,"turns":5},{"damage":0,"enemies":"3 Cultists","floor":24,"turns":4},{"damage":82,"enemies":"Automaton","floor":33,"turns":14}],"seed_played":"-1038518683450339931","potions_obtained":[{"floor":1,"key":"Ancient Potion"},{"floor":3,"key":"Fire Potion"}],"is_trial":false,"path_per_floor":["M","?","M","M","?","R","T","R","T","R","$","R","E","M","R","B",null,"M","?","$","M","M","R","M","R","T","R","$","?","?","?","R","B"],"character_chosen":"THE_SILENT","items_purchased":["Blur","Catalyst"],"campfire_rested":2,"item_purchase_floors":[11,20],"current_hp_per_floor":[59,66,66,64,44,44,44,44,44,44,44,63,52,52,52,29,57,53,53,53,51,45,45,45,45,45,45,45,45,45,45,64,0],"gold":47,"neow_bonus":"TRANSFORM_TWO_CARDS","is_prod":false,"is_daily":false,"chose_seed":false,"campfire_upgraded":7,"win_rate":0,"timestamp":1554288925,"path_taken":["M","?","M","?","?","R","?","R","T","R","?","R","E","M","R","BOSS","M","?","?","M","M","R","?","R","T","R","$","?","?","?","R","BOSS"],"build_version":"2019-01-23","purchased_purges":1,"victory":false,"max_hp_per_floor":[66,66,66,66,66,66,66,66,66,66,66,66,66,66,66,66,66,66,66,66,66,66,66,66,66,66,66,66,66,66,66,66,66],"card_choices":[{"not_picked":["Skewer","Blur"],"picked":"Dagger Spray","floor":1},{"not_picked":["PiercingWail","Deflect"],"picked":"Deadly Poison","floor":3},{"not_picked":["Bane","Flying Knee"],"picked":"Cloak And Dagger","floor":4},{"not_picked":["Tactician","Backflip","Storm of Steel"],"picked":"SKIP","floor":13},{"not_picked":["Dodge and Roll","Prepared"],"picked":"Bane","floor":14},{"not_picked":["Wraith Form v2","Glass Knife"],"picked":"Malaise","floor":16},{"not_picked":["Flying Knee","Distraction","Quick Slash"],"picked":"SKIP","floor":18},{"not_picked":["Slice","Quick Slash","Flying Knee"],"picked":"SKIP","floor":21},{"not_picked":["Underhanded Strike","Cloak And Dagger+1"],"picked":"Night Terror","floor":22},{"not_picked":["Cloak And Dagger","Dagger Spray+1","Deadly Poison"],"picked":"SKIP","floor":24}],"player_experience":819288,"relics_obtained":[{"floor":7,"key":"Orichalcum"},{"floor":9,"key":"Bag of Preparation"},{"floor":13,"key":"Oddly Smooth Stone"},{"floor":26,"key":"Juzu Bracelet"}],"event_choices":[{"damage_healed":7,"gold_gain":0,"player_choice":"Full Heal","damage_taken":0,"max_hp_gain":0,"max_hp_loss":0,"event_name":"Wheel of Change","floor":2,"gold_loss":0},{"damage_healed":0,"gold_gain":0,"player_choice":"Entered Light","damage_taken":20,"max_hp_gain":0,"max_hp_loss":0,"event_name":"Shining Light","floor":5,"gold_loss":0,"cards_upgraded":["Deadly Poison","Strike_G"]},{"damage_healed":0,"gold_gain":0,"player_choice":"Rummage","damage_taken":0,"relics_obtained":["WarpedTongs"],"max_hp_gain":0,"max_hp_loss":0,"event_name":"Accursed Blacksmith","floor":19,"gold_loss":0,"cards_obtained":["Pain"]},{"damage_healed":0,"gold_gain":0,"player_choice":"Ignored","damage_taken":0,"max_hp_gain":0,"max_hp_loss":0,"event_name":"Vampires","floor":29,"gold_loss":0},{"damage_healed":0,"gold_gain":0,"player_choice":"Ignored","damage_taken":0,"max_hp_gain":0,"max_hp_loss":0,"event_name":"The Mausoleum","floor":30,"gold_loss":0},{"damage_healed":0,"gold_gain":0,"player_choice":"Upgraded","damage_taken":0,"max_hp_gain":0,"max_hp_loss":0,"event_name":"Upgrade Shrine","floor":31,"gold_loss":0,"cards_upgraded":["Dagger Throw"]}],"is_beta":false,"boss_relics":[{"not_picked":["Calling Bell","Runic Dome"],"picked":"Snecko Eye"}],"items_purged_floors":[20],"is_endless":false,"potions_floor_spawned":[1,3,4,24],"killed_by":"Automaton","ascension_level":20}