{"gold_per_floor":[17,31,43,59,30,30,62,62,87,87,150,150,150,183,183,183],"floor_reached":16,"playtime":707,"items_purged":[],"score":216,"play_id":"ff9788cb-2914-4331-a7f0-49b93e4c6c06","local_time":"20190511100339","is_ascension_mode":true,"campfire_choices":[{"data":"Bash","floor":6,"key":"SMITH"},{"data":"Inflame","floor":8,"key":"SMITH"},{"data":"Intimidate","floor":10,"key":"SMITH"},{"data":"Exhume","floor":13,"key":"SMITH"},{"floor":15,"key":"REST"}],"neow_cost":"NO_GOLD","seed_source_timestamp":58043199293247,"circlet_count":0,"master_deck":["AscendersBane","Strike_R","Strike_R","Strike_R","Defend_R","Defend_R","Defend_R","Defend_R","Bash+1","Wild Strike","Exhume+1","Pommel Strike","Warcry","Intimidate+1","Intimidate","Pommel Strike","Inflame+1"],"relics":["Burning Blood","Smiling Mask","Pen Nib","Bag of Marbles","Strawberry"],"potions_floor_usage":[7,14,16],"damage_taken":[{"damage":3,"enemies":"2 Louse","floor":1,"turns":3},{"damage":4,"enemies":"Small Slimes","floor":2,"turns":3},{"damage":14,"enemies":"Jaw Worm","floor":3,"turns":4},{"damage":10,"enemies":"3 Louse","floor":4,"turns":3},{"damage":8,"enemies":"Gremlin Nob","floor":7,"turns":3},{"damage":47,"enemies":"Gremlin Nob","floor":11,"turns":5},{"damage":10,"enemies":"3 Sentries","floor":14,"turns":6},{"damage":73,"enemies":"Slime Boss","floor":16,"turns":8}],"seed_played":"-3610298161125803334","potions_obtained":[{"floor":1,"key":"Weak Potion"},{"floor":4,"key":"Poison Potion"},{"floor":7,"key":"LiquidBronze"},{"floor":11,"key":"PowerPotion"}],"is_trial":false,"path_per_floor":["M","M","M","M","$","R","E","R","T","R","?","?","R","E","R","B"],"character_chosen":"IRONCLAD","items_purchased":["Pommel Strike"],"campfire_rested":1,"item_purchase_floors":[5],"current_hp_per_floor":[71,73,65,61,61,61,59,59,59,59,18,43,43,46,70,0],"gold":183,"neow_bonus":"TRANSFORM_TWO_CARDS","is_prod":false,"is_daily":false,"chose_seed":false,"campfire_upgraded":4,"win_rate":0,"timestamp":1557587019,"path_taken":["M","M","M","M","$","R","E","R","T","R","?","?","R","E","R","BOSS"],"build_version":"2019-01-23","purchased_purges":0,"victory":false,"max_hp_per_floor":[75,75,75,75,75,75,75,75,75,75,75,75,75,82,82,82],"card_choices":[{"not_picked":["Combust","Anger"],"picked":"Pommel Strike","floor":1},{"not_picked":["Clothesline","Flex"],"picked":"Warcry","floor":2},{"not_picked":["Bloodletting","Clash"],"picked":"Intimidate","floor":3},{"not_picked":["Clash","Dual Wield"],"picked":"Intimidate","floor":4},{"not_picked":["Entrench","Power Through"],"picked":"Inflame","floor":7},{"not_picked":["Blood for Blood","Clothesline","Armaments"],"picked":"SKIP","floor":14}],"player_experience":1292872,"relics_obtained":[{"floor":7,"key":"Smiling Mask"},{"floor":9,"key":"Pen Nib"},{"floor":11,"key":"Bag of Marbles"},{"floor":14,"key":"Strawberry"}],"event_choices":[{"damage_healed":0,"gold_gain":0,"player_choice":"Searched \u00271\u0027 times","damage_taken":0,"max_hp_gain":0,"max_hp_loss":0,"event_name":"Dead Adventurer","floor":11,"gold_loss":0},{"damage_healed":25,"gold_gain":0,"player_choice":"Banana","damage_taken":0,"max_hp_gain":0,"max_hp_loss":0,"event_name":"Big Fish","floor":12,"gold_loss":0}],"is_beta":false,"boss_relics":[],"items_purged_floors":[],"is_endless":false,"potions_floor_spawned":[1,4,7,11],"killed_by":"Slime Boss","ascension_level":20}