{"gold_per_floor":[409,420,420,4,18,62,83,83,83,133,158,181,96,112,112,203,203,222,222,222,17,42,42,42,42,42,63,63,63,86,109,109,202,202,222,222,222,237,570,570,570,570],"floor_reached":42,"playtime":1797,"items_purged":["Strike_B"],"score":801,"play_id":"6e07214c-8e53-460d-9a21-3ff7293a3c9b","local_time":"20190217115049","is_ascension_mode":true,"campfire_choices":[{"data":"Zap","floor":8,"key":"SMITH"},{"floor":15,"key":"REST"},{"data":"Go for the Eyes","floor":23,"key":"SMITH"},{"data":"Streamline","floor":25,"key":"SMITH"},{"floor":29,"key":"REST"},{"floor":32,"key":"REST"},{"data":"Defragment","floor":40,"key":"SMITH"}],"neow_cost":"TEN_PERCENT_HP_LOSS","seed_source_timestamp":2166431862801250,"circlet_count":0,"master_deck":["AscendersBane","Strike_B","Strike_B","Strike_B","Defend_B+1","Defend_B+1","Defend_B","Defend_B","Zap+1","Dualcast","Ball Lightning","Hologram","Core Surge","Go for the Eyes+1","Glacier","BootSequence","Streamline+1","Electrodynamics","FTL","All For One","Defragment+1","Undo","Leap+1","Rainbow","Self Repair+1","Defragment+1","Barrage","Glacier"],"relics":["Cracked Core","Old Coin","Ice Cream","DataDisk","War Paint","Cursed Key","Orrery"],"potions_floor_usage":[12,14,14,18,33,33,42],"damage_taken":[{"damage":7,"enemies":"Small Slimes","floor":1,"turns":4},{"damage":0,"enemies":"Cultist","floor":2,"turns":3},{"damage":2,"enemies":"Jaw Worm","floor":5,"turns":3},{"damage":32,"enemies":"3 Sentries","floor":6,"turns":7},{"damage":3,"enemies":"Blue Slaver","floor":7,"turns":3},{"damage":2,"enemies":"3 Louse","floor":11,"turns":3},{"damage":15,"enemies":"Gremlin Gang","floor":12,"turns":4},{"damage":0,"enemies":"Exordium Wildlife","floor":14,"turns":3},{"damage":25,"enemies":"The Guardian","floor":16,"turns":12},{"damage":0,"enemies":"3 Byrds","floor":18,"turns":4},{"damage":6,"enemies":"Spheric Guardian","floor":22,"turns":3},{"damage":12,"enemies":"Snake Plant","floor":27,"turns":3},{"damage":17,"enemies":"Shelled Parasite and Fungi","floor":30,"turns":5},{"damage":1,"enemies":"Snecko","floor":31,"turns":4},{"damage":38,"enemies":"Automaton","floor":33,"turns":11},{"damage":7,"enemies":"3 Darklings","floor":35,"turns":6},{"damage":9,"enemies":"3 Shapes","floor":38,"turns":2},{"damage":60,"enemies":"Reptomancer","floor":42,"turns":2}],"seed_played":"-618709968119917157","potions_obtained":[{"floor":2,"key":"GamblersBrew"},{"floor":11,"key":"LiquidBronze"},{"floor":16,"key":"FearPotion"},{"floor":27,"key":"SkillPotion"},{"floor":33,"key":"Ancient Potion"},{"floor":35,"key":"Fire Potion"}],"is_trial":false,"path_per_floor":["M","M","?","$","M","E","M","R","T","?","M","M","$","M","R","B",null,"M","?","?","$","M","R","?","R","T","M","$","R","M","M","R","B",null,"M","?","?","M","?","R","T","E"],"character_chosen":"DEFECT","items_purchased":["Ice Cream","Regen Potion","All For One","Explosive Potion"],"campfire_rested":3,"item_purchase_floors":[4,13,21,21],"current_hp_per_floor":[57,57,57,57,55,23,20,20,20,20,18,3,3,12,29,4,45,45,45,45,45,39,39,39,39,39,27,27,44,27,26,43,5,45,48,48,48,49,49,49,49,0],"gold":570,"neow_bonus":"ONE_RARE_RELIC","is_prod":false,"is_daily":false,"chose_seed":false,"campfire_upgraded":4,"win_rate":0,"timestamp":1550371849,"path_taken":["M","M","?","$","M","E","M","R","T","?","M","?","$","M","R","BOSS","M","?","?","$","M","R","?","R","T","M","$","R","?","M","R","BOSS","M","?","?","M","?","R","?","E"],"build_version":"2019-01-23","purchased_purges":1,"victory":false,"max_hp_per_floor":[64,64,58,58,58,58,58,58,58,58,58,58,58,58,58,58,58,58,58,58,58,58,58,58,58,58,58,58,58,58,58,58,58,58,58,55,55,55,55,55,55,55],"card_choices":[{"not_picked":["Conserve Battery","Gash"],"picked":"Ball Lightning","floor":1},{"not_picked":["Coolheaded","White Noise"],"picked":"Hologram","floor":2},{"not_picked":["Compile Driver","Beam Cell","Steam"],"picked":"SKIP","floor":5},{"not_picked":["Chaos","Go for the Eyes"],"picked":"Core Surge","floor":6},{"not_picked":["Hello World","Turbo"],"picked":"Go for the Eyes","floor":7},{"not_picked":["Beam Cell","Cold Snap"],"picked":"Glacier","floor":11},{"not_picked":["Leap","Conserve Battery"],"picked":"BootSequence","floor":12},{"not_picked":["Cold Snap","Ball Lightning"],"picked":"Streamline","floor":14},{"not_picked":["Rainbow","Core Surge"],"picked":"Electrodynamics","floor":16},{"not_picked":["Stack","Leap"],"picked":"FTL","floor":18},{"not_picked":["Leap+1","Force Field"],"picked":"Defragment","floor":22},{"not_picked":["Hologram","Redo"],"picked":"Undo","floor":27},{"not_picked":["Skim","Stack"],"picked":"Leap+1","floor":30},{"not_picked":["Streamline","Stack","Double Energy"],"picked":"SKIP","floor":31},{"not_picked":["Core Surge","Amplify"],"picked":"Rainbow","floor":33},{"not_picked":["Leap","Rebound+1"],"picked":"Self Repair+1","floor":34},{"not_picked":["Redo","Undo"],"picked":"Defragment","floor":34},{"not_picked":["Beam Cell+1","Rebound"],"picked":"Barrage","floor":34},{"not_picked":["Auto Shields+1","Creative AI"],"picked":"Glacier","floor":35},{"not_picked":["Redo","Gash","Hologram+1"],"picked":"SKIP","floor":38}],"player_experience":551624,"relics_obtained":[{"floor":6,"key":"DataDisk"},{"floor":9,"key":"War Paint"}],"event_choices":[{"damage_healed":0,"gold_gain":0,"player_choice":"Lose Max HP","damage_taken":0,"relics_obtained":["Golden Idol"],"max_hp_gain":0,"max_hp_loss":6,"event_name":"Golden Idol","floor":3,"gold_loss":0},{"damage_healed":0,"gold_gain":50,"player_choice":"Pray","damage_taken":0,"max_hp_gain":0,"max_hp_loss":0,"event_name":"Golden Shrine","floor":10,"gold_loss":0},{"damage_healed":0,"gold_gain":0,"player_choice":"Ignored","damage_taken":0,"max_hp_gain":0,"max_hp_loss":0,"event_name":"Ghosts","floor":19,"gold_loss":0},{"damage_healed":0,"gold_gain":0,"player_choice":"Ignored","damage_taken":0,"max_hp_gain":0,"max_hp_loss":0,"event_name":"Vampires","floor":20,"gold_loss":0},{"damage_healed":0,"gold_gain":0,"player_choice":"Forge","damage_taken":0,"max_hp_gain":0,"max_hp_loss":0,"event_name":"Accursed Blacksmith","floor":24,"gold_loss":0,"cards_upgraded":["Defragment"]},{"damage_healed":0,"gold_gain":0,"player_choice":"Max HP","damage_taken":0,"max_hp_gain":0,"max_hp_loss":3,"event_name":"Winding Halls","floor":36,"gold_loss":0},{"damage_healed":0,"gold_gain":0,"player_choice":"Ignored","damage_taken":0,"max_hp_gain":0,"max_hp_loss":0,"event_name":"Mysterious Sphere","floor":37,"gold_loss":0},{"damage_healed":0,"gold_gain":333,"player_choice":"Gave Idol","damage_taken":0,"max_hp_gain":0,"max_hp_loss":0,"event_name":"The Moai Head","floor":39,"relics_lost":["Golden Idol"],"gold_loss":0}],"is_beta":false,"boss_relics":[{"not_picked":["Runic Pyramid","Nuclear Battery"],"picked":"Cursed Key"},{"not_picked":["Sozu","Fusion Hammer"],"picked":"Orrery"}],"items_purged_floors":[4],"is_endless":false,"potions_floor_spawned":[2,11,16,27,33,35,38],"killed_by":"Reptomancer","ascension_level":19}