{"gold_per_floor":[117,117,117,192,210,210,240,240,540,559,621,621,621,638,638,739,739,759,448,460,510,522,522,522,522,522,522,216,251,251,131,131,230,230,243,262,281,300,300,300,316,316,316,316,342,368,164,164,164,164,164,164,35,68,68],"floor_reached":56,"playtime":2331,"items_purged":["Sweeping Beam"],"score":1369,"play_id":"88e86075-3b17-408a-98d5-42ce4610042c","local_time":"20181213021131","is_ascension_mode":false,"campfire_choices":[{"data":"Zap","floor":6,"key":"SMITH"},{"data":"Self Repair","floor":8,"key":"SMITH"},{"data":"Streamline","floor":12,"key":"SMITH"},{"data":"Buffer","floor":15,"key":"SMITH"},{"data":"Defragment","floor":23,"key":"SMITH"},{"data":"Barrage","floor":25,"key":"SMITH"},{"data":"Capacitor","floor":32,"key":"SMITH"},{"data":"Echo Form","floor":40,"key":"SMITH"},{"floor":42,"key":"RECALL"},{"data":"Electrodynamics","floor":49,"key":"SMITH"},{"data":"Go for the Eyes","floor":52,"key":"SMITH"}],"neow_cost":"NONE","seed_source_timestamp":1210816177934162,"circlet_count":0,"master_deck":["Zap+1","Dualcast","Sweeping Beam+1","Self Repair+1","Conserve Battery","Buffer+1","Coolheaded","Electrodynamics+1","Leap","Go for the Eyes+1","Barrage+1","Leap","Defragment+1","Tempest+1","Capacitor+1","Dark Shackles","Cold Snap+1","Echo Form+1","Glacier+1","Redo+1","Consume+1"],"relics":["Cracked Core","NeowsBlessing","Bird Faced Urn","Old Coin","Strawberry","Pandora\u0027s Box","Prayer Wheel","FossilizedHelix","Omamori","Letter Opener","WarpedTongs","Tiny Chest","Lizard Tail","Incense Burner","Anchor","Runic Capacitor","Bottled Lightning"],"potions_floor_usage":[11,16,29,36,37,37,50,55],"damage_taken":[{"damage":0,"enemies":"2 Louse","floor":1,"turns":1},{"damage":0,"enemies":"Jaw Worm","floor":5,"turns":1},{"damage":0,"enemies":"Lagavulin","floor":7,"turns":2},{"damage":5,"enemies":"Small Slimes","floor":10,"turns":2},{"damage":32,"enemies":"Lagavulin Event","floor":11,"turns":5},{"damage":4,"enemies":"3 Louse","floor":14,"turns":3},{"damage":0,"enemies":"Slime Boss","floor":16,"turns":8},{"damage":6,"enemies":"Shell Parasite","floor":18,"turns":5},{"damage":18,"enemies":"2 Thieves","floor":20,"turns":3},{"damage":37,"enemies":"Sentry and Sphere","floor":22,"turns":5},{"damage":8,"enemies":"Gremlin Leader","floor":29,"turns":5},{"damage":0,"enemies":"Champ","floor":33,"turns":9},{"damage":6,"enemies":"3 Shapes","floor":35,"turns":4},{"damage":11,"enemies":"3 Darklings","floor":36,"turns":4},{"damage":26,"enemies":"Jaw Worm Horde","floor":37,"turns":4},{"damage":0,"enemies":"4 Shapes","floor":38,"turns":4},{"damage":37,"enemies":"3 Darklings","floor":41,"turns":4},{"damage":8,"enemies":"Reptomancer","floor":45,"turns":7},{"damage":24,"enemies":"Awakened One","floor":50,"turns":24},{"damage":43,"enemies":"Shield and Spear","floor":54,"turns":7},{"damage":131,"enemies":"The Heart","floor":55,"turns":16}],"seed_played":"-7275272887199721596","potions_obtained":[{"floor":1,"key":"FocusPotion"},{"floor":7,"key":"LiquidBronze"},{"floor":11,"key":"PowerPotion"},{"floor":18,"key":"SteroidPotion"},{"floor":20,"key":"Weak Potion"},{"floor":36,"key":"AttackPotion"},{"floor":38,"key":"Fire Potion"}],"is_trial":false,"path_per_floor":["M","?","?","?","M","R","E","R","T","M","?","R","?","M","R","B",null,"M","$","M","?","M","R","?","R","T","?","$","E","?","$","R","B",null,"M","M","M","M","$","R","M","R","T","?","E","T","$","?","R","B",null,"R","$","E","B",null],"character_chosen":"DEFECT","items_purchased":["Prayer Wheel","Omamori","Dark Shackles","Tiny Chest","Runic Capacitor","Explosive Potion","Regen Potion"],"campfire_rested":0,"item_purchase_floors":[19,28,28,31,47,53,53],"current_hp_per_floor":[75,68,68,57,57,57,64,64,64,71,58,58,58,68,68,72,82,82,82,76,76,55,55,55,55,55,82,82,78,78,78,78,82,82,80,73,55,75,75,75,56,56,56,56,68,68,68,68,68,46,82,82,82,57,24],"gold":68,"neow_bonus":"THREE_ENEMY_KILL","is_prod":false,"is_daily":false,"chose_seed":false,"campfire_upgraded":10,"win_rate":0,"timestamp":1544634691,"path_taken":["M","?","?","?","M","R","E","R","T","M","?","R","?","M","R","BOSS","M","?","M","?","?","R","?","R","T","?","$","E","?","$","R","BOSS","M","M","M","?","$","R","M","R","T","?","E","?","$","?","R","BOSS","R","$","E","BOSS"],"build_version":"2018-12-06","purchased_purges":1,"victory":true,"max_hp_per_floor":[75,75,75,75,75,75,75,75,75,75,82,82,82,82,82,82,82,82,82,82,82,82,82,82,82,82,82,82,82,82,82,82,82,82,82,82,82,82,82,82,82,82,82,82,82,82,82,82,82,82,82,82,82,82,82],"card_choices":[{"not_picked":["Darkness","Stack"],"picked":"Sweeping Beam","floor":1},{"not_picked":["Steam","Hologram"],"picked":"Self Repair","floor":5},{"not_picked":["Sweeping Beam","Steam","Steam Power"],"picked":"SKIP","floor":7},{"not_picked":["Compile Driver","Skim"],"picked":"Streamline","floor":10},{"not_picked":["Stack","Hello World"],"picked":"Conserve Battery","floor":11},{"not_picked":["Conserve Battery","Compile Driver"],"picked":"Coolheaded","floor":14},{"not_picked":["Hyperbeam","Echo Form"],"picked":"Electrodynamics","floor":16},{"not_picked":["Consume","Beam Cell","Self Repair+1"],"picked":"SKIP","floor":18},{"not_picked":["Static Discharge","Coolheaded"],"picked":"Tempest+1","floor":20},{"not_picked":["Ball Lightning","BootSequence","Steam"],"picked":"SKIP","floor":20},{"not_picked":["Stack+1","Core Surge"],"picked":"Capacitor","floor":22},{"not_picked":["Genetic Algorithm+1","FTL+1","Darkness"],"picked":"SKIP","floor":22},{"not_picked":["Go for the Eyes+1","Leap"],"picked":"Cold Snap+1","floor":29},{"not_picked":["Fission","Creative AI"],"picked":"Echo Form","floor":33},{"not_picked":["Aggregate+1","Fusion+1","Stack+1"],"picked":"SKIP","floor":35},{"not_picked":["Melter+1","Turbo+1","Go for the Eyes+1"],"picked":"SKIP","floor":35},{"not_picked":["Redo+1","Compile Driver+1"],"picked":"Glacier+1","floor":36},{"not_picked":["Heatsinks","Sweeping Beam+1"],"picked":"Redo+1","floor":36},{"not_picked":["Beam Cell+1","Aggregate+1","Storm+1"],"picked":"SKIP","floor":37},{"not_picked":["Redo+1","Go for the Eyes+1","Barrage"],"picked":"SKIP","floor":37},{"not_picked":["Hologram+1","Compile Driver","Go for the Eyes+1"],"picked":"SKIP","floor":38},{"not_picked":["Biased Cognition","Leap+1","Beam Cell"],"picked":"SKIP","floor":38},{"not_picked":["Rebound","Coolheaded+1","Steam Power"],"picked":"SKIP","floor":41},{"not_picked":["Steam","Hologram+1","Conserve Battery+1"],"picked":"SKIP","floor":41},{"not_picked":["Rebound+1","Reprogram+1"],"picked":"Consume","floor":45},{"not_picked":["Rebound","Sunder","Stack+1"],"picked":"SKIP","floor":54}],"player_experience":174355,"relics_obtained":[{"floor":7,"key":"Bird Faced Urn"},{"floor":9,"key":"Old Coin"},{"floor":11,"key":"Strawberry"},{"floor":26,"key":"FossilizedHelix"},{"floor":29,"key":"Letter Opener"},{"floor":45,"key":"Incense Burner"},{"floor":46,"key":"Anchor"},{"floor":54,"key":"Bottled Lightning"}],"event_choices":[{"cards_removed":["Strike_B"],"damage_healed":0,"gold_gain":0,"player_choice":"Card Removal","damage_taken":7,"max_hp_gain":0,"max_hp_loss":0,"event_name":"Golden Wing","floor":2,"gold_loss":0},{"damage_healed":0,"gold_gain":0,"player_choice":"Grow","damage_taken":0,"max_hp_gain":0,"max_hp_loss":0,"event_name":"Living Wall","floor":3,"gold_loss":0,"cards_upgraded":["Sweeping Beam"]},{"damage_healed":0,"gold_gain":75,"player_choice":"Gather Gold","damage_taken":11,"max_hp_gain":0,"max_hp_loss":0,"event_name":"World of Goop","floor":4,"gold_loss":0},{"damage_healed":0,"gold_gain":0,"player_choice":"Searched \u00272\u0027 times","damage_taken":0,"max_hp_gain":0,"max_hp_loss":0,"event_name":"Dead Adventurer","floor":11,"gold_loss":0},{"damage_healed":0,"gold_gain":0,"cards_transformed":["Defend_B"],"player_choice":"Transformed","damage_taken":0,"max_hp_gain":0,"max_hp_loss":0,"event_name":"Transmorgrifier","floor":13,"gold_loss":0,"cards_obtained":["Buffer"]},{"damage_healed":0,"gold_gain":100,"player_choice":"Bet on Murderer","damage_taken":0,"max_hp_gain":0,"max_hp_loss":0,"event_name":"The Joust","floor":21,"gold_loss":50},{"damage_healed":0,"gold_gain":0,"player_choice":"Ignored","damage_taken":0,"max_hp_gain":0,"max_hp_loss":0,"event_name":"Ghosts","floor":24,"gold_loss":0},{"damage_healed":27,"gold_gain":0,"player_choice":"Heal","damage_taken":0,"max_hp_gain":0,"max_hp_loss":0,"event_name":"The Library","floor":27,"gold_loss":0},{"damage_healed":0,"gold_gain":0,"player_choice":"Rummage","damage_taken":0,"relics_obtained":["WarpedTongs"],"max_hp_gain":0,"max_hp_loss":0,"event_name":"Accursed Blacksmith","floor":30,"gold_loss":0,"cards_obtained":["Pain"]},{"cards_removed":["Streamline"],"damage_healed":0,"gold_gain":0,"player_choice":"Removed Attack","damage_taken":0,"max_hp_gain":0,"max_hp_loss":0,"event_name":"Falling","floor":44,"gold_loss":0},{"damage_healed":0,"gold_gain":0,"player_choice":"Upgraded","damage_taken":0,"max_hp_gain":0,"max_hp_loss":0,"event_name":"Upgrade Shrine","floor":48,"gold_loss":0,"cards_upgraded":["Consume"]}],"is_beta":false,"boss_relics":[{"not_picked":["Empty Cage","Runic Pyramid"],"picked":"Pandora\u0027s Box"},{"not_picked":["Snecko Eye","FrozenCore"],"picked":"Lizard Tail"}],"items_purged_floors":[28],"is_endless":false,"potions_floor_spawned":[1,7,11,18,20,36,38],"ascension_level":0}