{"gold_per_floor":[118,68,68,68,82,117,117,117,141,154,174,174,184,218,218,318,318,334,347,364,38,38,38,70,98,135,147,159],"floor_reached":28,"playtime":1148,"items_purged":[],"score":271,"play_id":"350724e8-23ed-4184-9550-e4fbdddb0125","local_time":"20181126114255","is_ascension_mode":false,"campfire_choices":[{"data":"Dualcast","floor":7,"key":"SMITH"},{"data":"Static Discharge","floor":12,"key":"SMITH"},{"data":"Zap","floor":15,"key":"SMITH"},{"floor":27,"key":"REST"}],"neow_cost":"NONE","seed_source_timestamp":1276307943402836,"circlet_count":0,"master_deck":["Strike_B","Strike_B","Defend_B","Defend_B","Zap+1","Dualcast+1","Leap","Static Discharge+1","Melter","Go for the Eyes","Ball Lightning","Redo","Seek","Coolheaded+1","Defragment","Conserve Battery","Loop","Bandage Up","Streamline","Machine Learning","Conserve Battery","Self Repair"],"relics":["Cracked Core","NeowsBlessing","Ornamental Fan","WingedGreaves","Happy Flower","Odd Mushroom","Potion Belt","Velvet Choker","OrangePellets","MawBank"],"potions_floor_usage":[14,14,14,19,25],"damage_taken":[{"damage":0,"enemies":"Small Slimes","floor":1,"turns":1},{"damage":0,"enemies":"Jaw Worm","floor":5,"turns":1},{"damage":0,"enemies":"Gremlin Nob","floor":6,"turns":1},{"damage":1,"enemies":"2 Louse","floor":10,"turns":3},{"damage":12,"enemies":"The Mushroom Lair","floor":11,"turns":4},{"damage":0,"enemies":"Red Slaver","floor":13,"turns":3},{"damage":4,"enemies":"Lagavulin","floor":14,"turns":4},{"damage":25,"enemies":"Hexaghost","floor":16,"turns":5},{"damage":2,"enemies":"Shell Parasite","floor":18,"turns":3},{"damage":20,"enemies":"2 Thieves","floor":19,"turns":2},{"damage":6,"enemies":"Snecko","floor":20,"turns":6},{"damage":36,"enemies":"Slavers","floor":24,"turns":4},{"damage":8,"enemies":"Chosen and Byrds","floor":25,"turns":5},{"damage":39,"enemies":"Gremlin Leader","floor":28,"turns":3}],"seed_played":"2009688859863631330","potions_obtained":[{"floor":5,"key":"EssenceOfSteel"},{"floor":11,"key":"Poison Potion"},{"floor":13,"key":"AttackPotion"},{"floor":16,"key":"LiquidBronze"},{"floor":19,"key":"Swift Potion"},{"floor":25,"key":"FearPotion"}],"is_trial":false,"path_per_floor":["M","?","?","$","M","E","R","?","T","M","?","R","M","E","R","B",null,"M","M","M","$","?","?","E","M","T","R","E"],"character_chosen":"DEFECT","items_purchased":["Loop","OrangePellets","Bandage Up"],"campfire_rested":1,"item_purchase_floors":[21,21,21],"current_hp_per_floor":[75,75,63,63,63,63,63,56,56,55,43,43,43,39,39,14,75,73,53,47,47,47,47,15,11,11,33,0],"gold":159,"neow_bonus":"THREE_ENEMY_KILL","is_prod":false,"is_daily":false,"chose_seed":false,"campfire_upgraded":3,"win_rate":0,"timestamp":1543200175,"path_taken":["M","?","?","$","M","E","R","?","T","?","?","R","M","E","R","BOSS","M","M","M","$","?","?","E","?","T","R","E"],"build_version":"2018-11-15","purchased_purges":0,"victory":false,"max_hp_per_floor":[75,75,75,75,75,75,75,75,75,75,75,75,75,75,75,75,75,75,75,75,75,75,75,75,75,75,75,75],"card_choices":[{"not_picked":["Gash","Aggregate"],"picked":"Leap","floor":1},{"not_picked":["Fusion","FTL"],"picked":"Static Discharge","floor":5},{"not_picked":["Streamline","Hello World"],"picked":"Melter","floor":6},{"not_picked":["Gash","Static Discharge","Compile Driver"],"picked":"SKIP","floor":10},{"not_picked":["Melter","Lockon"],"picked":"Go for the Eyes","floor":11},{"not_picked":["Lockon","Chaos"],"picked":"Ball Lightning","floor":13},{"not_picked":["Sweeping Beam","Static Discharge"],"picked":"Redo","floor":14},{"not_picked":["Multi-Cast","Meteor Strike"],"picked":"Seek","floor":16},{"not_picked":["Gash+1","Go for the Eyes+1"],"picked":"Coolheaded+1","floor":18},{"not_picked":["Cold Snap","Leap"],"picked":"Defragment","floor":19},{"not_picked":["Rebound+1","Sweeping Beam"],"picked":"Conserve Battery","floor":20},{"not_picked":["Loop","Leap+1"],"picked":"Conserve Battery","floor":24},{"not_picked":["BootSequence","Steam"],"picked":"Self Repair","floor":25}],"player_experience":58805,"relics_obtained":[{"floor":6,"key":"WingedGreaves"},{"floor":9,"key":"Happy Flower"},{"floor":11,"key":"Odd Mushroom"},{"floor":14,"key":"Potion Belt"},{"floor":24,"key":"MawBank"}],"event_choices":[{"cards_removed":["Defend_B"],"damage_healed":0,"gold_gain":0,"player_choice":"Card Removal","damage_taken":0,"max_hp_gain":0,"max_hp_loss":0,"event_name":"The Cleric","floor":2,"gold_loss":50},{"damage_healed":0,"gold_gain":0,"player_choice":"Success","damage_taken":12,"relics_obtained":["Ornamental Fan"],"max_hp_gain":0,"max_hp_loss":0,"event_name":"Scrap Ooze","floor":3,"gold_loss":0},{"cards_removed":["Strike_B"],"damage_healed":0,"gold_gain":0,"player_choice":"Card Removal","damage_taken":7,"max_hp_gain":0,"max_hp_loss":0,"event_name":"Golden Wing","floor":8,"gold_loss":0},{"damage_healed":0,"gold_gain":0,"player_choice":"Fought Mushrooms","damage_taken":0,"max_hp_gain":0,"max_hp_loss":0,"event_name":"Mushrooms","floor":11,"gold_loss":0},{"damage_healed":0,"gold_gain":0,"cards_transformed":["Strike_B","Defend_B"],"player_choice":"Became Test Subject","damage_taken":0,"max_hp_gain":0,"max_hp_loss":0,"event_name":"Drug Dealer","floor":22,"gold_loss":0,"cards_obtained":["Streamline","Machine Learning"]},{"damage_healed":0,"gold_gain":0,"player_choice":"Ignored","damage_taken":0,"max_hp_gain":0,"max_hp_loss":0,"event_name":"NoteForYourself","floor":23,"gold_loss":0}],"is_beta":false,"boss_relics":[{"not_picked":["Orrery","Philosopher\u0027s Stone"],"picked":"Velvet Choker"}],"items_purged_floors":[],"is_endless":false,"potions_floor_spawned":[5,11,13,16,19,25],"killed_by":"Gremlin Leader","ascension_level":0}