{"gold_per_floor":[112,112,126,42,117,147,167,167,192,192,211,222,222,242,242,341,341,357,370,370,127,141,141,141,141,165,65,80,80,80,91,91,187,237,249,269,269,122,122,122,157,157,157,170,170,270,290,127,127,127,127,127,101,132,132],"floor_reached":55,"playtime":3736,"items_purged":["Strike_B","Strike_B","Strike_B"],"score":675,"play_id":"5294218b-75d0-4b89-8b47-8419a9070269","local_time":"20181209000656","is_ascension_mode":false,"campfire_choices":[{"data":"Zap","floor":10,"key":"SMITH"},{"data":"Go for the Eyes","floor":13,"key":"SMITH"},{"data":"Go for the Eyes","floor":15,"key":"SMITH"},{"data":"Dualcast","floor":23,"key":"SMITH"},{"data":"Blizzard","floor":25,"key":"SMITH"},{"data":"Blizzard","floor":30,"key":"SMITH"},{"data":"Coolheaded","floor":32,"key":"SMITH"},{"data":"Electrodynamics","floor":40,"key":"SMITH"},{"data":"Defragment","floor":42,"key":"SMITH"},{"floor":49,"key":"RECALL"},{"data":"Defend_B","floor":52,"key":"SMITH"}],"neow_cost":"PERCENT_DAMAGE","seed_source_timestamp":856238415353467,"circlet_count":0,"master_deck":["Strike_B+1","Defend_B+1","Defend_B","Defend_B+1","Defend_B+1","Zap+1","Dualcast+1","Go for the Eyes+1","Self Repair","Genetic Algorithm","Coolheaded+1","Undo+1","White Noise+1","Consume+1","Seek+1","Electrodynamics+1","Glacier+1","Blizzard+1","Reinforced Body+1","Cold Snap","Blizzard+1","Dark Shackles+1","BootSequence+1","Capacitor+1","Seek+1","Defragment+1","Glacier+1","Conserve Battery+1","Capacitor+1"],"relics":["Cracked Core","StoneCalendar","Toxic Egg 2","Pantograph","Orrery","Nilry\u0027s Codex","Oddly Smooth Stone","Tiny House","DataDisk","Dream Catcher","Incense Burner","Unceasing Top","Anchor"],"potions_floor_usage":[33,55,55,55],"damage_taken":[{"damage":1,"enemies":"Cultist","floor":1,"turns":3},{"damage":0,"enemies":"Jaw Worm","floor":3,"turns":3},{"damage":22,"enemies":"Lagavulin","floor":6,"turns":10},{"damage":0,"enemies":"Small Slimes","floor":7,"turns":5},{"damage":0,"enemies":"Blue Slaver","floor":11,"turns":4},{"damage":0,"enemies":"2 Fungi Beasts","floor":12,"turns":3},{"damage":0,"enemies":"Looter","floor":14,"turns":3},{"damage":2,"enemies":"The Guardian","floor":16,"turns":13},{"damage":0,"enemies":"Spheric Guardian","floor":18,"turns":5},{"damage":18,"enemies":"2 Thieves","floor":19,"turns":3},{"damage":0,"enemies":"3 Cultists","floor":22,"turns":3},{"damage":9,"enemies":"Chosen and Byrds","floor":28,"turns":7},{"damage":29,"enemies":"Centurion and Healer","floor":31,"turns":5},{"damage":3,"enemies":"Automaton","floor":33,"turns":15},{"damage":9,"enemies":"Orb Walker","floor":35,"turns":5},{"damage":0,"enemies":"3 Shapes","floor":36,"turns":3},{"damage":1,"enemies":"Giant Head","floor":41,"turns":10},{"damage":0,"enemies":"Transient","floor":44,"turns":5},{"damage":0,"enemies":"Mind Bloom Boss Battle","floor":46,"turns":7},{"damage":0,"enemies":"4 Shapes","floor":47,"turns":2},{"damage":76,"enemies":"Awakened One","floor":50,"turns":22},{"damage":22,"enemies":"Shield and Spear","floor":54,"turns":11},{"damage":99,"enemies":"The Heart","floor":55,"turns":14}],"seed_played":"-4093592066462157802","potions_obtained":[{"floor":6,"key":"SkillPotion"},{"floor":7,"key":"Regen Potion"},{"floor":16,"key":"Swift Potion"},{"floor":34,"key":"LiquidBronze"},{"floor":44,"key":"Ancient Potion"},{"floor":46,"key":"FocusPotion"}],"is_trial":false,"path_per_floor":["M","?","M","$","?","E","M","T","T","R","M","M","R","M","R","B",null,"M","M","?","$","M","R","?","R","T","$","M","?","R","M","R","B",null,"M","M","?","$","?","R","E","R","T","M","?","?","M","$","R","B",null,"R","$","E","B"],"character_chosen":"DEFECT","items_purchased":["Genetic Algorithm","Coolheaded","Dark Shackles+1","BootSequence+1","DataDisk","Glacier+1","Conserve Battery+1"],"campfire_rested":0,"item_purchase_floors":[4,4,21,21,38,48,53],"current_hp_per_floor":[53,38,38,38,27,12,19,19,19,19,26,33,33,40,40,70,75,75,64,64,64,71,71,55,55,55,55,60,60,60,38,38,75,80,71,71,71,71,71,71,77,77,77,80,80,80,80,80,80,11,80,80,80,58,0],"gold":132,"neow_bonus":"ONE_RARE_RELIC","is_prod":false,"is_daily":false,"chose_seed":false,"campfire_upgraded":10,"win_rate":0,"timestamp":1544281616,"path_taken":["M","?","M","$","?","E","M","?","T","R","M","M","R","?","R","BOSS","M","?","?","$","M","R","?","R","T","$","M","?","R","M","R","BOSS","M","M","?","$","?","R","E","R","T","?","?","?","?","$","R","BOSS","R","$","E","BOSS"],"build_version":"2018-12-06","purchased_purges":3,"victory":false,"max_hp_per_floor":[75,75,75,75,75,75,75,75,75,75,75,75,75,75,75,75,75,75,75,75,75,75,75,75,75,75,75,75,75,75,75,75,75,80,80,80,80,80,80,80,80,80,80,80,80,80,80,80,80,80,80,80,80,80,80],"card_choices":[{"not_picked":["Streamline","Gash"],"picked":"Go for the Eyes","floor":1},{"not_picked":["Aggregate","Darkness"],"picked":"Self Repair","floor":3},{"not_picked":["Hello World","Sweeping Beam"],"picked":"Undo","floor":6},{"not_picked":["Recycle+1","Turbo+1"],"picked":"Go for the Eyes","floor":7},{"not_picked":["Storm","Tempest+1"],"picked":"White Noise+1","floor":11},{"not_picked":["Cold Snap","Coolheaded+1"],"picked":"Consume+1","floor":12},{"not_picked":["Go for the Eyes","Leap+1"],"picked":"Seek+1","floor":14},{"not_picked":["Reboot+1","Biased Cognition"],"picked":"Electrodynamics","floor":16},{"not_picked":["Sweeping Beam","Genetic Algorithm+1"],"picked":"Glacier+1","floor":17},{"not_picked":["Ball Lightning","Beam Cell"],"picked":"Blizzard","floor":17},{"not_picked":["Go for the Eyes","Heatsinks"],"picked":"Reinforced Body+1","floor":17},{"not_picked":["Consume+1","Self Repair+1"],"picked":"Cold Snap","floor":18},{"not_picked":["Aggregate+1","Ball Lightning"],"picked":"Blizzard","floor":19},{"not_picked":["Machine Learning","Turbo+1","Auto Shields+1"],"picked":"SKIP","floor":22},{"not_picked":["BootSequence+1","Tempest+1","Turbo+1"],"picked":"SKIP","floor":28},{"not_picked":["Coolheaded+1","Heatsinks","Hello World+1"],"picked":"SKIP","floor":31},{"not_picked":["Meteor Strike","All For One"],"picked":"Seek+1","floor":33},{"not_picked":["Double Energy+1","Go for the Eyes","Turbo+1"],"picked":"SKIP","floor":35},{"not_picked":["Hello World+1","Storm","Gash"],"picked":"SKIP","floor":36},{"not_picked":["Conserve Battery+1","Coolheaded+1"],"picked":"Defragment","floor":41},{"not_picked":["Barrage","Redo+1","Leap+1"],"picked":"SKIP","floor":44},{"not_picked":["Barrage","Redo+1","Leap+1"],"picked":"SKIP","floor":44},{"not_picked":["Scrape+1","Heatsinks+1","FTL+1"],"picked":"SKIP","floor":47},{"not_picked":["Biased Cognition","Echo Form"],"picked":"Capacitor+1","floor":54}],"player_experience":98872,"relics_obtained":[{"floor":6,"key":"Toxic Egg 2"},{"floor":8,"key":"Pantograph"},{"floor":24,"key":"Nilry\u0027s Codex"},{"floor":26,"key":"Oddly Smooth Stone"},{"floor":41,"key":"Dream Catcher"},{"floor":43,"key":"Incense Burner"},{"floor":46,"key":"Unceasing Top"},{"floor":54,"key":"Anchor"}],"event_choices":[{"damage_healed":0,"gold_gain":0,"player_choice":"Entered Light","damage_taken":15,"max_hp_gain":0,"max_hp_loss":0,"event_name":"Shining Light","floor":2,"gold_loss":0,"cards_upgraded":["Strike_B","Defend_B"]},{"damage_healed":0,"gold_gain":75,"player_choice":"Gather Gold","damage_taken":11,"max_hp_gain":0,"max_hp_loss":0,"event_name":"World of Goop","floor":5,"gold_loss":0},{"damage_healed":0,"gold_gain":0,"player_choice":"Ignored","damage_taken":0,"max_hp_gain":0,"max_hp_loss":0,"event_name":"Vampires","floor":20,"gold_loss":0},{"damage_healed":0,"gold_gain":0,"player_choice":"Obtained Book","damage_taken":16,"max_hp_gain":0,"max_hp_loss":0,"event_name":"Cursed Tome","floor":24,"gold_loss":0},{"damage_healed":0,"gold_gain":0,"player_choice":"Read","damage_taken":0,"max_hp_gain":0,"max_hp_loss":0,"event_name":"The Library","floor":29,"gold_loss":0,"cards_obtained":["Capacitor"]},{"cards_removed":["Go for the Eyes"],"damage_healed":0,"gold_gain":0,"player_choice":"Removed Attack","damage_taken":0,"max_hp_gain":0,"max_hp_loss":0,"event_name":"Falling","floor":37,"gold_loss":0},{"damage_healed":0,"gold_gain":0,"player_choice":"Upgraded","damage_taken":0,"max_hp_gain":0,"max_hp_loss":0,"event_name":"Upgrade Shrine","floor":39,"gold_loss":0,"cards_upgraded":["Capacitor"]},{"damage_healed":0,"gold_gain":0,"player_choice":"Ignored","damage_taken":0,"max_hp_gain":0,"max_hp_loss":0,"event_name":"Mysterious Sphere","floor":45,"gold_loss":0},{"damage_healed":0,"gold_gain":0,"player_choice":"Fight","damage_taken":0,"max_hp_gain":0,"max_hp_loss":0,"event_name":"MindBloom","floor":46,"gold_loss":0}],"is_beta":false,"boss_relics":[{"not_picked":["Fusion Hammer","Ectoplasm"],"picked":"Orrery"},{"not_picked":["Black Star","Runic Dome"],"picked":"Tiny House"}],"items_purged_floors":[21,27,48],"is_endless":false,"potions_floor_spawned":[6,7,16,18,28,36,44,46],"killed_by":"The Heart","ascension_level":0}