{"gold_per_floor":[121,133,208,232,306,343,355,385,397,442,454,63,63,163,163,237,237,256,68,148,167,217,217,267,283,309,309],"floor_reached":27,"playtime":978,"items_purged":["Strike_G","Strike_G"],"score":442,"play_id":"818cae75-9916-482d-95d7-b8cfde99a6fa","local_time":"20190413123349","is_ascension_mode":true,"campfire_choices":[{"floor":7.0,"key":"REST"},{"data":"Neutralize","floor":11.0,"key":"SMITH"},{"floor":13.0,"key":"REST"},{"data":"Deadly Poison","floor":15.0,"key":"SMITH"},{"floor":23.0,"key":"REST"}],"neow_cost":"NONE","seed_source_timestamp":1421513425400,"circlet_count":0,"master_deck":["AscendersBane","Defend_G","Defend_G","Defend_G","Defend_G","Defend_G","Strike_G","Strike_G","Strike_G","Survivor","Neutralize+1","Cloak And Dagger","Deadly Poison+1","Escape Plan","Deadly Poison","Cloak And Dagger","Acrobatics","Storm of Steel","After Image","Noxious Fumes","Well Laid Plans","PiercingWail","Prepared","After Image","Escape Plan"],"special_seed":0,"relics":["Ring of the Snake","MawBank","SsserpentHead","Pen Nib","Pear","Orichalcum","PreservedInsect","Bronze Scales","WristBlade","Red Mask","Regal Pillow"],"potions_floor_usage":[],"damage_taken":[{"damage":3.0,"enemies":"Jaw Worm","floor":1.0,"turns":4.0},{"damage":0.0,"enemies":"Cultist","floor":3.0,"turns":4.0},{"damage":1.0,"enemies":"Small Slimes","floor":4.0,"turns":4.0},{"damage":6.0,"enemies":"Looter","floor":5.0,"turns":4.0},{"damage":46.0,"enemies":"Gremlin Nob","floor":6.0,"turns":5.0},{"damage":6.0,"enemies":"2 Fungi Beasts","floor":8.0,"turns":4.0},{"damage":11.0,"enemies":"3 Sentries","floor":10.0,"turns":9.0},{"damage":23.0,"enemies":"Hexaghost","floor":16.0,"turns":9.0},{"damage":10.0,"enemies":"Spheric Guardian","floor":18.0,"turns":7.0},{"damage":12.0,"enemies":"Masked Bandits","floor":20.0,"turns":4.0},{"damage":3.0,"enemies":"Chosen","floor":21.0,"turns":4.0},{"damage":9.0,"enemies":"Colosseum Slavers","floor":22.0,"turns":5.0},{"damage":22.0,"enemies":"Shelled Parasite and Fungi","floor":25.0,"turns":6.0},{"damage":27,"enemies":"Slavers","floor":27,"turns":3}],"seed_played":"4949585855581067731","potions_obtained":[{"floor":1.0,"key":"Ancient Potion"},{"floor":3.0,"key":"Explosive Potion"},{"floor":8.0,"key":"Poison Potion"},{"floor":10.0,"key":"Swift Potion"},{"floor":20.0,"key":"AttackPotion"}],"is_trial":false,"path_per_floor":["M","?","M","M","M","E","R","M","T","E","R","$","R","T","R","B",null,"M","$","?","M","?","R","?","M","T","E"],"character_chosen":"THE_SILENT","items_purchased":["PreservedInsect","Storm of Steel","Well Laid Plans"],"campfire_rested":3,"item_purchase_floors":[12,12,19],"current_hp_per_floor":[56,56,56,55,49,3,22,16,26,15,15,15,37,37,37,14,61,51,51,39,36,27,49,49,27,27,0],"gold":309,"neow_bonus":"RANDOM_COMMON_RELIC","is_prod":false,"is_daily":false,"chose_seed":false,"campfire_upgraded":2,"win_rate":0,"timestamp":1555151629,"path_taken":["M","?","?","M","?","E","R","M","T","E","R","$","R","?","R","BOSS","M","$","?","M","?","R","?","M","T","E"],"build_version":"2019-01-23","purchased_purges":2,"victory":false,"max_hp_per_floor":[66,66,66,66,66,66,66,66,76,76,76,76,76,76,76,76,76,76,76,76,76,76,76,76,76,76,76],"card_choices":[{"not_picked":["Tactician","Outmaneuver"],"picked":"Cloak And Dagger","floor":1.0},{"not_picked":["Bane","Dagger Throw"],"picked":"Deadly Poison","floor":3.0},{"not_picked":["Tactician","Infinite Blades"],"picked":"Escape Plan","floor":4.0},{"not_picked":["Setup","Outmaneuver"],"picked":"Deadly Poison","floor":5.0},{"not_picked":["Endless Agony","Expertise","Dodge and Roll"],"picked":"SKIP","floor":6.0},{"not_picked":["Deadly Poison","Bane"],"picked":"Cloak And Dagger","floor":8.0},{"not_picked":["Bane","Tactician"],"picked":"Acrobatics","floor":10.0},{"not_picked":["Phantasmal Killer","Venomology"],"picked":"After Image","floor":16.0},{"not_picked":["Terror","Poisoned Stab"],"picked":"Noxious Fumes","floor":18.0},{"not_picked":["Underhanded Strike","Backflip"],"picked":"PiercingWail","floor":20.0},{"not_picked":["Dodge and Roll","Deflect"],"picked":"Prepared","floor":21.0},{"not_picked":["Cloak And Dagger","Predator"],"picked":"Escape Plan","floor":25.0}],"player_experience":555192,"relics_obtained":[{"floor":6.0,"key":"Pen Nib"},{"floor":9.0,"key":"Pear"},{"floor":10.0,"key":"Orichalcum"},{"floor":14.0,"key":"Bronze Scales"},{"floor":20.0,"key":"Red Mask"},{"floor":26.0,"key":"Regal Pillow"}],"event_choices":[{"damage_healed":0.0,"max_hp_gain":0.0,"max_hp_loss":0.0,"gold_gain":0.0,"event_name":"FaceTrader","player_choice":"Trade","floor":2.0,"gold_loss":0.0,"damage_taken":0.0,"relics_obtained":["SsserpentHead"]},{"damage_healed":0.0,"max_hp_gain":0.0,"max_hp_loss":0.0,"gold_gain":0.0,"event_name":"Masked Bandits","player_choice":"Fought Bandits","floor":20.0,"gold_loss":0.0,"damage_taken":0.0},{"damage_healed":0.0,"max_hp_gain":0.0,"max_hp_loss":0.0,"gold_gain":0.0,"event_name":"Colosseum","player_choice":"Fight","floor":22.0,"gold_loss":0.0,"damage_taken":0.0},{"damage_healed":0.0,"max_hp_gain":0.0,"max_hp_loss":0.0,"gold_gain":0.0,"event_name":"Colosseum","player_choice":"Fled From Nobs","floor":22.0,"gold_loss":0.0,"damage_taken":0.0},{"damage_healed":0.0,"max_hp_gain":0.0,"max_hp_loss":0.0,"gold_gain":0.0,"event_name":"The Library","player_choice":"Read","floor":24.0,"gold_loss":0.0,"damage_taken":0.0,"cards_obtained":["After Image"]}],"is_beta":false,"boss_relics":[{"not_picked":["Fusion Hammer","Coffee Dripper"],"picked":"WristBlade"}],"items_purged_floors":[12,19],"is_endless":false,"potions_floor_spawned":[1,3,8,10,20,22],"killed_by":"Slavers","ascension_level":20}