{"gold_per_floor":[217,217,229,209,20,20,52,52,52,52,64,74,101,117,117,191,191,206,206,206,186,186,186,203,229,283,313,327,327,7,7,7,79,79,94,105,5,105,0,33,50,85,85,85,101,101,101,112,112,112,112,112,112,112,112],"floor_reached":55,"playtime":4009,"items_purged":["Strike_B","Strike_B+1"],"score":2096,"play_id":"49f14a71-1919-4c22-9af0-ca6024a0d93b","local_time":"20190404233127","is_ascension_mode":true,"campfire_choices":[{"floor":6.0,"key":"REST"},{"floor":8.0,"key":"REST"},{"data":"Genetic Algorithm","floor":10.0,"key":"SMITH"},{"data":"Loop","floor":15.0,"key":"SMITH"},{"data":"Go for the Eyes","floor":23.0,"key":"SMITH"},{"floor":32.0,"key":"REST"},{"floor":44.0,"key":"RECALL"},{"data":"Multi-Cast","floor":47.0,"key":"SMITH"},{"data":"Hologram","floor":49.0,"key":"SMITH"},{"data":"Undo","floor":53.0,"key":"SMITH"}],"neow_cost":"NONE","seed_source_timestamp":568608389302876,"circlet_count":0,"master_deck":["AscendersBane","Strike_B+1","Strike_B+1","Defend_B+1","Defend_B+1","Defend_B+1","Defend_B+1","Zap","Dualcast","Sweeping Beam","Undo+1","Conserve Battery","Loop+1","Genetic Algorithm+1","Doom and Gloom","Rebound","Go for the Eyes+1","Echo Form+1","Coolheaded","Defragment+1","Coolheaded","Compile Driver","Self Repair+1","Defragment+1","Hologram+1","Multi-Cast+1","Defragment+1","Reinforced Body+1","FTL"],"special_seed":0,"relics":["Cracked Core","Question Card","Pocketwatch","Frozen Egg 2","Velvet Choker","Sundial","Emotion Chip","PreservedInsect","Gremlin Horn","DollysMirror","Matryoshka","Sozu","Nunchaku","Red Mask","Ancient Tea Set","Omamori","Meat on the Bone"],"potions_floor_usage":[],"damage_taken":[{"damage":15.0,"enemies":"Small Slimes","floor":1.0,"turns":3.0},{"damage":1.0,"enemies":"Cultist","floor":3.0,"turns":4.0},{"damage":27.0,"enemies":"Lagavulin","floor":7.0,"turns":9.0},{"damage":0.0,"enemies":"2 Louse","floor":11.0,"turns":4.0},{"damage":2.0,"enemies":"2 Fungi Beasts","floor":12.0,"turns":2.0},{"damage":0.0,"enemies":"3 Sentries","floor":13.0,"turns":5.0},{"damage":1.0,"enemies":"Blue Slaver","floor":14.0,"turns":3.0},{"damage":0.0,"enemies":"Hexaghost","floor":16.0,"turns":7.0},{"damage":0.0,"enemies":"Chosen","floor":18.0,"turns":5.0},{"damage":0.0,"enemies":"2 Thieves","floor":21.0,"turns":4.0},{"damage":13.0,"enemies":"Sentry and Sphere","floor":24.0,"turns":6.0},{"damage":13.0,"enemies":"Book of Stabbing","floor":25.0,"turns":6.0},{"damage":0.0,"enemies":"Gremlin Leader","floor":27.0,"turns":5.0},{"damage":17.0,"enemies":"Snake Plant","floor":28.0,"turns":5.0},{"damage":8.0,"enemies":"Automaton","floor":33.0,"turns":10.0},{"damage":36.0,"enemies":"3 Darklings","floor":35.0,"turns":7.0},{"damage":0.0,"enemies":"3 Shapes","floor":36.0,"turns":5.0},{"damage":0.0,"enemies":"Mind Bloom Boss Battle","floor":38.0,"turns":7.0},{"damage":14.0,"enemies":"Reptomancer","floor":40.0,"turns":7.0},{"damage":13.0,"enemies":"3 Darklings","floor":41.0,"turns":8.0},{"damage":17.0,"enemies":"Nemesis","floor":42.0,"turns":9.0},{"damage":0.0,"enemies":"Maw","floor":45.0,"turns":5.0},{"damage":15.0,"enemies":"4 Shapes","floor":48.0,"turns":8.0},{"damage":52.0,"enemies":"Awakened One","floor":50.0,"turns":32.0},{"damage":25.0,"enemies":"Donu and Deca","floor":51.0,"turns":17.0},{"damage":64,"enemies":"Shield and Spear","floor":55,"turns":2}],"seed_played":"1809016830515659517","potions_obtained":[{"floor":1.0,"key":"Energy Potion"},{"floor":4.0,"key":"GamblersBrew"},{"floor":11.0,"key":"AttackPotion"},{"floor":16.0,"key":"AttackPotion"},{"floor":18.0,"key":"Strength Potion"},{"floor":25.0,"key":"Regen Potion"}],"is_trial":false,"path_per_floor":["M","?","M","?","$","R","E","R","T","R","M","M","E","M","R","B",null,"M","?","?","M","T","R","M","E","T","E","M","?","$","?","R","B",null,"M","M","$","?","?","E","M","E","T","R","M","?","R","M","R","B","B",null,"R","$","E"],"character_chosen":"DEFECT","items_purchased":["Conserve Battery","Loop","DollysMirror","Dexterity Potion","Hologram"],"campfire_rested":3,"item_purchase_floors":[5,5,30,30,30],"current_hp_per_floor":[49,28,27,27,27,48,21,42,42,42,42,40,40,39,39,39,63,63,63,63,63,63,63,50,37,37,51,34,34,34,34,55,57,68,42,52,52,71,71,67,71,64,64,64,71,67,67,62,62,42,49,63,63,63,0],"gold":112,"neow_bonus":"HUNDRED_GOLD","is_prod":false,"is_daily":false,"chose_seed":false,"campfire_upgraded":6,"win_rate":0,"timestamp":1554388287,"path_taken":["M","?","M","?","$","R","E","R","T","R","?","M","E","M","R","BOSS","M","?","?","M","?","R","M","E","T","E","M","?","$","?","R","BOSS","M","?","$","?","?","E","M","E","T","R","M","?","R","M","R","BOSS","BOSS","R","$","E"],"build_version":"2019-01-23","purchased_purges":2,"victory":false,"max_hp_per_floor":[71,71,71,71,71,71,71,71,71,71,71,71,71,71,71,71,71,71,71,71,71,71,71,71,71,71,71,71,71,71,71,71,71,71,71,71,71,71,71,71,71,71,71,71,71,67,67,67,67,67,67,67,67,67,67],"card_choices":[{"not_picked":["Darkness","Coolheaded"],"picked":"Sweeping Beam","floor":1.0},{"not_picked":["Steam","Blizzard"],"picked":"Undo","floor":3.0},{"not_picked":["Aggregate","Fusion"],"picked":"Genetic Algorithm","floor":7.0},{"not_picked":["Streamline","Sweeping Beam","Gash"],"picked":"Doom and Gloom","floor":11.0},{"not_picked":["Melter","Streamline","BootSequence"],"picked":"Rebound","floor":12.0},{"not_picked":["Stack","Undo","Redo"],"picked":"Go for the Eyes","floor":13.0},{"not_picked":["Barrage","Sweeping Beam","BootSequence","Redo"],"picked":"SKIP","floor":14.0},{"not_picked":["Meteor Strike","Rainbow","Seek"],"picked":"Echo Form+1","floor":16.0},{"not_picked":["Auto Shields","Steam","Go for the Eyes"],"picked":"Coolheaded","floor":18.0},{"not_picked":["Streamline","Leap","Cold Snap"],"picked":"Defragment+1","floor":21.0},{"not_picked":["Cold Snap","Scrape","Recycle+1","Force Field"],"picked":"SKIP","floor":24.0},{"not_picked":["Blizzard","Coolheaded","Turbo+1","Sunder"],"picked":"SKIP","floor":25.0},{"not_picked":["Blizzard","Turbo+1","Sunder"],"picked":"Coolheaded","floor":25.0},{"not_picked":["Conserve Battery","Rip and Tear","Creative AI+1"],"picked":"Compile Driver","floor":27.0},{"not_picked":["Coolheaded+1","Steam","Cold Snap"],"picked":"Self Repair+1","floor":28.0},{"not_picked":["Echo Form+1","Creative AI+1","Meteor Strike"],"picked":"Multi-Cast","floor":33.0},{"not_picked":["Stack","Gash","Barrage","Hologram"],"picked":"SKIP","floor":35.0},{"not_picked":["Coolheaded","Rebound","Gash","Redo"],"picked":"SKIP","floor":36.0},{"not_picked":["Self Repair+1","Rebound+1","BootSequence"],"picked":"Defragment+1","floor":38.0},{"not_picked":["Meteor Strike","Conserve Battery+1","Blizzard+1"],"picked":"Reinforced Body+1","floor":40.0},{"not_picked":["Steam","Turbo","Aggregate","Go for the Eyes+1"],"picked":"SKIP","floor":42.0},{"not_picked":["White Noise","Doom and Gloom","Leap+1"],"picked":"FTL","floor":45.0},{"not_picked":["Compile Driver","Hyperbeam","Redo+1","Go for the Eyes"],"picked":"SKIP","floor":48.0}],"player_experience":827863,"relics_obtained":[{"floor":7.0,"key":"Question Card"},{"floor":9.0,"key":"Pocketwatch"},{"floor":13.0,"key":"Frozen Egg 2"},{"floor":22.0,"key":"Sundial"},{"floor":25.0,"key":"Emotion Chip"},{"floor":26.0,"key":"PreservedInsect"},{"floor":27.0,"key":"Gremlin Horn"},{"floor":31.0,"key":"Matryoshka"},{"floor":38.0,"key":"Nunchaku"},{"floor":40.0,"key":"Ancient Tea Set"},{"floor":42.0,"key":"Omamori"},{"floor":43.0,"key":"Meat on the Bone"}],"event_choices":[{"damage_healed":0.0,"max_hp_gain":0.0,"max_hp_loss":0.0,"gold_gain":0.0,"event_name":"Shining Light","player_choice":"Entered Light","floor":2.0,"gold_loss":0.0,"damage_taken":21.0,"cards_upgraded":["Strike_B","Defend_B"]},{"damage_healed":0.0,"max_hp_gain":0.0,"max_hp_loss":0.0,"gold_gain":0.0,"event_name":"The Woman in Blue","player_choice":"Bought 1 Potion","floor":4.0,"gold_loss":0.0,"damage_taken":0.0},{"damage_healed":0.0,"max_hp_gain":0.0,"max_hp_loss":0.0,"gold_gain":0.0,"event_name":"The Mausoleum","player_choice":"Ignored","floor":19.0,"gold_loss":0.0,"damage_taken":0.0},{"damage_healed":0.0,"max_hp_gain":0.0,"max_hp_loss":0.0,"gold_gain":0.0,"event_name":"Back to Basics","player_choice":"Simplicity","floor":20.0,"gold_loss":0.0,"damage_taken":0.0,"cards_upgraded":["Strike_B","Strike_B","Defend_B","Defend_B","Defend_B"]},{"damage_healed":0.0,"max_hp_gain":0.0,"max_hp_loss":0.0,"gold_gain":0.0,"event_name":"Ghosts","player_choice":"Ignored","floor":29.0,"gold_loss":0.0,"damage_taken":0.0},{"damage_healed":0.0,"max_hp_gain":0.0,"max_hp_loss":0.0,"gold_gain":0.0,"event_name":"Wheel of Change","player_choice":"Relic","floor":31.0,"gold_loss":0.0,"damage_taken":0.0},{"damage_healed":0.0,"max_hp_gain":0.0,"max_hp_loss":0.0,"gold_gain":0.0,"event_name":"MindBloom","player_choice":"Fight","floor":38.0,"gold_loss":0.0,"damage_taken":0.0},{"damage_healed":0.0,"max_hp_gain":0.0,"max_hp_loss":0.0,"gold_gain":0.0,"event_name":"Tomb of Lord Red Mask","player_choice":"Paid","floor":39.0,"gold_loss":105.0,"damage_taken":0.0,"relics_obtained":["Red Mask"]},{"damage_healed":0.0,"max_hp_gain":0.0,"max_hp_loss":4.0,"gold_gain":0.0,"event_name":"Winding Halls","player_choice":"Max HP","floor":46.0,"gold_loss":0.0,"damage_taken":0.0}],"is_beta":false,"boss_relics":[{"not_picked":["Runic Pyramid","Empty Cage"],"picked":"Velvet Choker"},{"not_picked":["Lizard Tail","FrozenCore"],"picked":"Sozu"}],"items_purged_floors":[5,37],"is_endless":false,"potions_floor_spawned":[1,11,12,16,18,25,38,40,42,48],"killed_by":"Shield and Spear","ascension_level":20}