{"gold_per_floor":[109,109,34,51,51,86,86,103,103,114,131,131,131,161,161,235,235,248,248,9,24,47,47,67,93,93,93,93],"floor_reached":28,"playtime":1094,"items_purged":["Strike_R"],"score":492,"play_id":"9000f802-cb4b-4c1e-9c9a-4e440f946a5c","local_time":"20190503161902","is_ascension_mode":true,"campfire_choices":[{"data":"Twin Strike","floor":7,"key":"SMITH"},{"data":"Headbutt","floor":13,"key":"SMITH"},{"data":"Offering","floor":15,"key":"SMITH"},{"data":"Immolate","floor":23,"key":"SMITH"}],"neow_cost":"NONE","seed_source_timestamp":385597458343500,"circlet_count":0,"master_deck":["AscendersBane","Strike_R","Defend_R","Defend_R","Defend_R","Defend_R","Bash+1","Twin Strike+1","Disarm","Headbutt+1","Pommel Strike+1","Offering+1","Immolate+1","Clothesline","Thunderclap+1","Disarm","Flex","True Grit"],"relics":["Burning Blood","Happy Flower","Frozen Egg 2","Sundial","Ancient Tea Set","Snecko Eye","Whetstone","Centennial Puzzle","Enchiridion"],"potions_floor_usage":[14,16,18],"damage_taken":[{"damage":0,"enemies":"2 Louse","floor":1,"turns":3},{"damage":2,"enemies":"Jaw Worm","floor":4,"turns":3},{"damage":32,"enemies":"Gremlin Nob","floor":6,"turns":4},{"damage":0,"enemies":"Cultist","floor":8,"turns":2},{"damage":5,"enemies":"Looter","floor":10,"turns":3},{"damage":0,"enemies":"Large Slime","floor":11,"turns":4},{"damage":20,"enemies":"Lagavulin","floor":14,"turns":3},{"damage":52,"enemies":"The Guardian","floor":16,"turns":10},{"damage":11,"enemies":"Spheric Guardian","floor":18,"turns":4},{"damage":14,"enemies":"3 Byrds","floor":21,"turns":4},{"damage":0,"enemies":"Centurion and Healer","floor":24,"turns":2},{"damage":23,"enemies":"Gremlin Leader","floor":25,"turns":4},{"damage":21,"enemies":"Shelled Parasite and Fungi","floor":28,"turns":3}],"seed_played":"-4224477617743470424","potions_obtained":[{"floor":4,"key":"BloodPotion"},{"floor":6,"key":"Fire Potion"},{"floor":16,"key":"Block Potion"},{"floor":18,"key":"FearPotion"}],"is_trial":false,"path_per_floor":["M","?","?","M","$","E","R","M","T","M","M","?","R","E","R","B",null,"M","?","$","M","T","R","M","E","T","?","M"],"character_chosen":"IRONCLAD","items_purchased":["Ancient Potion","SteroidPotion","Flex"],"campfire_rested":0,"item_purchase_floors":[20,20,20],"current_hp_per_floor":[74,74,74,75,75,49,49,55,55,56,62,67,67,53,53,15,64,59,59,59,51,51,51,57,40,40,19,0],"gold":93,"neow_bonus":"RANDOM_COMMON_RELIC","is_prod":false,"is_daily":false,"chose_seed":false,"campfire_upgraded":4,"win_rate":0,"timestamp":1556867942,"path_taken":["M","?","?","M","?","E","R","M","T","M","M","?","R","E","R","BOSS","M","?","$","M","?","R","?","E","T","?","M"],"build_version":"2019-01-23","purchased_purges":1,"victory":false,"max_hp_per_floor":[75,75,75,75,75,75,75,75,75,75,75,80,80,80,80,80,80,80,80,80,80,80,80,80,80,80,80,80],"card_choices":[{"not_picked":["Cleave","Heavy Blade"],"picked":"Twin Strike","floor":1},{"not_picked":["Second Wind","Blood for Blood","Warcry"],"picked":"SKIP","floor":4},{"not_picked":["Burning Pact","Perfected Strike"],"picked":"Disarm","floor":6},{"not_picked":["Entrench","Warcry"],"picked":"Headbutt","floor":8},{"not_picked":["Rage","Warcry"],"picked":"Pommel Strike","floor":10},{"not_picked":["Perfected Strike","Reckless Charge","Warcry"],"picked":"SKIP","floor":11},{"not_picked":["Combust+1","Impervious"],"picked":"Offering","floor":14},{"not_picked":["Barricade+1","Berserk+1"],"picked":"Immolate","floor":16},{"not_picked":["Battle Trance","Flex"],"picked":"Clothesline","floor":18},{"not_picked":["Rampage","Infernal Blade+1","Combust+1"],"picked":"SKIP","floor":21},{"not_picked":["Sword Boomerang","Power Through","Anger"],"picked":"SKIP","floor":24},{"not_picked":["Headbutt+1","Limit Break"],"picked":"True Grit","floor":25}],"player_experience":1200578,"relics_obtained":[{"floor":6,"key":"Frozen Egg 2"},{"floor":9,"key":"Sundial"},{"floor":14,"key":"Ancient Tea Set"},{"floor":22,"key":"Whetstone"},{"floor":25,"key":"Centennial Puzzle"},{"floor":27,"key":"Enchiridion"}],"event_choices":[{"damage_healed":0,"gold_gain":0,"player_choice":"Grow","damage_taken":0,"max_hp_gain":0,"max_hp_loss":0,"event_name":"Living Wall","floor":2,"gold_loss":0,"cards_upgraded":["Bash"]},{"cards_removed":["Strike_R"],"damage_healed":0,"gold_gain":0,"player_choice":"Card Removal","damage_taken":0,"max_hp_gain":0,"max_hp_loss":0,"event_name":"The Cleric","floor":3,"gold_loss":75},{"damage_healed":0,"gold_gain":0,"player_choice":"Donut","damage_taken":0,"max_hp_gain":5,"max_hp_loss":0,"event_name":"Big Fish","floor":12,"gold_loss":0},{"damage_healed":0,"gold_gain":0,"cards_transformed":["Strike_R","Strike_R"],"player_choice":"Became Test Subject","damage_taken":0,"max_hp_gain":0,"max_hp_loss":0,"event_name":"Drug Dealer","floor":19,"gold_loss":0,"cards_obtained":["Thunderclap","Disarm"]},{"damage_healed":0,"gold_gain":0,"player_choice":"Obtained Book","damage_taken":21,"max_hp_gain":0,"max_hp_loss":0,"event_name":"Cursed Tome","floor":27,"gold_loss":0}],"is_beta":false,"boss_relics":[{"not_picked":["Astrolabe","Runic Dome"],"picked":"Snecko Eye"}],"items_purged_floors":[20],"is_endless":false,"potions_floor_spawned":[4,6,16,18,24],"killed_by":"Shelled Parasite and Fungi","ascension_level":20}