{"gold_per_floor":[113,113,131,131,141,141,154,17,40,74,74,106,106,206,206,307,307,324,344,358,368,384,384,418,418,418,418,450,450,450,476,476,573,573,585,685,133,144,51,51,51,51,51,51,70,70,82,93,93,93],"floor_reached":51,"playtime":1791,"items_purged":["Strike_R"],"score":1151,"play_id":"e59c696c-32cd-4b65-a4d3-384b2fbc535a","local_time":"20190205213554","is_ascension_mode":true,"campfire_choices":[{"data":"Carnage","floor":6.0,"key":"SMITH"},{"data":"Bludgeon","floor":11.0,"key":"SMITH"},{"data":"Flame Barrier","floor":13.0,"key":"SMITH"},{"data":"Rampage","floor":15.0,"key":"SMITH"},{"floor":23.0,"key":"REST"},{"floor":25.0,"key":"REST"},{"data":"Uppercut","floor":27,"key":"SMITH"},{"data":"Immolate","floor":29,"key":"SMITH"},{"floor":32,"key":"REST"},{"data":"Disarm","floor":40,"key":"SMITH"},{"data":"Limit Break","floor":42,"key":"SMITH"},{"data":"PanicButton","floor":44,"key":"SMITH"},{"data":"Inflame","floor":46,"key":"SMITH"},{"floor":49,"key":"REST"}],"neow_cost":"NONE","seed_source_timestamp":1164704080400227,"circlet_count":0,"master_deck":["AscendersBane","Strike_R","Strike_R","Defend_R","Defend_R","Defend_R","Defend_R","Bash","Flame Barrier+1","Iron Wave","Shrug It Off","Ghostly Armor","Carnage+1","Inflame+1","Bludgeon+1","Rampage+1","Immolate+1","Flex","Uppercut+1","Seeing Red","Power Through","Body Slam+1","Seeing Red+1","Limit Break+1","Disarm+1","Carnage+1","PanicButton+1","Pummel+1","Battle Trance+1","Disarm"],"special_seed":0,"relics":["Burning Blood","Blood Vial","Pen Nib","Red Skull","Cursed Key","Dream Catcher","Vajra","Enchiridion","Orichalcum","Lizard Tail","Calipers"],"potions_floor_usage":[31,33,33,47,50,50],"damage_taken":[{"damage":0.0,"enemies":"2 Louse","floor":1.0,"turns":3.0},{"damage":6.0,"enemies":"Cultist","floor":3.0,"turns":4.0},{"damage":2.0,"enemies":"Small Slimes","floor":5.0,"turns":3.0},{"damage":15.0,"enemies":"Gremlin Gang","floor":7.0,"turns":6.0},{"damage":23.0,"enemies":"Lagavulin","floor":10.0,"turns":6.0},{"damage":16.0,"enemies":"Gremlin Nob","floor":12.0,"turns":3.0},{"damage":41.0,"enemies":"Hexaghost","floor":16.0,"turns":6.0},{"damage":0.0,"enemies":"Chosen","floor":18.0,"turns":3.0},{"damage":21.0,"enemies":"Shell Parasite","floor":19.0,"turns":3.0},{"damage":4.0,"enemies":"Sentry and Sphere","floor":20.0,"turns":4.0},{"damage":0.0,"enemies":"Snecko","floor":21.0,"turns":2.0},{"damage":25.0,"enemies":"Cultist and Chosen","floor":22.0,"turns":5.0},{"damage":37.0,"enemies":"Slavers","floor":24.0,"turns":6.0},{"damage":10,"enemies":"Book of Stabbing","floor":28,"turns":2},{"damage":30,"enemies":"Gremlin Leader","floor":31,"turns":4},{"damage":62,"enemies":"Champ","floor":33,"turns":9},{"damage":32,"enemies":"3 Darklings","floor":35,"turns":4},{"damage":1,"enemies":"Orb Walker","floor":38,"turns":2},{"damage":3,"enemies":"Maw","floor":45,"turns":6},{"damage":7,"enemies":"4 Shapes","floor":47,"turns":11},{"damage":0,"enemies":"Transient","floor":48,"turns":5},{"damage":124,"enemies":"Time Eater","floor":50,"turns":11}],"seed_played":"4376523197353389890","potions_obtained":[{"floor":1.0,"key":"BloodPotion"},{"floor":3.0,"key":"Explosive Potion"},{"floor":7.0,"key":"PowerPotion"},{"floor":19.0,"key":"FairyPotion"},{"floor":22.0,"key":"SpeedPotion"},{"floor":31,"key":"FearPotion"},{"floor":47,"key":"SpeedPotion"}],"is_trial":false,"path_per_floor":["M","?","M","?","M","R","M","$","T","E","R","E","R","?","R","B",null,"M","M","M","M","M","R","E","R","T","R","E","R","?","E","R","B",null,"M","?","$","M","$","R","?","R","T","R","M","R","M","M","R","B",null],"character_chosen":"IRONCLAD","items_purchased":["Bludgeon","Calipers","Disarm","Fruit Juice","Strength Potion","PanicButton"],"campfire_rested":4,"item_purchase_floors":[8,37,37,37,37,39],"current_hp_per_floor":[78,78,78,78,80,80,71,71,71,56,56,48,48,48,48,15,64,72,59,63,71,54,78,49,73,73,73,71,71,55,41,65,11,63,39,39,39,46,46,46,46,46,46,46,51,51,57,65,81,8],"gold":93,"neow_bonus":"THREE_CARDS","is_prod":false,"is_daily":false,"chose_seed":false,"campfire_upgraded":10,"win_rate":0,"timestamp":1549370154,"path_taken":["M","?","?","?","?","R","M","$","T","E","R","E","R","?","R","BOSS","M","M","?","M","?","R","E","R","T","R","E","R","?","E","R","BOSS","M","?","$","?","?","R","?","R","T","R","?","R","M","M","R","BOSS"],"build_version":"2019-01-23","purchased_purges":1,"victory":true,"max_hp_per_floor":[80,80,80,80,80,80,80,80,80,80,80,80,80,80,80,80,80,80,80,80,80,80,80,80,80,80,80,80,80,80,80,80,80,80,80,80,80,80,80,80,76,76,76,76,76,76,81,81,81,81],"card_choices":[{"not_picked":["Headbutt","Entrench"],"picked":"Flame Barrier","floor":0.0},{"not_picked":["Fire Breathing","Dropkick"],"picked":"Iron Wave","floor":1.0},{"not_picked":["Searing Blow","Hemokinesis"],"picked":"Shrug It Off","floor":3.0},{"not_picked":["Pommel Strike","Rampage"],"picked":"Carnage","floor":5.0},{"not_picked":["Warcry","Hemokinesis"],"picked":"Inflame","floor":7.0},{"not_picked":["Heavy Blade","Sword Boomerang","Shrug It Off"],"picked":"SKIP","floor":10.0},{"not_picked":["Ghostly Armor","Pommel Strike"],"picked":"Rampage","floor":12.0},{"not_picked":["Berserk","Reaper"],"picked":"Immolate","floor":16.0},{"not_picked":["Warcry","Armaments","Shrug It Off"],"picked":"SKIP","floor":18.0},{"not_picked":["Havoc","Corruption"],"picked":"Flex","floor":19.0},{"not_picked":["Shrug It Off","Warcry"],"picked":"Uppercut","floor":20.0},{"not_picked":["Shrug It Off","Intimidate"],"picked":"Seeing Red","floor":21.0},{"not_picked":["Perfected Strike","Anger"],"picked":"Power Through","floor":22.0},{"not_picked":["Rupture","Corruption","Brutality"],"picked":"SKIP","floor":24.0},{"not_picked":["Feed","Iron Wave","Heavy Blade"],"picked":"SKIP","floor":28},{"not_picked":["Iron Wave","Flex"],"picked":"Body Slam+1","floor":31},{"not_picked":["Sword Boomerang","Entrench"],"picked":"Seeing Red+1","floor":32},{"not_picked":["Berserk","Immolate"],"picked":"Limit Break","floor":33},{"not_picked":["Armaments","Infernal Blade","Perfected Strike"],"picked":"SKIP","floor":35},{"not_picked":["Ghostly Armor","Armaments"],"picked":"Carnage+1","floor":38},{"not_picked":["Shrug It Off","Cleave+1"],"picked":"Pummel+1","floor":45},{"not_picked":["Dropkick","Sword Boomerang+1"],"picked":"Battle Trance+1","floor":47},{"not_picked":["Shrug It Off","Disarm","Carnage+1"],"picked":"SKIP","floor":48},{"not_picked":["Cleave","Headbutt"],"picked":"Disarm","floor":49}],"player_experience":470463,"relics_obtained":[{"floor":9.0,"key":"Blood Vial"},{"floor":10.0,"key":"Pen Nib"},{"floor":12.0,"key":"Red Skull"},{"floor":24.0,"key":"Dream Catcher"},{"floor":28,"key":"Vajra"},{"floor":30,"key":"Enchiridion"},{"floor":31,"key":"Orichalcum"}],"event_choices":[{"cards_removed":["Strike_R"],"damage_healed":0.0,"max_hp_gain":0.0,"max_hp_loss":0.0,"gold_gain":0.0,"event_name":"Purifier","player_choice":"Purged","floor":2.0,"gold_loss":0.0,"damage_taken":0.0},{"damage_healed":0.0,"max_hp_gain":0.0,"max_hp_loss":0.0,"gold_gain":0.0,"cards_transformed":["Strike_R"],"event_name":"Transmorgrifier","player_choice":"Transformed","floor":4.0,"gold_loss":0.0,"damage_taken":0.0,"cards_obtained":["Ghostly Armor"]},{"damage_healed":0.0,"max_hp_gain":0.0,"max_hp_loss":0.0,"gold_gain":100.0,"event_name":"Golden Shrine","player_choice":"Pray","floor":14.0,"gold_loss":0.0,"damage_taken":0.0},{"damage_healed":0,"gold_gain":0,"player_choice":"Obtained Book","damage_taken":16,"max_hp_gain":0,"max_hp_loss":0,"event_name":"Cursed Tome","floor":30,"gold_loss":0},{"damage_healed":0,"gold_gain":100,"player_choice":"Pray","damage_taken":0,"max_hp_gain":0,"max_hp_loss":0,"event_name":"Golden Shrine","floor":36,"gold_loss":0},{"damage_healed":0,"gold_gain":0,"player_choice":"Max HP","damage_taken":0,"max_hp_gain":0,"max_hp_loss":4,"event_name":"Winding Halls","floor":41,"gold_loss":0}],"is_beta":false,"boss_relics":[{"not_picked":["Busted Crown","Runic Cube"],"picked":"Cursed Key"},{"not_picked":["Philosopher\u0027s Stone","Tiny House"],"picked":"Lizard Tail"}],"items_purged_floors":[37],"is_endless":false,"potions_floor_spawned":[1,3,7,19,22,31,47],"ascension_level":12}