{"gold_per_floor":[116,116,44,62,62,75,75,86,166,192,208,234,234,245,245,346,346,363,363,375,35,35,35,51,85,133,168,181,181,191,48,48,143,143,154,170,71,88,102,102,112,112,112,129,146,162,162,162,162,162],"floor_reached":51,"playtime":3326,"items_purged":["Strike_G"],"score":813,"play_id":"05781fc9-9bf7-4bba-8afd-9424c3c8ffd1","local_time":"20190414225323","is_ascension_mode":true,"campfire_choices":[{"floor":7.0,"key":"REST"},{"data":"Noxious Fumes","floor":15.0,"key":"SMITH"},{"data":"Neutralize","floor":23,"key":"SMITH"},{"floor":29,"key":"REST"},{"floor":32,"key":"REST"},{"floor":40,"key":"REST"},{"floor":42,"key":"REST"},{"data":"Catalyst","floor":47,"key":"SMITH"},{"floor":49,"key":"REST"}],"neow_cost":"NONE","seed_source_timestamp":122253043827994,"circlet_count":0,"master_deck":["Defend_G","Defend_G","Defend_G","Defend_G","Strike_G","Strike_G","Strike_G+1","Survivor","Neutralize+1","After Image","Flying Knee","Backstab","PiercingWail","Backstab","Cloak And Dagger+1","Terror","Deadly Poison","Noxious Fumes+1","Catalyst+1","Malaise","Dagger Throw+1","Bane","Sucker Punch","PiercingWail","Dagger Spray","Poisoned Stab","Well Laid Plans","Corpse Explosion","Backflip","PiercingWail","PiercingWail+1","Outmaneuver+1","Parasite","PiercingWail+1","Dagger Throw+1"],"special_seed":0,"relics":["Ring of the Snake","Lantern","Mercury Hourglass","Smiling Mask","Bottled Tornado","Empty Cage","Nilry\u0027s Codex","The Specimen","Bag of Marbles","Centennial Puzzle","Oddly Smooth Stone","Ancient Tea Set","Busted Crown","Unceasing Top"],"potions_floor_usage":[33,41,50,50],"damage_taken":[{"damage":5.0,"enemies":"Jaw Worm","floor":1.0,"turns":6.0},{"damage":0.0,"enemies":"2 Louse","floor":4.0,"turns":2.0},{"damage":0.0,"enemies":"Cultist","floor":6.0,"turns":3.0},{"damage":0.0,"enemies":"2 Fungi Beasts","floor":8.0,"turns":4.0},{"damage":1.0,"enemies":"3 Sentries","floor":10.0,"turns":7.0},{"damage":0.0,"enemies":"3 Louse","floor":11.0,"turns":2.0},{"damage":0.0,"enemies":"Gremlin Nob","floor":12.0,"turns":3.0},{"damage":0.0,"enemies":"Gremlin Gang","floor":14.0,"turns":4.0},{"damage":8.0,"enemies":"Slime Boss","floor":16.0,"turns":8.0},{"damage":0,"enemies":"3 Byrds","floor":18,"turns":3},{"damage":0,"enemies":"Chosen","floor":20,"turns":4},{"damage":5,"enemies":"Shelled Parasite and Fungi","floor":24,"turns":5},{"damage":1,"enemies":"Slavers","floor":25,"turns":5},{"damage":14,"enemies":"Book of Stabbing","floor":27,"turns":6},{"damage":1,"enemies":"Centurion and Healer","floor":28,"turns":5},{"damage":1,"enemies":"Cultist and Chosen","floor":30,"turns":5},{"damage":43,"enemies":"Collector","floor":33,"turns":9},{"damage":0,"enemies":"3 Shapes","floor":35,"turns":6},{"damage":9,"enemies":"Orb Walker","floor":36,"turns":2},{"damage":13,"enemies":"Transient","floor":38,"turns":5},{"damage":20,"enemies":"Jaw Worm Horde","floor":39,"turns":3},{"damage":0,"enemies":"Spire Growth","floor":41,"turns":6},{"damage":14,"enemies":"Writhing Mass","floor":44,"turns":6},{"damage":0,"enemies":"Sphere and 2 Shapes","floor":45,"turns":4},{"damage":0,"enemies":"4 Shapes","floor":46,"turns":6},{"damage":67,"enemies":"Donu and Deca","floor":50,"turns":8}],"seed_played":"-6052941851357036858","potions_obtained":[{"floor":1.0,"key":"PowerPotion"},{"floor":5.0,"key":"LiquidBronze"},{"floor":5.0,"key":"Ancient Potion"},{"floor":25,"key":"PowerPotion"},{"floor":33,"key":"Strength Potion"},{"floor":46,"key":"SpeedPotion"}],"is_trial":false,"path_per_floor":["M","?","$","M","?","M","R","M","T","E","M","E","?","M","R","B",null,"M","?","M","$","?","R","M","E","T","E","M","R","M","$","R","B",null,"M","M","$","M","M","R","M","R","T","M","M","M","R","?","R","B",null],"character_chosen":"THE_SILENT","items_purchased":["Backstab","The Specimen","Bane","Well Laid Plans","Regen Potion","Backflip"],"campfire_rested":6,"item_purchase_floors":[3,21,21,31,31,37],"current_hp_per_floor":[65,47,47,47,47,47,68,68,68,67,67,67,53,53,53,45,70,70,54,54,54,54,54,49,48,48,34,33,54,53,53,70,27,70,70,61,61,48,28,49,49,70,70,56,56,56,56,56,70,3],"gold":162,"neow_bonus":"ONE_RANDOM_RARE_CARD","is_prod":false,"is_daily":false,"chose_seed":false,"campfire_upgraded":3,"win_rate":0,"timestamp":1555296803,"path_taken":["M","?","?","M","?","M","R","M","T","E","?","E","?","M","R","BOSS","M","?","M","$","?","R","M","E","T","E","M","R","?","$","R","BOSS","M","M","$","M","M","R","M","R","T","M","M","?","R","?","R","BOSS"],"build_version":"2019-01-23","purchased_purges":1,"victory":true,"max_hp_per_floor":[70,70,70,70,70,70,70,70,70,70,70,70,70,70,70,70,70,70,70,70,70,70,70,70,70,70,70,70,70,70,70,70,70,70,70,70,70,70,70,70,70,70,70,70,70,70,70,70,70,70],"card_choices":[{"not_picked":["Distraction","Blade Dance"],"picked":"Flying Knee","floor":1.0},{"not_picked":["Heel Hook","Slice"],"picked":"PiercingWail","floor":4.0},{"not_picked":["Blade Dance","Blur"],"picked":"Backstab","floor":6.0},{"not_picked":["Backflip","Catalyst"],"picked":"Cloak And Dagger","floor":8.0},{"not_picked":["Accuracy","Acrobatics"],"picked":"Terror","floor":10.0},{"not_picked":["Night Terror","Predator"],"picked":"Deadly Poison","floor":11.0},{"not_picked":["Poisoned Stab","Underhanded Strike"],"picked":"Noxious Fumes","floor":12.0},{"not_picked":["Outmaneuver","Cloak And Dagger"],"picked":"Catalyst","floor":14.0},{"not_picked":["Bullet Time","After Image"],"picked":"Malaise","floor":16.0},{"not_picked":["Backflip","Prepared"],"picked":"Dagger Throw+1","floor":18},{"not_picked":["Reflex+1","Riddle With Holes+1","Blade Dance"],"picked":"SKIP","floor":20},{"not_picked":["Deadly Poison","Tactician"],"picked":"Sucker Punch","floor":24},{"not_picked":["Quick Slash","Sucker Punch"],"picked":"PiercingWail","floor":25},{"not_picked":["Accuracy","Dagger Throw+1"],"picked":"Dagger Spray","floor":27},{"not_picked":["Underhanded Strike","Dagger Throw"],"picked":"Poisoned Stab","floor":28},{"not_picked":["Slice","Glass Knife","Prepared"],"picked":"SKIP","floor":30},{"not_picked":["Grand Finale","Unload"],"picked":"Corpse Explosion","floor":33},{"not_picked":["Outmaneuver"],"picked":"SKIP","floor":35},{"not_picked":["Outmaneuver"],"picked":"SKIP","floor":36},{"not_picked":[],"picked":"PiercingWail","floor":38},{"not_picked":[],"picked":"PiercingWail+1","floor":39},{"not_picked":[],"picked":"Outmaneuver+1","floor":41},{"not_picked":[],"picked":"PiercingWail+1","floor":44},{"not_picked":[],"picked":"Dagger Throw+1","floor":45},{"not_picked":["Heel Hook"],"picked":"SKIP","floor":46}],"player_experience":132200,"relics_obtained":[{"floor":9.0,"key":"Mercury Hourglass"},{"floor":10.0,"key":"Smiling Mask"},{"floor":12.0,"key":"Bottled Tornado"},{"floor":19,"key":"Nilry\u0027s Codex"},{"floor":25,"key":"Centennial Puzzle"},{"floor":26,"key":"Oddly Smooth Stone"},{"floor":27,"key":"Ancient Tea Set"},{"floor":43,"key":"Unceasing Top"}],"event_choices":[{"damage_healed":0.0,"max_hp_gain":0.0,"max_hp_loss":0.0,"gold_gain":0.0,"event_name":"Scrap Ooze","player_choice":"Success","floor":2.0,"gold_loss":0.0,"damage_taken":18.0,"relics_obtained":["Lantern"]},{"damage_healed":0.0,"max_hp_gain":0.0,"max_hp_loss":0.0,"gold_gain":0.0,"event_name":"Lab","player_choice":"Got Potions","floor":5.0,"gold_loss":0.0,"damage_taken":0.0},{"damage_healed":0.0,"max_hp_gain":0.0,"max_hp_loss":0.0,"gold_gain":0.0,"event_name":"Shining Light","player_choice":"Entered Light","floor":13.0,"gold_loss":0.0,"damage_taken":14.0,"cards_upgraded":["Strike_G","Cloak And Dagger"]},{"damage_healed":0,"gold_gain":0,"player_choice":"Obtained Book","damage_taken":16,"max_hp_gain":0,"max_hp_loss":0,"event_name":"Cursed Tome","floor":19,"gold_loss":0},{"damage_healed":0,"gold_gain":0,"player_choice":"Gave Potion","damage_taken":0,"relics_obtained":["Bag of Marbles"],"max_hp_gain":0,"max_hp_loss":0,"event_name":"WeMeetAgain","floor":22,"gold_loss":0},{"damage_healed":0,"gold_gain":0,"player_choice":"Ignored","damage_taken":0,"max_hp_gain":0,"max_hp_loss":0,"event_name":"Fountain of Cleansing","floor":48,"gold_loss":0}],"is_beta":false,"boss_relics":[{"not_picked":["Fusion Hammer","Calling Bell"],"picked":"Empty Cage"},{"not_picked":["Eternal Feather","Lizard Tail"],"picked":"Busted Crown"}],"items_purged_floors":[37],"is_endless":false,"potions_floor_spawned":[1,8,11,20,25,27,28,33,36,39,46],"ascension_level":1}