{"gold_per_floor":[109,34,44,44,44,44,62,62,62,73,73,73,88,88,88,187,187,206,1,0,13,26,58,58,58],"floor_reached":25,"playtime":1947,"items_purged":["Strike_R","Strike_R"],"score":211,"play_id":"0edb186f-37ac-446f-86d8-2b41a13bbfd9","local_time":"20180929202107","is_ascension_mode":false,"campfire_choices":[{"data":"Defend_R","floor":6,"key":"SMITH"},{"data":"Body Slam","floor":8,"key":"SMITH"},{"data":"Iron Wave","floor":12,"key":"SMITH"},{"data":"Pommel Strike","floor":15,"key":"SMITH"}],"neow_cost":"TEN_PERCENT_HP_LOSS","seed_source_timestamp":1001284914659,"circlet_count":0,"master_deck":["Strike_R+1","Strike_R","Defend_R+1","Defend_R","Defend_R","Defend_R+1","Bash","Offering","Inflame+1","Body Slam+1","Iron Wave+1","Pommel Strike+1","Perfected Strike+1","Intimidate","Battle Trance"],"relics":["Burning Blood","Bronze Scales","The Courier","Black Star","Blood Vial","Bottled Flame","Dodecahedron"],"potions_floor_usage":[16,25,25,25],"damage_taken":[{"damage":5,"enemies":"2 Louse","floor":1,"turns":3},{"damage":13,"enemies":"Jaw Worm","floor":3,"turns":3},{"damage":5,"enemies":"Small Slimes","floor":7,"turns":4},{"damage":1,"enemies":"Exordium Wildlife","floor":10,"turns":2},{"damage":3,"enemies":"Red Slaver","floor":13,"turns":4},{"damage":20,"enemies":"Hexaghost","floor":16,"turns":9},{"damage":21,"enemies":"Spheric Guardian","floor":18,"turns":5},{"damage":5,"enemies":"Chosen","floor":21,"turns":4},{"damage":9,"enemies":"Snecko","floor":22,"turns":5},{"damage":41,"enemies":"Gremlin Leader","floor":23,"turns":7},{"damage":29,"enemies":"Centurion and Healer","floor":25,"turns":6}],"seed_played":"6281396820798292940","potions_obtained":[{"floor":1,"key":"SpeedPotion"},{"floor":3,"key":"EntropicBrew"},{"floor":10,"key":"Poison Potion"},{"floor":18,"key":"PowerPotion"}],"is_trial":false,"path_per_floor":["M","$","M","?","?","R","M","R","T","M","T","R","M","?","R","B",null,"M","$","?","M","M","E","?"],"character_chosen":"IRONCLAD","items_purchased":["Blood Vial"],"campfire_rested":0,"item_purchase_floors":[19],"current_hp_per_floor":[72,72,65,65,65,65,66,66,66,71,71,71,72,58,58,44,72,57,57,57,60,59,26,26,0],"gold":58,"neow_bonus":"THREE_RARE_CARDS","is_prod":false,"is_daily":false,"chose_seed":false,"campfire_upgraded":4,"win_rate":0.0,"timestamp":1538245267,"path_taken":["M","$","M","?","?","R","?","R","T","M","?","R","?","?","R","BOSS","M","$","?","?","M","E","?","M"],"build_version":"2018-09-27","purchased_purges":2,"victory":false,"max_hp_per_floor":[72,72,72,72,72,72,72,72,72,72,72,72,72,72,72,72,72,72,72,72,72,72,72,72,72],"card_choices":[{"not_picked":["Double Tap","Dark Embrace"],"picked":"Offering","floor":0},{"not_picked":["Armaments","Anger"],"picked":"Inflame","floor":1},{"not_picked":["Blood for Blood","True Grit"],"picked":"Body Slam","floor":3},{"not_picked":["Clothesline","Perfected Strike","Bludgeon"],"picked":"SKIP","floor":7},{"not_picked":["Body Slam","Clothesline"],"picked":"Iron Wave","floor":10},{"not_picked":["Feel No Pain","True Grit"],"picked":"Pommel Strike","floor":13},{"not_picked":["Blood for Blood","Sword Boomerang"],"picked":"Perfected Strike+1","floor":18},{"not_picked":["Headbutt","True Grit","Thunderclap"],"picked":"SKIP","floor":21},{"not_picked":["Flex","Warcry"],"picked":"Intimidate","floor":22},{"not_picked":["Headbutt","Flex"],"picked":"Battle Trance","floor":23}],"player_experience":70237,"relics_obtained":[{"floor":9,"key":"Bronze Scales"},{"floor":11,"key":"The Courier"},{"floor":23,"key":"Bottled Flame"},{"floor":23,"key":"Dodecahedron"}],"event_choices":[{"event_name":"Liars Game","player_choice":"disagreed","floor":4,"damage_taken":0},{"event_name":"Living Wall","player_choice":"Grow","floor":5,"damage_taken":0},{"event_name":"Shining Light","player_choice":"Entered Light","floor":14,"damage_taken":0},{"event_name":"Masked Bandits","player_choice":"Paid Fearfully","floor":20,"damage_taken":0},{"event_name":"Bonfire Elementals","player_choice":"BASIC","floor":24,"damage_taken":0}],"is_beta":false,"boss_relics":[{"not_picked":["Astrolabe","Cursed Key"],"picked":"Black Star"}],"items_purged_floors":[2,19],"is_endless":false,"potions_floor_spawned":[1,3,10,18],"killed_by":"Centurion and Healer","ascension_level":0}