{"path_per_floor":["M","M","M","?","T","E","R","E","T","R","M","M","$","M","R","B",null,"M","?","?","$","?","M","?","M","T","?","M","R","$","M","R"],"character_chosen":"IRONCLAD","items_purchased":["Double Tap","Strawberry","Infernal Blade"],"gold_per_floor":[116,128,147,127,127,157,157,191,191,191,206,221,79,91,91,191,191,205,205,205,58,58,69,69,83,83,83,94,94,24,35,35,35],"floor_reached":33,"campfire_rested":2,"playtime":1201,"current_hp_per_floor":[80,80,76,76,76,36,36,8,8,47,36,36,36,42,80,12,80,80,56,47,54,54,54,54,58,58,58,61,61,61,54,54,0],"items_purged":[],"gold":35,"score":282,"play_id":"ef2f0e3b-e19a-4cdd-ae3e-5651e102948d","local_time":"20180426121947","is_prod":false,"is_daily":false,"chose_seed":false,"is_ascension_mode":false,"campfire_upgraded":3,"timestamp":1524763187,"path_taken":["M","M","M","?","?","E","R","E","T","R","M","?","$","M","R","BOSS","M","?","?","$","?","?","?","M","T","?","M","R","$","M","R","BOSS"],"build_version":"2018-04-19","seed_source_timestamp":2978667239688,"purchased_purges":0,"victory":false,"master_deck":["Defend_R","Defend_R","Defend_R","Defend_R","Bash","Thunderclap","Shrug It Off","Searing Blow+3","Uppercut","Metallicize","Pommel Strike","Dropkick","Double Tap","Rampage","Reaper","Clash","Bite","Bite","Bite","Bite","Bite","Flex","Clothesline","Warcry","Infernal Blade","Pommel Strike+1"],"max_hp_per_floor":[80,80,80,80,80,80,80,80,80,80,80,80,80,80,80,80,80,80,56,61,68,68,68,68,68,68,68,68,68,68,68,68,68],"relics":["Burning Blood","Regal Pillow","Kunai","Anchor","Mummified Hand","Runic Dome","Strawberry","Blood Vial","Darkstone Periapt"],"card_choices":[{"not_picked":["Armaments","True Grit"],"picked":"Thunderclap","floor":1},{"not_picked":["Body Slam","Spot Weakness"],"picked":"Shrug It Off","floor":2},{"not_picked":["Shrug It Off","Iron Wave"],"picked":"Searing Blow","floor":3},{"not_picked":["Sever Soul","Fiend Fire"],"picked":"Uppercut","floor":6},{"not_picked":["Heavy Blade","Corruption"],"picked":"Metallicize","floor":8},{"not_picked":["Iron Wave","Reckless Charge"],"picked":"Pommel Strike","floor":11},{"not_picked":["Shrug It Off","Heavy Blade"],"picked":"Dropkick","floor":12},{"not_picked":["Corruption","Armaments"],"picked":"Rampage","floor":14},{"not_picked":["Feed","Limit Break"],"picked":"Reaper","floor":16},{"not_picked":["Rage","True Grit"],"picked":"Clash","floor":18},{"not_picked":["Fire Breathing","True Grit"],"picked":"Flex","floor":23},{"not_picked":["Carnage","Armaments"],"picked":"Clothesline","floor":25},{"not_picked":["Flame Barrier","Twin Strike"],"picked":"Warcry","floor":28},{"not_picked":["Heavy Blade","Dropkick"],"picked":"Pommel Strike","floor":31}],"player_experience":6569,"potions_floor_usage":[8],"damage_taken":[{"damage":1,"enemies":"Cultist","floor":1,"turns":3},{"damage":2,"enemies":"Small Slimes","floor":2,"turns":4},{"damage":10,"enemies":"Jaw Worm","floor":3,"turns":4},{"damage":46,"enemies":"3 Sentries","floor":6,"turns":10},{"damage":34,"enemies":"Lagavulin","floor":8,"turns":9},{"damage":17,"enemies":"Exordium Thugs","floor":11,"turns":5},{"damage":6,"enemies":"Exordium Wildlife","floor":12,"turns":5},{"damage":0,"enemies":"Looter","floor":14,"turns":2},{"damage":74,"enemies":"Hexaghost","floor":16,"turns":12},{"damage":5,"enemies":"3 Byrds","floor":18,"turns":5},{"damage":10,"enemies":"Spheric Guardian","floor":23,"turns":3},{"damage":20,"enemies":"Centurion and Healer","floor":25,"turns":6},{"damage":13,"enemies":"Sentry and Sphere","floor":28,"turns":5},{"damage":26,"enemies":"Snake Plant","floor":31,"turns":5},{"damage":75,"enemies":"Champ","floor":33,"turns":8}],"event_choices":[{"event_name":"The Woman in Blue","player_choice":"Bought 1 Potion","floor":4,"damage_taken":0},{"event_name":"Vampires","player_choice":"Became a vampire","floor":19,"damage_taken":0},{"event_name":"Forgotten Altar","player_choice":"Shed Blood","floor":20,"damage_taken":0},{"event_name":"Drug Dealer","player_choice":"Ignored","floor":22,"damage_taken":0},{"event_name":"The Mausoleum","player_choice":"Yes","floor":24,"damage_taken":0},{"event_name":"Addict","player_choice":"Ignored","floor":27,"damage_taken":0}],"boss_relics":[{"not_picked":["White Beast Statue","Philosopher\u0027s Stone"],"picked":"Runic Dome"}],"potions_floor_spawned":[2,3,6,16,23,28,31],"seed_played":"-7339316890801723533","killed_by":"Champ","ascension_level":0,"is_trial":false}