{"gold_per_floor":[211,211,224,0,16,16,34,62,62,62,80,94,94,106,106,181,181,191,191,204,154,54,54,73,73,97,123,169,181],"floor_reached":29,"playtime":1221,"items_purged":["Strike_R","Strike_R"],"score":494,"play_id":"908879f0-923b-45c1-baf1-55aef8e36227","local_time":"20190318014639","is_ascension_mode":true,"campfire_choices":[{"data":"Whirlwind","floor":6,"key":"SMITH"},{"data":"Shockwave","floor":10,"key":"SMITH"},{"data":"Disarm","floor":13,"key":"SMITH"},{"data":"Armaments","floor":15,"key":"SMITH"},{"floor":23,"key":"REST"},{"data":"Immolate","floor":25,"key":"SMITH"}],"neow_cost":"NONE","seed_source_timestamp":938683672493388,"circlet_count":0,"master_deck":["AscendersBane","Strike_R","Strike_R","Defend_R","Defend_R","Defend_R+1","Defend_R","Bash","Seeing Red","Whirlwind+1","Shrug It Off","Seeing Red+1","Shockwave+1","Metallicize","Disarm+1","Armaments+1","Immolate+1","Metallicize","Intimidate+1"],"relics":["Burning Blood","Pen Nib","Question Card","Black Star","MawBank","Frozen Egg 2","Nunchaku"],"potions_floor_usage":[8,18,24,29],"damage_taken":[{"damage":15,"enemies":"Small Slimes","floor":1,"turns":4},{"damage":2,"enemies":"Cultist","floor":3,"turns":4},{"damage":0,"enemies":"2 Louse","floor":5,"turns":1},{"damage":13,"enemies":"Red Slaver","floor":7,"turns":4},{"damage":22,"enemies":"Lagavulin","floor":8,"turns":4},{"damage":13,"enemies":"Exordium Wildlife","floor":11,"turns":3},{"damage":0,"enemies":"3 Louse","floor":12,"turns":1},{"damage":5,"enemies":"Red Slaver","floor":14,"turns":6},{"damage":3,"enemies":"The Guardian","floor":16,"turns":13},{"damage":16,"enemies":"Shell Parasite","floor":18,"turns":7},{"damage":23,"enemies":"3 Byrds","floor":20,"turns":5},{"damage":5,"enemies":"Shelled Parasite and Fungi","floor":24,"turns":10},{"damage":47,"enemies":"Cultist and Chosen","floor":27,"turns":8},{"damage":23,"enemies":"Slavers","floor":28,"turns":3},{"damage":12,"enemies":"Centurion and Healer","floor":29,"turns":1}],"seed_played":"-6034146629838639893","potions_obtained":[{"floor":3,"key":"LiquidBronze"},{"floor":11,"key":"Block Potion"},{"floor":12,"key":"Block Potion"},{"floor":28,"key":"Dexterity Potion"}],"is_trial":false,"path_per_floor":["M","?","M","$","M","R","M","E","T","R","M","M","R","M","R","B",null,"M","?","M","?","$","R","M","R","T","M","E","M"],"character_chosen":"IRONCLAD","items_purchased":["Whirlwind","Shrug It Off","PowerPotion"],"campfire_rested":1,"item_purchase_floors":[4,4,4],"current_hp_per_floor":[59,59,63,63,69,69,62,46,46,46,39,45,45,46,46,49,69,59,59,42,42,42,64,65,65,65,24,7,0],"gold":181,"neow_bonus":"HUNDRED_GOLD","is_prod":false,"is_daily":false,"chose_seed":false,"campfire_upgraded":5,"win_rate":0,"timestamp":1552841199,"path_taken":["M","?","M","$","M","R","M","E","T","R","M","M","R","M","R","BOSS","M","?","M","?","$","R","M","R","T","M","E","M"],"build_version":"2019-01-23","purchased_purges":2,"victory":false,"max_hp_per_floor":[75,75,75,75,75,75,75,75,75,75,75,75,75,75,75,75,75,75,75,75,75,75,75,75,75,75,75,75,75],"card_choices":[{"not_picked":["Havoc","Body Slam","Thunderclap"],"picked":"SKIP","floor":1},{"not_picked":["Dual Wield","Heavy Blade"],"picked":"Seeing Red","floor":3},{"not_picked":["Thunderclap","Wild Strike"],"picked":"Seeing Red","floor":5},{"not_picked":["Burning Pact","Bludgeon"],"picked":"Shockwave","floor":7},{"not_picked":["Burning Pact","Sentinel"],"picked":"Metallicize","floor":8},{"not_picked":["Flex","Twin Strike","Clash"],"picked":"Disarm","floor":11},{"not_picked":["Rampage","Wild Strike","Blood for Blood","Searing Blow"],"picked":"SKIP","floor":12},{"not_picked":["Perfected Strike","Bloodletting","Anger"],"picked":"Armaments","floor":14},{"not_picked":["Reaper","Double Tap","Berserk"],"picked":"Immolate","floor":16},{"not_picked":["Bloodletting","Twin Strike","Warcry","Blood for Blood"],"picked":"SKIP","floor":18},{"not_picked":["Havoc","Evolve","Clash","Combust"],"picked":"SKIP","floor":20},{"not_picked":["Brutality","Burning Pact","Clash"],"picked":"Metallicize","floor":24},{"not_picked":["Hemokinesis","Combust","Blood for Blood","Pommel Strike"],"picked":"SKIP","floor":27},{"not_picked":["Rampage","Thunderclap","Uppercut"],"picked":"Intimidate+1","floor":28}],"player_experience":729622,"relics_obtained":[{"floor":8,"key":"Pen Nib"},{"floor":9,"key":"Question Card"},{"floor":26,"key":"MawBank"},{"floor":28,"key":"Frozen Egg 2"},{"floor":28,"key":"Nunchaku"}],"event_choices":[{"cards_removed":["Strike_R"],"damage_healed":0,"gold_gain":0,"player_choice":"Purged","damage_taken":0,"max_hp_gain":0,"max_hp_loss":0,"event_name":"Purifier","floor":2,"gold_loss":0},{"damage_healed":0,"gold_gain":0,"player_choice":"Ignored","damage_taken":0,"max_hp_gain":0,"max_hp_loss":0,"event_name":"Vampires","floor":19,"gold_loss":0},{"damage_healed":0,"gold_gain":0,"player_choice":"Upgraded Two","damage_taken":0,"max_hp_gain":0,"max_hp_loss":0,"event_name":"Designer","floor":21,"gold_loss":50,"cards_upgraded":["Defend_R","Seeing Red"]}],"is_beta":false,"boss_relics":[{"not_picked":["Runic Pyramid","Snecko Eye"],"picked":"Black Star"}],"items_purged_floors":[4,22],"is_endless":false,"potions_floor_spawned":[3,11,12,14,16,28],"killed_by":"Centurion and Healer","ascension_level":20}