{"gold_per_floor":[113,113,130,15,33,33,62,62,114,148,148],"floor_reached":11,"playtime":255,"items_purged":["Strike_G"],"score":162,"play_id":"32fa03fc-f200-4486-a85e-3bbe2ca75b1c","local_time":"20190424014216","is_ascension_mode":true,"campfire_choices":[{"data":"Noxious Fumes","floor":6.0,"key":"SMITH"}],"neow_cost":"NONE","seed_source_timestamp":271392937525400,"circlet_count":0,"master_deck":["AscendersBane","Defend_G","Defend_G","Defend_G","Defend_G","Defend_G","Strike_G","Strike_G","Strike_G","Strike_G","Survivor","Neutralize","Noxious Fumes+1","Doppelganger","Backflip","Caltrops","Dodge and Roll","Well Laid Plans","Pain"],"special_seed":0,"relics":["Ring of the Snake","NeowsBlessing","Juzu Bracelet","WarpedTongs","Snake Skull","Kunai"],"potions_floor_usage":[10,10],"damage_taken":[{"damage":0.0,"enemies":"Small Slimes","floor":1.0,"turns":1.0},{"damage":0.0,"enemies":"Cultist","floor":3.0,"turns":1.0},{"damage":0.0,"enemies":"2 Louse","floor":5.0,"turns":1.0},{"damage":22.0,"enemies":"3 Sentries","floor":7.0,"turns":7.0},{"damage":35,"enemies":"Gremlin Nob","floor":10,"turns":6},{"damage":2,"enemies":"Gremlin Gang","floor":11,"turns":1}],"seed_played":"5402443919765301360","potions_obtained":[{"floor":1.0,"key":"EssenceOfSteel"},{"floor":5.0,"key":"Ancient Potion"}],"is_trial":false,"path_per_floor":["M","?","M","$","M","R","E","?","T","E","M"],"character_chosen":"THE_SILENT","items_purchased":["Caltrops"],"campfire_rested":0,"item_purchase_floors":[4],"current_hp_per_floor":[59,59,59,59,59,59,37,37,37,2,0],"gold":148,"neow_bonus":"THREE_ENEMY_KILL","is_prod":false,"is_daily":false,"chose_seed":false,"campfire_upgraded":1,"win_rate":0,"timestamp":1556062936,"path_taken":["M","?","M","$","?","R","E","?","T","E","M"],"build_version":"2019-01-23","purchased_purges":1,"victory":false,"max_hp_per_floor":[66,66,66,66,66,66,66,66,66,66,66],"card_choices":[{"not_picked":["Underhanded Strike","Dagger Throw"],"picked":"Noxious Fumes","floor":1.0},{"not_picked":["Slice","Dagger Spray"],"picked":"Backflip","floor":3.0},{"not_picked":["Escape Plan","Cloak And Dagger"],"picked":"Dodge and Roll","floor":5.0},{"not_picked":["Cloak And Dagger","Bane"],"picked":"Well Laid Plans","floor":7.0},{"not_picked":["Well Laid Plans","Outmaneuver","All Out Attack"],"picked":"SKIP","floor":10}],"player_experience":594577,"relics_obtained":[{"floor":7.0,"key":"Juzu Bracelet"},{"floor":9.0,"key":"Snake Skull"},{"floor":10,"key":"Kunai"}],"event_choices":[{"damage_healed":0.0,"max_hp_gain":0.0,"max_hp_loss":0.0,"gold_gain":0.0,"event_name":"Match and Keep!","player_choice":"1 cards matched","floor":2.0,"gold_loss":0.0,"damage_taken":0.0,"cards_obtained":["Doppelganger"]},{"damage_healed":0.0,"max_hp_gain":0.0,"max_hp_loss":0.0,"gold_gain":0.0,"event_name":"Accursed Blacksmith","player_choice":"Rummage","floor":8.0,"gold_loss":0.0,"damage_taken":0.0,"relics_obtained":["WarpedTongs"],"cards_obtained":["Pain"]}],"is_beta":false,"boss_relics":[],"items_purged_floors":[4],"is_endless":false,"potions_floor_spawned":[1,5,7],"killed_by":"Gremlin Gang","ascension_level":20}