{"gold_per_floor":[360,378,25,25,25,25,61,61,85,46,196,196,214,269,269,269],"floor_reached":16,"playtime":434,"items_purged":["Writhe"],"score":192,"play_id":"7651e741-510a-4c35-9dd3-67d23c2dd772","local_time":"20190511171401","is_ascension_mode":true,"campfire_choices":[{"data":"Bash","floor":6,"key":"SMITH"},{"data":"Havoc","floor":8,"key":"SMITH"},{"data":"Uppercut","floor":12,"key":"SMITH"},{"data":"Clothesline","floor":15,"key":"SMITH"}],"neow_cost":"CURSE","seed_source_timestamp":458051926072800,"circlet_count":0,"master_deck":["AscendersBane","Strike_R","Strike_R+1","Strike_R","Strike_R+1","Strike_R","Defend_R","Defend_R","Defend_R","Defend_R","Bash+1","Perfected Strike","Perfected Strike","Clothesline+1","Havoc+1","Uppercut+1","Shrug It Off"],"relics":["Burning Blood","Sling","Golden Idol","Omamori","Dream Catcher"],"potions_floor_usage":[16],"damage_taken":[{"damage":4,"enemies":"2 Louse","floor":1,"turns":5},{"damage":7,"enemies":"Jaw Worm","floor":2,"turns":3},{"damage":35,"enemies":"Lagavulin","floor":7,"turns":5},{"damage":0,"enemies":"Small Slimes","floor":13,"turns":3},{"damage":25,"enemies":"The Guardian","floor":16,"turns":10}],"seed_played":"4665240060363341307","potions_obtained":[{"floor":7,"key":"Block Potion"}],"is_trial":false,"path_per_floor":["M","M","$","?","?","R","E","R","T","$","?","R","M","?","R","B"],"character_chosen":"IRONCLAD","items_purchased":["Sling","Clothesline","Uppercut"],"campfire_rested":0,"item_purchase_floors":[3,3,10],"current_hp_per_floor":[70,69,69,68,48,48,19,19,19,19,19,19,25,25,25,0],"gold":269,"neow_bonus":"TWO_FIFTY_GOLD","is_prod":false,"is_daily":false,"chose_seed":false,"campfire_upgraded":4,"win_rate":0,"timestamp":1557562441,"path_taken":["M","M","$","?","?","R","E","R","T","?","?","R","M","?","R","BOSS"],"build_version":"2019-01-23","purchased_purges":1,"victory":false,"max_hp_per_floor":[75,75,75,68,68,68,68,68,68,68,68,68,68,68,68,68],"card_choices":[{"not_picked":["Corruption","Second Wind"],"picked":"Perfected Strike","floor":1},{"not_picked":["Evolve","Heavy Blade"],"picked":"Perfected Strike","floor":2},{"not_picked":["Evolve","Heavy Blade"],"picked":"Havoc","floor":7},{"not_picked":["Carnage","Dropkick"],"picked":"Shrug It Off","floor":13}],"player_experience":1337319,"relics_obtained":[{"floor":7,"key":"Omamori"},{"floor":9,"key":"Dream Catcher"}],"event_choices":[{"damage_healed":0,"gold_gain":0,"player_choice":"Lose Max HP","damage_taken":0,"relics_obtained":["Golden Idol"],"max_hp_gain":0,"max_hp_loss":7,"event_name":"Golden Idol","floor":4,"gold_loss":0},{"damage_healed":0,"gold_gain":0,"player_choice":"Entered Light","damage_taken":20,"max_hp_gain":0,"max_hp_loss":0,"event_name":"Shining Light","floor":5,"gold_loss":0,"cards_upgraded":["Strike_R","Strike_R"]},{"damage_healed":0,"gold_gain":150,"player_choice":"AGREE","damage_taken":0,"max_hp_gain":0,"max_hp_loss":0,"event_name":"Liars Game","floor":11,"gold_loss":0,"cards_obtained":["Doubt"]},{"damage_healed":0,"gold_gain":55,"player_choice":"Gained Gold","damage_taken":0,"max_hp_gain":0,"max_hp_loss":0,"event_name":"Golden Wing","floor":14,"gold_loss":0}],"is_beta":false,"boss_relics":[],"items_purged_floors":[3],"is_endless":false,"potions_floor_spawned":[7],"killed_by":"The Guardian","ascension_level":20}