{"gold_per_floor":[367,64,64,64,84,84,117,117,117,117,117,150,169,51,51,129,129,146,146,161,1,16,16,16,30,30,30,42,42,61,61,61,61],"floor_reached":33,"playtime":1361,"items_purged":[],"score":542,"play_id":"bdd47311-6403-4da4-bdc8-7b533f4bc73d","local_time":"20190304091318","is_ascension_mode":true,"campfire_choices":[{"data":"Noxious Fumes","floor":6,"key":"SMITH"},{"floor":8,"key":"REST"},{"floor":11,"key":"REST"},{"data":"Leg Sweep","floor":15,"key":"SMITH"},{"floor":23,"key":"REST"},{"data":"Catalyst","floor":32,"key":"SMITH"}],"neow_cost":"PERCENT_DAMAGE","seed_source_timestamp":444348647356959,"circlet_count":0,"master_deck":["AscendersBane","Defend_G","Defend_G","Defend_G","Defend_G","Defend_G","Strike_G","Strike_G","Strike_G","Strike_G","Survivor","Neutralize","Sucker Punch","Noxious Fumes+1","Backflip","Catalyst+1","Backflip","Leg Sweep+1","Well Laid Plans","Corpse Explosion","Prepared","Die Die Die","Footwork","Prepared","Crippling Poison","Ghostly","Ghostly","Ghostly"],"relics":["Ring of the Snake","Snake Skull","Sundial","Meat on the Bone","Tingsha","FossilizedHelix","White Beast Statue","Ninja Scroll"],"potions_floor_usage":[18,20,25,25,28,30,33],"damage_taken":[{"damage":4,"enemies":"Small Slimes","floor":1,"turns":4},{"damage":1,"enemies":"2 Louse","floor":5,"turns":3},{"damage":42,"enemies":"3 Sentries","floor":7,"turns":9},{"damage":42,"enemies":"Gremlin Nob","floor":12,"turns":6},{"damage":0,"enemies":"Jaw Worm","floor":13,"turns":4},{"damage":2,"enemies":"The Guardian","floor":16,"turns":11},{"damage":20,"enemies":"2 Thieves","floor":18,"turns":4},{"damage":0,"enemies":"Spheric Guardian","floor":20,"turns":5},{"damage":6,"enemies":"Snecko","floor":22,"turns":6},{"damage":0,"enemies":"Snake Plant","floor":25,"turns":5},{"damage":0,"enemies":"Centurion and Healer","floor":28,"turns":6},{"damage":30,"enemies":"Cultist and Chosen","floor":30,"turns":5},{"damage":35,"enemies":"Champ","floor":33,"turns":13}],"seed_played":"-5587347999906892138","potions_obtained":[{"floor":12,"key":"GhostInAJar"},{"floor":16,"key":"Fire Potion"},{"floor":18,"key":"PowerPotion"},{"floor":20,"key":"SteroidPotion"},{"floor":22,"key":"SkillPotion"},{"floor":25,"key":"Block Potion"},{"floor":28,"key":"Ancient Potion"},{"floor":30,"key":"Fire Potion"}],"is_trial":false,"path_per_floor":["M","$","?","?","M","R","E","R","T","T","R","E","M","$","R","B",null,"M","?","M","$","M","R","?","M","T","$","M","$","M","?","R","B"],"character_chosen":"THE_SILENT","items_purchased":["Noxious Fumes","Snake Skull","Backflip","Leg Sweep","Well Laid Plans","Die Die Die","Footwork"],"campfire_rested":3,"item_purchase_floors":[2,2,2,14,14,21,21],"current_hp_per_floor":[40,40,40,45,44,44,2,23,23,23,44,14,26,26,26,36,62,42,42,42,42,36,57,50,50,50,50,50,50,32,32,32,0],"gold":61,"neow_bonus":"TWO_FIFTY_GOLD","is_prod":false,"is_daily":false,"chose_seed":false,"campfire_upgraded":3,"win_rate":0,"timestamp":1551658398,"path_taken":["M","$","?","?","M","R","E","R","T","?","R","E","?","$","R","BOSS","M","?","M","?","M","R","?","M","T","$","M","$","?","?","R","BOSS"],"build_version":"2019-01-23","purchased_purges":0,"victory":false,"max_hp_per_floor":[66,66,66,71,71,71,71,71,71,71,71,71,71,71,71,71,71,71,71,71,71,71,71,71,71,71,71,71,71,71,35,35,35],"card_choices":[{"not_picked":["Acrobatics","Deflect"],"picked":"Sucker Punch","floor":1},{"not_picked":["Slice","Choke"],"picked":"Catalyst","floor":5},{"not_picked":["Blade Dance","Accuracy","Phantasmal Killer"],"picked":"SKIP","floor":7},{"not_picked":["Cloak And Dagger","Acrobatics"],"picked":"Backflip","floor":12},{"not_picked":["Blade Dance","Underhanded Strike","Dodge and Roll"],"picked":"SKIP","floor":13},{"not_picked":["A Thousand Cuts","Phantasmal Killer"],"picked":"Corpse Explosion","floor":16},{"not_picked":["Outmaneuver","Endless Agony","Blade Dance+1"],"picked":"SKIP","floor":18},{"not_picked":["Poisoned Stab","Underhanded Strike","Choke+1"],"picked":"SKIP","floor":20},{"not_picked":["Caltrops","Deflect","Flying Knee"],"picked":"SKIP","floor":22},{"not_picked":["Deadly Poison","Masterful Stab"],"picked":"Prepared","floor":25},{"not_picked":["Blade Dance","Sucker Punch"],"picked":"Crippling Poison","floor":28},{"not_picked":["Poisoned Stab+1","Backflip","Flying Knee"],"picked":"SKIP","floor":30}],"player_experience":617328,"relics_obtained":[{"floor":7,"key":"Sundial"},{"floor":9,"key":"Meat on the Bone"},{"floor":10,"key":"Tingsha"},{"floor":12,"key":"FossilizedHelix"},{"floor":26,"key":"Ninja Scroll"}],"event_choices":[{"damage_healed":0,"gold_gain":0,"player_choice":"Ignored","damage_taken":0,"max_hp_gain":0,"max_hp_loss":0,"event_name":"Liars Game","floor":3,"gold_loss":0},{"damage_healed":0,"gold_gain":0,"player_choice":"Donut","damage_taken":0,"max_hp_gain":5,"max_hp_loss":0,"event_name":"Big Fish","floor":4,"gold_loss":0},{"damage_healed":0,"gold_gain":0,"cards_transformed":["Strike_G"],"player_choice":"Transformed","damage_taken":0,"max_hp_gain":0,"max_hp_loss":0,"event_name":"Transmorgrifier","floor":19,"gold_loss":0,"cards_obtained":["Prepared"]},{"damage_healed":0,"gold_gain":0,"player_choice":"","damage_taken":7,"max_hp_gain":0,"max_hp_loss":0,"event_name":"Knowing Skull","floor":24,"potions_obtained":[],"gold_loss":0,"cards_obtained":[]},{"damage_healed":0,"gold_gain":0,"player_choice":"Became a Ghost","damage_taken":0,"max_hp_gain":0,"max_hp_loss":36,"event_name":"Ghosts","floor":31,"gold_loss":0,"cards_obtained":["Ghostly","Ghostly","Ghostly"]}],"is_beta":false,"boss_relics":[{"not_picked":["Philosopher\u0027s Stone","Black Star"],"picked":"White Beast Statue"}],"items_purged_floors":[],"is_endless":false,"potions_floor_spawned":[12,16,18,20,22,25,28,30],"killed_by":"Champ","ascension_level":19}