{"path_per_floor":["M","$","M","M","M","?","M","M","T","?","R","T","$","M","R","B",null,"M","?","$","M","M","R","M","M","T"],"character_chosen":"IRONCLAD","items_purchased":["Inflame","Thunderclap","Flex","Warcry","Pummel","Mind Blast"],"gold_per_floor":[118,18,35,46,57,132,144,156,206,206,206,206,130,143,143,273,273,286,286,143,156,171,171,196,219,295,295],"floor_reached":27,"campfire_rested":1,"playtime":3271,"item_purchase_floors":[2,2,13,13,20,20],"current_hp_per_floor":[80,80,80,80,74,63,68,62,62,42,42,42,42,30,54,16,80,73,73,73,79,64,64,53,15,15,0],"items_purged":[],"gold":295,"score":209,"play_id":"e479ab6e-7535-4fa2-8d9c-dc497a732f1e","local_time":"20180621220038","is_prod":false,"is_daily":false,"chose_seed":false,"is_ascension_mode":false,"campfire_upgraded":2,"win_rate":0.0,"timestamp":1529611238,"campfire_choices":[{"data":"Defend_R","floor":11,"key":"SMITH"},{"floor":15,"key":"REST"},{"data":"Defend_R","floor":23,"key":"SMITH"}],"path_taken":["M","$","M","M","M","?","M","?","T","?","R","?","$","M","R","BOSS","M","?","$","M","M","R","M","M","T","M"],"build_version":"2018-06-14v2","seed_source_timestamp":30254145565845,"purchased_purges":0,"victory":false,"master_deck":["Strike_R","Strike_R","Strike_R","Strike_R","Strike_R","Defend_R+1","Defend_R","Defend_R","Defend_R+1","Bash","Clothesline","Inflame+1","Thunderclap","Ghostly Armor","Sword Boomerang","Inflame","Clash","Armaments","Flex","Warcry","Battle Trance","Fiend Fire","Shrug It Off+1","Pummel","Mind Blast","Sword Boomerang+1","Warcry","Disarm","Armaments+1"],"max_hp_per_floor":[80,80,80,80,80,80,80,80,80,80,80,80,80,80,80,80,80,80,80,80,80,80,80,80,80,80,80],"relics":["Burning Blood","Oddly Smooth Stone","Golden Idol","Ornamental Fan","Mark of Pain","Mercury Hourglass"],"card_choices":[{"not_picked":["Flex","Pommel Strike"],"picked":"Clothesline","floor":1},{"not_picked":["Second Wind","Dual Wield"],"picked":"Ghostly Armor","floor":3},{"not_picked":["Sever Soul","True Grit"],"picked":"Sword Boomerang","floor":4},{"not_picked":["Headbutt","Entrench"],"picked":"Inflame","floor":5},{"not_picked":["Shockwave","Body Slam"],"picked":"Clash","floor":7},{"not_picked":["Twin Strike","Thunderclap"],"picked":"Armaments","floor":8},{"not_picked":["Anger","Iron Wave"],"picked":"Battle Trance","floor":14},{"not_picked":["Dark Embrace","Feed"],"picked":"Fiend Fire","floor":16},{"not_picked":["True Grit+1","Warcry"],"picked":"Shrug It Off+1","floor":18},{"not_picked":["Dropkick","Warcry"],"picked":"Sword Boomerang+1","floor":21},{"not_picked":["Twin Strike+1","Perfected Strike"],"picked":"Warcry","floor":22},{"not_picked":["Sever Soul","Seeing Red"],"picked":"Disarm","floor":24},{"not_picked":["Flex+1","Anger+1"],"picked":"Armaments+1","floor":25}],"player_experience":0,"potions_floor_usage":[25],"damage_taken":[{"damage":3,"enemies":"Cultist","floor":1,"turns":5},{"damage":5,"enemies":"2 Louse","floor":3,"turns":2},{"damage":3,"enemies":"Jaw Worm","floor":4,"turns":4},{"damage":12,"enemies":"Blue Slaver","floor":5,"turns":4},{"damage":1,"enemies":"Red Slaver","floor":7,"turns":3},{"damage":12,"enemies":"2 Fungi Beasts","floor":8,"turns":3},{"damage":18,"enemies":"Large Slime","floor":14,"turns":6},{"damage":44,"enemies":"The Guardian","floor":16,"turns":13},{"damage":13,"enemies":"2 Thieves","floor":18,"turns":5},{"damage":0,"enemies":"Spheric Guardian","floor":21,"turns":3},{"damage":21,"enemies":"Snecko","floor":22,"turns":5},{"damage":17,"enemies":"Centurion and Healer","floor":24,"turns":5},{"damage":56,"enemies":"3 Cultists","floor":25,"turns":7},{"damage":15,"enemies":"Snake Plant","floor":27,"turns":3}],"relics_obtained":[{"floor":9,"key":"Oddly Smooth Stone"},{"floor":12,"key":"Ornamental Fan"},{"floor":26,"key":"Mercury Hourglass"}],"event_choices":[{"event_name":"World of Goop","player_choice":"Gather Gold","floor":6,"damage_taken":0},{"event_name":"Golden Idol","player_choice":"Take Damage","floor":10,"damage_taken":0},{"event_name":"Upgrade Shrine","player_choice":"Upgraded","floor":19,"damage_taken":0}],"boss_relics":[{"not_picked":["Fusion Hammer","Coffee Dripper"],"picked":"Mark of Pain"}],"items_purged_floors":[],"is_endless":false,"potions_floor_spawned":[8,14,16,18,21,22],"seed_played":"-1539773480525443134","killed_by":"Snake Plant","ascension_level":0,"potions_obtained":[{"floor":8,"key":"SteroidPotion"},{"floor":14,"key":"Dexterity Potion"},{"floor":16,"key":"Fire Potion"},{"floor":21,"key":"Regen Potion"}],"is_trial":false}