{"gold_per_floor":[113,126,401,419,113,148,223,223,223,223,223],"floor_reached":11,"playtime":1958,"items_purged":["Regret"],"score":142,"play_id":"e7435030-d45d-404a-aca9-94219f67dcb9","local_time":"20190412231323","is_ascension_mode":true,"campfire_choices":[{"floor":10,"key":"REST"}],"neow_cost":"NONE","seed_source_timestamp":119124082806100,"circlet_count":0,"master_deck":["AscendersBane","Defend_G","Defend_G","Defend_G","Defend_G+1","Defend_G","Strike_G","Strike_G","Strike_G","Strike_G","Strike_G","Survivor","Neutralize","Terror","Finisher","Escape Plan+1","Slice","Noxious Fumes","Catalyst","Bane","PiercingWail"],"relics":["Ring of the Snake","NeowsBlessing","Singing Bowl","Molten Egg 2"],"potions_floor_usage":[11],"damage_taken":[{"damage":0,"enemies":"Jaw Worm","floor":1,"turns":1},{"damage":0,"enemies":"Cultist","floor":2,"turns":1},{"damage":0,"enemies":"2 Louse","floor":4,"turns":1},{"damage":14,"enemies":"Lagavulin","floor":6,"turns":5},{"damage":38,"enemies":"Gremlin Nob","floor":11,"turns":4}],"seed_played":"-6198461010267420188","potions_obtained":[{"floor":2,"key":"Weak Potion"},{"floor":4,"key":"LiquidBronze"}],"is_trial":false,"path_per_floor":["M","M","?","M","$","E","?","?","T","R","E"],"character_chosen":"THE_SILENT","items_purchased":["Slice","Noxious Fumes","Catalyst","Bane"],"campfire_rested":1,"item_purchase_floors":[5,5,5,5],"current_hp_per_floor":[59,59,59,59,59,45,34,14,14,33,0],"gold":223,"neow_bonus":"THREE_ENEMY_KILL","is_prod":false,"is_daily":false,"chose_seed":false,"campfire_upgraded":0,"win_rate":0,"timestamp":1555103603,"path_taken":["M","M","?","?","$","E","?","?","T","R","E"],"build_version":"2019-01-23","purchased_purges":1,"victory":false,"max_hp_per_floor":[66,66,66,66,66,66,66,66,66,66,66],"card_choices":[{"not_picked":["Dodge and Roll","Bane"],"picked":"Terror","floor":1},{"not_picked":["Heel Hook","Deflect"],"picked":"Finisher","floor":2},{"not_picked":["Poisoned Stab","Reflex"],"picked":"Escape Plan","floor":4},{"not_picked":["Quick Slash","Riddle With Holes"],"picked":"PiercingWail","floor":6}],"player_experience":549591,"relics_obtained":[{"floor":6,"key":"Singing Bowl"},{"floor":9,"key":"Molten Egg 2"}],"event_choices":[{"damage_healed":0,"gold_gain":275,"player_choice":"Desecrate","damage_taken":0,"max_hp_gain":0,"max_hp_loss":0,"event_name":"Golden Shrine","floor":3,"gold_loss":0,"cards_obtained":["Regret"]},{"damage_healed":0,"gold_gain":75,"player_choice":"Gather Gold","damage_taken":11,"max_hp_gain":0,"max_hp_loss":0,"event_name":"World of Goop","floor":7,"gold_loss":0},{"damage_healed":0,"gold_gain":0,"player_choice":"Entered Light","damage_taken":20,"max_hp_gain":0,"max_hp_loss":0,"event_name":"Shining Light","floor":8,"gold_loss":0,"cards_upgraded":["Escape Plan","Defend_G"]}],"is_beta":false,"boss_relics":[],"items_purged_floors":[5],"is_endless":false,"potions_floor_spawned":[2,4],"killed_by":"Gremlin Nob","ascension_level":20}