{"gold_per_floor":[109,284,12,12,12,39,16,16,16,35,62,79,137,153,153,254,254,273,99,116,116,128,128,128,145,145,161,161,193,203,219,219,219],"floor_reached":33,"playtime":1982,"items_purged":["Doubt","Strike_R"],"score":343,"play_id":"d9d764c3-633c-4671-9389-9e5811dba391","local_time":"20181123113145","is_ascension_mode":true,"campfire_choices":[{"floor":8,"key":"RECALL"},{"data":"Demon Form","floor":15,"key":"SMITH"},{"data":"Berserk","floor":23,"key":"SMITH"},{"floor":28,"key":"REST"},{"floor":32,"key":"REST"}],"neow_cost":"NONE","seed_source_timestamp":751343368707610,"circlet_count":0,"master_deck":["Strike_R","Strike_R","Strike_R","Strike_R","Defend_R","Defend_R","Defend_R","Shrug It Off","True Grit","Cleave","Headbutt","Pommel Strike","Demon Form+1","Inflame","Berserk+1","Seeing Red+1","Inflame","Heavy Blade","Brutality","Metallicize","Decay","Seeing Red","Armaments","Burning Pact"],"relics":["Burning Blood","NeowsBlessing","Toolbox","Centennial Puzzle","Bag of Marbles","Tiny Chest","Cursed Key","Meat on the Bone","Oddly Smooth Stone"],"potions_floor_usage":[14,16,18,29,33,33,33],"damage_taken":[{"damage":0,"enemies":"Small Slimes","floor":1,"turns":1},{"damage":0,"enemies":"Gremlin Nob","floor":6,"turns":1},{"damage":0,"enemies":"2 Louse","floor":10,"turns":1},{"damage":0,"enemies":"Cultist","floor":12,"turns":2},{"damage":35,"enemies":"Lagavulin","floor":13,"turns":7},{"damage":8,"enemies":"Exordium Thugs","floor":14,"turns":3},{"damage":37,"enemies":"Hexaghost","floor":16,"turns":9},{"damage":20,"enemies":"2 Thieves","floor":18,"turns":4},{"damage":7,"enemies":"Shell Parasite","floor":20,"turns":4},{"damage":26,"enemies":"Snake Plant","floor":22,"turns":3},{"damage":11,"enemies":"3 Cultists","floor":25,"turns":4},{"damage":35,"enemies":"Chosen and Byrds","floor":27,"turns":5},{"damage":0,"enemies":"Gremlin Leader","floor":29,"turns":5},{"damage":27,"enemies":"Shelled Parasite and Fungi","floor":30,"turns":5},{"damage":20,"enemies":"3 Cultists","floor":31,"turns":6},{"damage":67,"enemies":"Collector","floor":33,"turns":6}],"seed_played":"-5443757465459484547","potions_obtained":[{"floor":5,"key":"Ancient Potion"},{"floor":5,"key":"SpeedPotion"},{"floor":5,"key":"Swift Potion"},{"floor":10,"key":"Regen Potion"},{"floor":13,"key":"Fire Potion"},{"floor":27,"key":"Fire Potion"},{"floor":29,"key":"SpeedPotion"},{"floor":30,"key":"SkillPotion"},{"floor":31,"key":"LiquidBronze"}],"is_trial":false,"path_per_floor":["M","?","$","?","?","E","$","R","T","M","T","M","E","M","R","B",null,"M","$","M","?","M","R","?","M","T","M","R","E","M","M","R","B"],"character_chosen":"IRONCLAD","items_purchased":["Toolbox","Cleave","Inflame"],"campfire_rested":2,"item_purchase_floors":[3,7,19],"current_hp_per_floor":[80,80,80,73,73,79,79,79,79,80,80,80,51,49,49,33,80,66,66,65,65,45,45,45,40,40,23,47,53,44,42,66,0],"gold":219,"neow_bonus":"THREE_ENEMY_KILL","is_prod":false,"is_daily":false,"chose_seed":false,"campfire_upgraded":2,"win_rate":0,"timestamp":1542990705,"path_taken":["M","?","$","?","?","E","$","R","T","?","?","M","E","M","R","BOSS","M","$","M","?","?","R","?","M","T","M","R","E","M","M","R","BOSS"],"build_version":"2018-11-15","purchased_purges":2,"victory":false,"max_hp_per_floor":[80,80,80,80,80,80,80,80,80,80,80,80,80,80,80,80,80,80,80,80,80,80,80,80,80,80,80,80,80,80,80,80,80],"card_choices":[{"not_picked":["Anger","Combust"],"picked":"Shrug It Off","floor":1},{"not_picked":["Sever Soul","Entrench"],"picked":"True Grit","floor":6},{"not_picked":["Cleave","Iron Wave"],"picked":"Headbutt","floor":10},{"not_picked":["Clash","Carnage"],"picked":"Pommel Strike","floor":12},{"not_picked":["Blood for Blood","Reckless Charge"],"picked":"Demon Form","floor":13},{"not_picked":["Body Slam","Perfected Strike"],"picked":"Inflame","floor":14},{"not_picked":["Bludgeon","Barricade"],"picked":"Berserk","floor":16},{"not_picked":["Twin Strike","Thunderclap+1"],"picked":"Seeing Red+1","floor":18},{"not_picked":["Flex+1","Twin Strike"],"picked":"Heavy Blade","floor":20},{"not_picked":["Sword Boomerang","Perfected Strike","Entrench"],"picked":"SKIP","floor":22},{"not_picked":["Double Tap","Inflame"],"picked":"Metallicize","floor":25},{"not_picked":["Cleave","Dual Wield"],"picked":"Seeing Red","floor":27},{"not_picked":["True Grit","Heavy Blade"],"picked":"Armaments","floor":29},{"not_picked":["Power Through","Clash","Rage"],"picked":"SKIP","floor":30},{"not_picked":["Second Wind+1","Sword Boomerang"],"picked":"Burning Pact","floor":31}],"player_experience":22919,"relics_obtained":[{"floor":6,"key":"Centennial Puzzle"},{"floor":11,"key":"Bag of Marbles"},{"floor":13,"key":"Tiny Chest"},{"floor":26,"key":"Meat on the Bone"},{"floor":29,"key":"Oddly Smooth Stone"}],"event_choices":[{"damage_healed":0,"gold_gain":175,"player_choice":"AGREE","damage_taken":0,"max_hp_gain":0,"max_hp_loss":0,"event_name":"Liars Game","floor":2,"gold_loss":0,"cards_obtained":["Doubt"]},{"cards_removed":["Bash"],"damage_healed":0,"gold_gain":0,"player_choice":"Card Removal","damage_taken":7,"max_hp_gain":0,"max_hp_loss":0,"event_name":"Golden Wing","floor":4,"gold_loss":0},{"damage_healed":0,"gold_gain":0,"player_choice":"Got Potions","damage_taken":0,"max_hp_gain":0,"max_hp_loss":0,"event_name":"Lab","floor":5,"gold_loss":0},{"damage_healed":0,"gold_gain":0,"cards_transformed":["Defend_R"],"player_choice":"Transformed","damage_taken":0,"max_hp_gain":0,"max_hp_loss":0,"event_name":"Transmorgrifier","floor":21,"gold_loss":0,"cards_obtained":["Brutality"]},{"damage_healed":0,"gold_gain":0,"player_choice":"Ignored","damage_taken":0,"max_hp_gain":0,"max_hp_loss":0,"event_name":"Ghosts","floor":24,"gold_loss":0}],"is_beta":false,"boss_relics":[{"not_picked":["Calling Bell","Black Blood"],"picked":"Cursed Key"}],"items_purged_floors":[3,19],"is_endless":false,"potions_floor_spawned":[10,13,27,29,30,31],"killed_by":"Collector","ascension_level":1}