{"gold_per_floor":[118,130,205,222,222,222,232,232,232,242,242,268,268,283,283,360,360,380,100,100,100,116,116,144,144,144,154,171,71,71,83,83,159,159,176,176,176,195,17,49,49,49],"floor_reached":42,"playtime":1943,"items_purged":["Strike_G","Writhe","Bandage Up"],"score":992,"play_id":"37e66cc7-4d44-4b9f-a084-b14aabbdc297","local_time":"20190406134320","is_ascension_mode":true,"campfire_choices":[{"data":"Crippling Poison","floor":6,"key":"SMITH"},{"data":"Neutralize","floor":8,"key":"SMITH"},{"floor":11,"key":"REST"},{"data":"Footwork","floor":13,"key":"SMITH"},{"data":"Dagger Spray","floor":15,"key":"SMITH"},{"data":"Caltrops","floor":23,"key":"SMITH"},{"floor":25,"key":"REST"},{"floor":32,"key":"REST"},{"floor":41,"key":"REST"}],"neow_cost":"NONE","seed_source_timestamp":708472034198124,"circlet_count":0,"master_deck":["AscendersBane","Defend_G+1","Defend_G+1","Defend_G+1","Defend_G+1","Defend_G+1","Strike_G+1","Survivor","Neutralize+1","Crippling Poison+1","Poisoned Stab","Footwork+1","Dagger Spray+1","Burst","Noxious Fumes","Caltrops+1","Noxious Fumes","PiercingWail","Deflect","Dodge and Roll","Backflip","Finisher+1","Quick Slash+1","Concentrate+1","Cloak And Dagger","Predator+1"],"relics":["Ring of the Snake","NeowsBlessing","Mummified Hand","Cursed Key","PreservedInsect","The Specimen","Astrolabe","Pear"],"potions_floor_usage":[33,33,40,40],"damage_taken":[{"damage":0,"enemies":"2 Louse","floor":1,"turns":1},{"damage":0,"enemies":"Small Slimes","floor":2,"turns":1},{"damage":0,"enemies":"Cultist","floor":4,"turns":1},{"damage":1,"enemies":"Blue Slaver","floor":7,"turns":5},{"damage":13,"enemies":"Large Slime","floor":10,"turns":9},{"damage":11,"enemies":"Lagavulin","floor":12,"turns":7},{"damage":0,"enemies":"2 Fungi Beasts","floor":14,"turns":3},{"damage":16,"enemies":"The Guardian","floor":16,"turns":14},{"damage":16,"enemies":"3 Byrds","floor":18,"turns":4},{"damage":5,"enemies":"Shell Parasite","floor":22,"turns":4},{"damage":13,"enemies":"Gremlin Leader","floor":24,"turns":5},{"damage":31,"enemies":"Snake Plant","floor":27,"turns":4},{"damage":17,"enemies":"Cultist and Chosen","floor":28,"turns":5},{"damage":5,"enemies":"Centurion and Healer","floor":31,"turns":5},{"damage":0,"enemies":"Automaton","floor":33,"turns":12},{"damage":6,"enemies":"3 Shapes","floor":35,"turns":4},{"damage":32,"enemies":"Orb Walker","floor":38,"turns":6},{"damage":5,"enemies":"Nemesis","floor":40,"turns":7},{"damage":50,"enemies":"Giant Head","floor":42,"turns":9}],"seed_played":"-3395870484952029400","potions_obtained":[{"floor":1,"key":"SpeedPotion"},{"floor":2,"key":"Ancient Potion"},{"floor":5,"key":"LiquidBronze"},{"floor":38,"key":"Poison Potion"},{"floor":40,"key":"Energy Potion"}],"is_trial":false,"path_per_floor":["M","M","?","M","?","R","M","R","T","M","R","E","R","M","R","B",null,"M","$","?","?","M","R","E","R","T","M","M","$","?","M","R","B",null,"M","T","?","M","$","E","R","E"],"character_chosen":"THE_SILENT","items_purchased":["Caltrops","Bandage Up","SpeedPotion","PowerPotion"],"campfire_rested":4,"item_purchase_floors":[19,19,19,39],"current_hp_per_floor":[59,59,48,48,48,48,47,47,47,34,53,42,42,42,42,26,56,40,40,40,40,39,39,30,49,49,22,9,9,9,8,27,31,57,51,51,51,23,23,28,49,0],"gold":49,"neow_bonus":"THREE_ENEMY_KILL","is_prod":false,"is_daily":false,"chose_seed":false,"campfire_upgraded":5,"win_rate":0,"timestamp":1554525800,"path_taken":["M","M","?","M","?","R","?","R","T","M","R","E","R","M","R","BOSS","M","$","?","?","M","R","E","R","T","M","M","$","?","M","R","BOSS","M","?","?","M","?","E","R","E"],"build_version":"2019-01-23","purchased_purges":3,"victory":false,"max_hp_per_floor":[66,66,66,66,66,66,66,66,66,66,66,66,66,66,66,66,66,66,66,66,66,66,66,66,66,66,66,66,66,66,66,66,66,66,66,66,63,63,63,73,73,73],"card_choices":[{"not_picked":["Escape Plan","Dash"],"picked":"Crippling Poison","floor":1},{"not_picked":["Quick Slash","Dodge and Roll"],"picked":"Poisoned Stab","floor":2},{"not_picked":["Prepared","Quick Slash"],"picked":"Footwork","floor":4},{"not_picked":["Slice","Finisher","Dagger Throw"],"picked":"SKIP","floor":7},{"not_picked":["PiercingWail","Crippling Poison"],"picked":"Dagger Spray","floor":10},{"not_picked":["Acrobatics","Dagger Throw","Masterful Stab"],"picked":"SKIP","floor":12},{"not_picked":["Endless Agony","Dagger Spray","Masterful Stab"],"picked":"SKIP","floor":14},{"not_picked":["Doppelganger","Bullet Time"],"picked":"Burst","floor":16},{"not_picked":["Deadly Poison","Acrobatics"],"picked":"Noxious Fumes","floor":18},{"not_picked":["Prepared","Bane+1"],"picked":"PiercingWail","floor":22},{"not_picked":["Choke","Underhanded Strike+1","Flying Knee+1"],"picked":"SKIP","floor":24},{"not_picked":["Underhanded Strike","Slice"],"picked":"Deflect","floor":27},{"not_picked":["Flying Knee","Choke"],"picked":"Dodge and Roll","floor":28},{"not_picked":["Caltrops","Dagger Throw"],"picked":"Backflip","floor":31},{"not_picked":["Flying Knee","Deflect+1","Slice"],"picked":"SKIP","floor":35},{"not_picked":["Accuracy+1","Blade Dance+1"],"picked":"Cloak And Dagger","floor":38},{"not_picked":["Acrobatics","Riddle With Holes"],"picked":"Predator+1","floor":40}],"player_experience":840377,"relics_obtained":[{"floor":12,"key":"Mummified Hand"},{"floor":24,"key":"PreservedInsect"},{"floor":26,"key":"The Specimen"},{"floor":40,"key":"Pear"}],"event_choices":[{"damage_healed":0,"gold_gain":75,"player_choice":"Gather Gold","damage_taken":11,"max_hp_gain":0,"max_hp_loss":0,"event_name":"World of Goop","floor":3,"gold_loss":0},{"damage_healed":0,"gold_gain":0,"player_choice":"Got Potions","damage_taken":0,"max_hp_gain":0,"max_hp_loss":0,"event_name":"Lab","floor":5,"gold_loss":0},{"damage_healed":0,"gold_gain":0,"player_choice":"Read","damage_taken":0,"max_hp_gain":0,"max_hp_loss":0,"event_name":"The Library","floor":20,"gold_loss":0,"cards_obtained":["Noxious Fumes"]},{"damage_healed":0,"gold_gain":0,"player_choice":"Simplicity","damage_taken":0,"max_hp_gain":0,"max_hp_loss":0,"event_name":"Back to Basics","floor":21,"gold_loss":0,"cards_upgraded":["Defend_G","Defend_G","Defend_G","Defend_G","Defend_G","Strike_G","Strike_G","Strike_G","Strike_G"]},{"damage_healed":0,"gold_gain":0,"cards_transformed":["Strike_G"],"player_choice":"Transformed","damage_taken":0,"max_hp_gain":0,"max_hp_loss":0,"event_name":"Transmorgrifier","floor":30,"gold_loss":0,"cards_obtained":["Choke"]},{"damage_healed":0,"gold_gain":0,"player_choice":"Max HP","damage_taken":0,"max_hp_gain":0,"max_hp_loss":3,"event_name":"Winding Halls","floor":37,"gold_loss":0}],"is_beta":false,"boss_relics":[{"not_picked":["Orrery","Lizard Tail"],"picked":"Cursed Key"},{"not_picked":["Philosopher\u0027s Stone","Fusion Hammer"],"picked":"Astrolabe"}],"items_purged_floors":[19,29,39],"is_endless":false,"potions_floor_spawned":[1,2,24,27,38,40],"killed_by":"Giant Head","ascension_level":20}