{"gold_per_floor":[116,116,135,12,87,113,113,148,222,222,245,261,62,12,12,12],"floor_reached":16,"playtime":641,"items_purged":["Strike_R","Strike_R","Strike_R"],"score":127,"play_id":"f5521a79-88b8-4e51-82fc-5c1e1a399368","local_time":"20181016224248","is_ascension_mode":true,"campfire_choices":[{"floor":7,"key":"REST"},{"floor":10,"key":"REST"},{"data":"Inflame","floor":15,"key":"SMITH"}],"neow_cost":"NONE","seed_source_timestamp":44463247033735,"circlet_count":0,"master_deck":["Strike_R","Strike_R","Defend_R","Defend_R","Defend_R","Defend_R","Bash","Heavy Blade","Shrug It Off","Inflame+1","Flex","Shrug It Off","Pummel","Flex"],"relics":["Burning Blood","Vajra","Anchor","The Courier","Smiling Mask"],"potions_floor_usage":[],"damage_taken":[{"damage":4,"enemies":"Jaw Worm","floor":1,"turns":4},{"damage":1,"enemies":"Cultist","floor":3,"turns":3},{"damage":67,"enemies":"Lagavulin","floor":6,"turns":8},{"damage":31,"enemies":"3 Sentries","floor":8,"turns":10},{"damage":0,"enemies":"2 Louse","floor":12,"turns":2},{"damage":63,"enemies":"The Guardian","floor":16,"turns":10}],"seed_played":"4644232105658337059","potions_obtained":[{"floor":6,"key":"FairyPotion"}],"is_trial":false,"path_per_floor":["M","?","M","$","?","E","R","E","T","R","T","M","$","$","R"],"character_chosen":"IRONCLAD","items_purchased":["Shrug It Off","Shrug It Off","Pummel","Flex"],"campfire_rested":2,"item_purchase_floors":[4,13,13,13],"current_hp_per_floor":[88,80,85,85,77,16,42,17,17,43,43,49,49,49,49,0],"gold":12,"neow_bonus":"TEN_PERCENT_HP_BONUS","is_prod":false,"is_daily":false,"chose_seed":false,"campfire_upgraded":1,"win_rate":0,"timestamp":1539722568,"path_taken":["M","?","M","$","?","E","R","E","T","R","?","M","?","$","R","BOSS"],"build_version":"2018-10-11","purchased_purges":3,"victory":false,"max_hp_per_floor":[88,88,88,88,88,88,88,88,88,88,88,88,88,88,88,88],"card_choices":[{"not_picked":["Clothesline","Searing Blow"],"picked":"Heavy Blade","floor":1},{"not_picked":["Bloodletting","Sentinel","Corruption"],"picked":"SKIP","floor":3},{"not_picked":["Pommel Strike","Second Wind"],"picked":"Inflame","floor":6},{"not_picked":["Whirlwind","Immolate"],"picked":"Flex","floor":8},{"not_picked":["Clothesline","Sword Boomerang","Burning Pact"],"picked":"SKIP","floor":12}],"player_experience":204344,"relics_obtained":[{"floor":6,"key":"Vajra"},{"floor":8,"key":"Anchor"},{"floor":9,"key":"The Courier"},{"floor":11,"key":"Smiling Mask"}],"event_choices":[{"event_name":"Wheel of Change","player_choice":"Damage","floor":2,"damage_taken":0},{"event_name":"FaceTrader","player_choice":"Touch","floor":5,"damage_taken":0}],"is_beta":false,"boss_relics":[],"items_purged_floors":[4,13,14],"is_endless":false,"potions_floor_spawned":[6],"killed_by":"The Guardian","ascension_level":4}