{"gold_per_floor":[110,110,24,39,51,79,79,108,108,108,125,43,74,74,74,163,163,182,182],"floor_reached":19,"playtime":603,"items_purged":[],"score":370,"play_id":"13321e0b-d239-4eae-aa8d-a29d92d5c374","local_time":"20190329214302","is_ascension_mode":true,"campfire_choices":[{"data":"Zap","floor":7,"key":"SMITH"},{"floor":15,"key":"REST"}],"neow_cost":"NONE","seed_source_timestamp":1286725939927,"circlet_count":0,"master_deck":["AscendersBane","Strike_B","Strike_B","Strike_B","Strike_B","Defend_B","Defend_B","Defend_B","Defend_B","Zap+1","Dualcast","Ball Lightning","Capacitor+1","Doom and Gloom","Go for the Eyes","Amplify","Coolheaded","Ball Lightning","Leap","Compile Driver","Fission","Self Repair"],"relics":["Cracked Core","Juzu Bracelet","PreservedInsect","Pear","Art of War","Oddly Smooth Stone","Golden Idol","Black Star"],"potions_floor_usage":[3,6,11,13,18],"damage_taken":[{"damage":0,"enemies":"Small Slimes","floor":1,"turns":3},{"damage":1,"enemies":"Cultist","floor":4,"turns":3},{"damage":12,"enemies":"Jaw Worm","floor":5,"turns":2},{"damage":15,"enemies":"3 Sentries","floor":6,"turns":3},{"damage":30,"enemies":"Lagavulin","floor":8,"turns":7},{"damage":0,"enemies":"2 Fungi Beasts","floor":11,"turns":2},{"damage":1,"enemies":"3 Sentries","floor":13,"turns":3},{"damage":42,"enemies":"Slime Boss","floor":16,"turns":11},{"damage":37,"enemies":"3 Byrds","floor":18,"turns":4},{"damage":29,"enemies":"Spheric Guardian","floor":19,"turns":3}],"seed_played":"-7686553801699644603","potions_obtained":[{"floor":2,"key":"Fruit Juice"},{"floor":2,"key":"PowerPotion"},{"floor":6,"key":"Explosive Potion"},{"floor":16,"key":"Energy Potion"}],"is_trial":false,"path_per_floor":["M","?","$","M","M","E","R","E","T","?","M","$","E","?","R","B",null,"M","M"],"character_chosen":"DEFECT","items_purchased":["Capacitor","Leap","Fire Potion"],"campfire_rested":1,"item_purchase_floors":[3,12,12],"current_hp_per_floor":[64,64,69,68,56,41,41,21,21,21,21,21,20,20,43,1,59,22,0],"gold":182,"neow_bonus":"RANDOM_COMMON_RELIC","is_prod":false,"is_daily":false,"chose_seed":false,"campfire_upgraded":1,"win_rate":0,"timestamp":1553913782,"path_taken":["M","?","?","M","M","E","R","E","T","?","M","?","E","?","R","BOSS","M","M"],"build_version":"2019-01-23","purchased_purges":0,"victory":false,"max_hp_per_floor":[71,71,76,76,76,76,76,86,86,86,86,86,86,78,78,78,78,78,78],"card_choices":[{"not_picked":["Go for the Eyes","Cold Snap"],"picked":"Ball Lightning","floor":1},{"not_picked":["Redo","Streamline"],"picked":"Doom and Gloom","floor":4},{"not_picked":["Fusion","Steam"],"picked":"Go for the Eyes","floor":5},{"not_picked":["Go for the Eyes","Compile Driver"],"picked":"Amplify","floor":6},{"not_picked":["Stack","Barrage"],"picked":"Coolheaded","floor":8},{"not_picked":["Rebound","Darkness"],"picked":"Ball Lightning","floor":11},{"not_picked":["Streamline","Lockon"],"picked":"Compile Driver","floor":13},{"not_picked":["Hyperbeam","Thunder Strike"],"picked":"Fission","floor":16},{"not_picked":["Go for the Eyes","Hello World"],"picked":"Self Repair","floor":18}],"player_experience":1191654,"relics_obtained":[{"floor":6,"key":"PreservedInsect"},{"floor":8,"key":"Pear"},{"floor":9,"key":"Art of War"},{"floor":13,"key":"Oddly Smooth Stone"}],"event_choices":[{"damage_healed":0,"gold_gain":0,"player_choice":"Got Potions","damage_taken":0,"max_hp_gain":0,"max_hp_loss":0,"event_name":"Lab","floor":2,"gold_loss":0},{"damage_healed":0,"gold_gain":0,"player_choice":"Upgraded","damage_taken":0,"max_hp_gain":0,"max_hp_loss":0,"event_name":"Upgrade Shrine","floor":10,"gold_loss":0,"cards_upgraded":["Capacitor"]},{"damage_healed":0,"gold_gain":0,"player_choice":"Lose Max HP","damage_taken":0,"relics_obtained":["Golden Idol"],"max_hp_gain":0,"max_hp_loss":8,"event_name":"Golden Idol","floor":14,"gold_loss":0}],"is_beta":false,"boss_relics":[{"not_picked":["White Beast Statue","Runic Pyramid"],"picked":"Black Star"}],"items_purged_floors":[],"is_endless":false,"potions_floor_spawned":[6,16],"killed_by":"Spheric Guardian","ascension_level":20}