{"gold_per_floor":[112,187,187,203,215,215,250,250,274,274,19,54,54,68,68,146,146,160,160,32,84,101,129,147,147,147,165,185,185,5,20,20,94,94,108,0,74,74,74,106,118,129,129,161,161,178,178,196,196,196,196,196,196,29,60,60],"floor_reached":56,"playtime":2595,"items_purged":["Strike_R","Strike_R"],"score":1870,"play_id":"aad56f3a-300c-4291-8db1-7c762e753da4","local_time":"20190422091302","is_ascension_mode":true,"campfire_choices":[{"data":"Immolate","floor":6.0,"key":"SMITH"},{"data":"Bash","floor":8.0,"key":"SMITH"},{"data":"Inflame","floor":10.0,"key":"SMITH"},{"data":"Shockwave","floor":15.0,"key":"SMITH"},{"data":"Limit Break","floor":25.0,"key":"SMITH"},{"data":"Whirlwind","floor":29.0,"key":"SMITH"},{"data":"Uppercut","floor":32.0,"key":"SMITH"},{"floor":45.0,"key":"RECALL"},{"data":"Demon Form","floor":49.0,"key":"SMITH"},{"data":"True Grit","floor":53.0,"key":"SMITH"}],"neow_cost":"TEN_PERCENT_HP_LOSS","seed_source_timestamp":260488249811474,"circlet_count":0,"master_deck":["AscendersBane","Defend_R","Defend_R","Defend_R","Defend_R","Bash+1","Immolate+1","Inflame+1","Rampage","Metallicize","Clothesline","Headbutt","Shockwave+1","Battle Trance","True Grit+1","Limit Break+1","Metallicize","Shrug It Off","Flame Barrier","Whirlwind+1","Power Through","Warcry+1","Battle Trance","Uppercut+1","Reaper","Demon Form+1","Flame Barrier+1","Searing Blow"],"special_seed":0,"relics":["Burning Blood","Boot","Anchor","Medical Kit","Incense Burner","StoneCalendar","Mark of Pain","Bag of Marbles","Bag of Preparation","Mercury Hourglass","Busted Crown","Red Mask","Self Forming Clay","Thread and Needle","Dodecahedron","Orichalcum","Bronze Scales"],"potions_floor_usage":[56,56],"damage_taken":[{"damage":2.0,"enemies":"Jaw Worm","floor":1.0,"turns":3.0},{"damage":0.0,"enemies":"Small Slimes","floor":4.0,"turns":2.0},{"damage":11.0,"enemies":"Cultist","floor":5.0,"turns":4.0},{"damage":8.0,"enemies":"Gremlin Nob","floor":7.0,"turns":3.0},{"damage":5.0,"enemies":"3 Sentries","floor":12.0,"turns":3.0},{"damage":3.0,"enemies":"Red Slaver","floor":14.0,"turns":3.0},{"damage":28.0,"enemies":"The Guardian","floor":16.0,"turns":10.0},{"damage":4.0,"enemies":"3 Byrds","floor":18.0,"turns":4.0},{"damage":0.0,"enemies":"Chosen","floor":22.0,"turns":5.0},{"damage":33.0,"enemies":"Gremlin Leader","floor":23.0,"turns":6.0},{"damage":0.0,"enemies":"Centurion and Healer","floor":24.0,"turns":3.0},{"damage":12.0,"enemies":"Sentry and Sphere","floor":27.0,"turns":5.0},{"damage":0.0,"enemies":"Chosen and Byrds","floor":28.0,"turns":4.0},{"damage":7.0,"enemies":"Shelled Parasite and Fungi","floor":31.0,"turns":4.0},{"damage":23.0,"enemies":"Collector","floor":33.0,"turns":7.0},{"damage":0.0,"enemies":"Orb Walker","floor":35.0,"turns":5.0},{"damage":47.0,"enemies":"Giant Head","floor":40.0,"turns":8.0},{"damage":9.0,"enemies":"3 Shapes","floor":41.0,"turns":7.0},{"damage":0.0,"enemies":"Writhing Mass","floor":42.0,"turns":6.0},{"damage":18.0,"enemies":"Nemesis","floor":44.0,"turns":5.0},{"damage":1.0,"enemies":"4 Shapes","floor":46.0,"turns":5.0},{"damage":12.0,"enemies":"Maw","floor":48.0,"turns":6.0},{"damage":49.0,"enemies":"Awakened One","floor":50.0,"turns":10.0},{"damage":34.0,"enemies":"Donu and Deca","floor":51.0,"turns":7.0},{"damage":31.0,"enemies":"Shield and Spear","floor":55.0,"turns":5.0},{"damage":41,"enemies":"The Heart","floor":56,"turns":3}],"seed_played":"-7580974576106624839","potions_obtained":[{"floor":1.0,"key":"EssenceOfSteel"},{"floor":5.0,"key":"Poison Potion"},{"floor":16.0,"key":"Dexterity Potion"},{"floor":18.0,"key":"AttackPotion"},{"floor":24.0,"key":"FearPotion"},{"floor":35.0,"key":"LiquidBronze"},{"floor":46.0,"key":"LiquidBronze"}],"is_trial":false,"path_per_floor":["M","?","?","M","M","R","E","R","T","R","$","E","?","M","R","B",null,"M","?","$","T","M","E","M","R","T","M","M","R","$","M","R","B",null,"M","?","T","?","$","E","M","M","T","E","R","M","?","M","R","B","B",null,"R","$","E","B"],"character_chosen":"IRONCLAD","items_purchased":["Shockwave","Medical Kit","Shrug It Off","Battle Trance","Orichalcum"],"campfire_rested":0,"item_purchase_floors":[11,11,20,30,54],"current_hp_per_floor":[68,57,57,63,58,58,56,56,56,56,56,57,46,49,49,27,58,60,60,60,60,66,39,45,45,45,39,45,45,45,44,44,27,58,68,68,68,65,65,44,61,65,65,53,53,65,65,65,65,41,65,65,65,65,40,0],"gold":60,"neow_bonus":"THREE_RARE_CARDS","is_prod":false,"is_daily":false,"chose_seed":false,"campfire_upgraded":9,"win_rate":0,"timestamp":1555891982,"path_taken":["M","?","?","M","?","R","E","R","T","R","?","E","?","M","R","BOSS","M","?","?","?","M","E","?","R","T","M","M","R","$","M","R","BOSS","M","?","?","?","$","E","M","M","T","E","R","M","?","?","R","BOSS","BOSS","R","$","E","BOSS"],"build_version":"2019-01-23","purchased_purges":2,"victory":false,"max_hp_per_floor":[68,68,68,68,68,68,68,68,68,68,68,68,68,68,68,68,68,68,68,68,68,68,68,68,68,68,68,68,68,68,68,68,68,68,68,68,68,65,65,65,65,65,65,65,65,65,65,65,65,65,65,65,65,65,65,65],"card_choices":[{"not_picked":["Impervious","Juggernaut"],"picked":"Immolate","floor":0.0},{"not_picked":["Flex","Power Through"],"picked":"Inflame","floor":1.0},{"not_picked":["Warcry","Dual Wield"],"picked":"Metallicize","floor":4.0},{"not_picked":["Twin Strike","Cleave"],"picked":"Clothesline","floor":5.0},{"not_picked":["Armaments","Clothesline"],"picked":"Headbutt","floor":7.0},{"not_picked":["Inflame","Berserk"],"picked":"Battle Trance","floor":12.0},{"not_picked":["Rampage","Pommel Strike"],"picked":"True Grit","floor":14.0},{"not_picked":["Berserk","Impervious"],"picked":"Limit Break","floor":16.0},{"not_picked":["Hemokinesis","Headbutt"],"picked":"Metallicize","floor":18.0},{"not_picked":["Fire Breathing","Twin Strike"],"picked":"Flame Barrier","floor":22.0},{"not_picked":["Brutality","Headbutt"],"picked":"Whirlwind","floor":23.0},{"not_picked":["Cleave","Wild Strike"],"picked":"Power Through","floor":24.0},{"not_picked":["Second Wind+1","Thunderclap+1"],"picked":"Warcry+1","floor":27.0},{"not_picked":["Thunderclap","Cleave","Second Wind"],"picked":"SKIP","floor":28.0},{"not_picked":["Flex","Rampage"],"picked":"Uppercut","floor":31.0},{"not_picked":["Berserk","Barricade"],"picked":"Reaper","floor":33.0},{"not_picked":["Clothesline"],"picked":"SKIP","floor":35.0},{"not_picked":["Intimidate"],"picked":"SKIP","floor":40.0},{"not_picked":["Body Slam+1"],"picked":"SKIP","floor":41.0},{"not_picked":["Body Slam+1"],"picked":"SKIP","floor":41.0},{"not_picked":["Fire Breathing+1"],"picked":"SKIP","floor":42.0},{"not_picked":[],"picked":"Demon Form","floor":44.0},{"not_picked":[],"picked":"Flame Barrier+1","floor":46.0},{"not_picked":["Corruption"],"picked":"SKIP","floor":48.0},{"not_picked":["Clash"],"picked":"SKIP","floor":55.0}],"player_experience":1038379,"relics_obtained":[{"floor":7.0,"key":"Boot"},{"floor":9.0,"key":"Anchor"},{"floor":12.0,"key":"Incense Burner"},{"floor":21.0,"key":"Bag of Marbles"},{"floor":23.0,"key":"Bag of Preparation"},{"floor":26.0,"key":"Mercury Hourglass"},{"floor":37.0,"key":"Self Forming Clay"},{"floor":40.0,"key":"Thread and Needle"},{"floor":44.0,"key":"Dodecahedron"},{"floor":55.0,"key":"Bronze Scales"}],"event_choices":[{"damage_healed":0.0,"max_hp_gain":0.0,"max_hp_loss":0.0,"gold_gain":75.0,"event_name":"World of Goop","player_choice":"Gather Gold","floor":2.0,"gold_loss":0.0,"damage_taken":11.0},{"damage_healed":0.0,"max_hp_gain":0.0,"max_hp_loss":0.0,"gold_gain":0.0,"cards_transformed":["Strike_R"],"event_name":"Transmorgrifier","player_choice":"Transformed","floor":3.0,"gold_loss":0.0,"damage_taken":0.0,"cards_obtained":["Rampage"]},{"damage_healed":0.0,"max_hp_gain":0.0,"max_hp_loss":0.0,"gold_gain":0.0,"event_name":"Scrap Ooze","player_choice":"Success","floor":13.0,"gold_loss":0.0,"damage_taken":11.0,"relics_obtained":["StoneCalendar"]},{"cards_removed":["Strike_R"],"damage_healed":0.0,"max_hp_gain":0.0,"max_hp_loss":0.0,"gold_gain":0.0,"event_name":"Bonfire Elementals","player_choice":"Offered Basic","floor":19.0,"gold_loss":0.0,"damage_taken":0.0},{"damage_healed":0.0,"max_hp_gain":0.0,"max_hp_loss":0.0,"gold_gain":0.0,"event_name":"Tomb of Lord Red Mask","player_choice":"Paid","floor":36.0,"gold_loss":108.0,"damage_taken":0.0,"relics_obtained":["Red Mask"]},{"damage_healed":0.0,"max_hp_gain":0.0,"max_hp_loss":3.0,"gold_gain":0.0,"event_name":"Winding Halls","player_choice":"Max HP","floor":38.0,"gold_loss":0.0,"damage_taken":0.0},{"damage_healed":0.0,"max_hp_gain":0.0,"max_hp_loss":0.0,"gold_gain":0.0,"cards_transformed":["Strike_R"],"event_name":"Transmorgrifier","player_choice":"Transformed","floor":47.0,"gold_loss":0.0,"damage_taken":0.0,"cards_obtained":["Searing Blow"]}],"is_beta":false,"boss_relics":[{"not_picked":["Fusion Hammer","Runic Pyramid"],"picked":"Mark of Pain"},{"not_picked":["Orrery","Empty Cage"],"picked":"Busted Crown"}],"items_purged_floors":[20,30],"is_endless":false,"potions_floor_spawned":[1,5,16,18,24,31,35,46,48],"killed_by":"The Heart","ascension_level":20}