{"gold_per_floor":[113,130,130,130,149,149,168,168,222,5,5,22,22,22,22,125,125,144,174,374,105,123,123,42,42,112,125,125,140,158,176,176,272,272,288,288,304,304,324,336,336,336,336,336,64,76,76,76,76,76],"floor_reached":51,"playtime":2381,"items_purged":["Strike_G","Defend_G","Strike_G"],"score":687,"play_id":"d5a3d44e-5543-4bc8-856f-f1f052102be0","local_time":"20181219112854","is_ascension_mode":false,"campfire_choices":[{"data":"Predator","floor":6.0,"key":"SMITH"},{"data":"Blur","floor":8.0,"key":"SMITH"},{"data":"Crippling Poison","floor":15.0,"key":"SMITH"},{"data":"Mayhem","floor":23.0,"key":"SMITH"},{"floor":25.0,"key":"REST"},{"data":"Burst","floor":28.0,"key":"SMITH"},{"floor":32.0,"key":"REST"},{"floor":41.0,"key":"REST"},{"floor":47.0,"key":"REST"},{"floor":49.0,"key":"REST"}],"neow_cost":"NONE","seed_source_timestamp":1762982580411072,"circlet_count":0,"master_deck":["Defend_G","Defend_G","Defend_G","Strike_G","Strike_G","Survivor","Neutralize+1","Blur+1","Predator+1","Deadly Poison","Burst+1","All Out Attack","Crippling Poison+1","Malaise","Mayhem+1","Blind","PiercingWail","Adrenaline","Deadly Poison","Adrenaline","Skewer","Catalyst+1","Burst"],"special_seed":0,"relics":["Velvet Choker"],"potions_floor_usage":[50,50],"damage_taken":[{"damage":1.0,"enemies":"2 Louse","floor":1.0,"turns":4.0},{"damage":0.0,"enemies":"Cultist","floor":2.0,"turns":5.0},{"damage":0.0,"enemies":"Small Slimes","floor":5.0,"turns":3.0},{"damage":0.0,"enemies":"Blue Slaver","floor":7.0,"turns":3.0},{"damage":0.0,"enemies":"Large Slime","floor":12.0,"turns":4.0},{"damage":2.0,"enemies":"The Guardian","floor":16.0,"turns":8.0},{"damage":11.0,"enemies":"3 Byrds","floor":18.0,"turns":5.0},{"damage":30.0,"enemies":"Masked Bandits","floor":19.0,"turns":5.0},{"damage":0.0,"enemies":"Chosen","floor":22.0,"turns":4.0},{"damage":8.0,"enemies":"Snecko","floor":27.0,"turns":5.0},{"damage":7.0,"enemies":"Sentry and Sphere","floor":29.0,"turns":5.0},{"damage":4.0,"enemies":"3 Cultists","floor":30.0,"turns":5.0},{"damage":7.0,"enemies":"Chosen and Byrds","floor":31.0,"turns":6.0},{"damage":2.0,"enemies":"Champ","floor":33.0,"turns":14.0},{"damage":6.0,"enemies":"3 Shapes","floor":35.0,"turns":5.0},{"damage":34.0,"enemies":"3 Darklings","floor":37.0,"turns":7.0},{"damage":8.0,"enemies":"4 Shapes","floor":39.0,"turns":6.0},{"damage":8.0,"enemies":"Writhing Mass","floor":40.0,"turns":7.0},{"damage":15.0,"enemies":"Transient","floor":46.0,"turns":5.0},{"damage":45,"enemies":"Time Eater","floor":50,"turns":8}],"seed_played":"-8659638286430606499","potions_obtained":[{"floor":1.0,"key":"GhostInAJar"},{"floor":16.0,"key":"Weak Potion"},{"floor":19.0,"key":"GamblersBrew"},{"floor":22.0,"key":"SkillPotion"},{"floor":30.0,"key":"Block Potion"},{"floor":31.0,"key":"GamblersBrew"},{"floor":39.0,"key":"Dexterity Potion"},{"floor":46.0,"key":"Block Potion"}],"is_trial":false,"path_per_floor":["M","M","?","?","M","R","M","R","T","$","?","M","?","$","R","B",null,"M","?","?","$","M","R","$","R","T","M","R","M","M","M","R","B",null,"M","?","M","?","M","M","R","?","T","?","$","M","R","?","R","B",null],"character_chosen":"THE_SILENT","items_purchased":["Burst","All Out Attack","Mayhem","Blind","Burst"],"campfire_rested":5,"item_purchase_floors":[10,10,21,24,45],"current_hp_per_floor":[69,69,62,62,62,62,62,62,62,62,62,62,62,62,62,60,70,59,29,29,29,29,29,29,50,50,42,42,35,31,24,45,43,70,64,64,30,30,22,14,35,35,35,35,35,20,39,39,58,13],"gold":76,"neow_bonus":"BOSS_RELIC","is_prod":false,"is_daily":false,"chose_seed":false,"campfire_upgraded":5,"win_rate":0,"timestamp":1545186534,"path_taken":["M","M","?","?","?","R","M","R","T","?","?","?","?","$","R","BOSS","M","?","?","$","?","R","$","R","T","?","R","M","M","M","R","BOSS","M","?","?","?","M","M","R","?","T","?","$","?","R","?","R","BOSS"],"build_version":"2018-12-13","purchased_purges":3,"victory":true,"max_hp_per_floor":[70,70,70,70,70,70,70,70,70,70,70,70,70,70,70,70,70,70,70,70,70,70,70,70,70,70,70,70,70,70,70,70,70,70,70,70,70,70,70,70,70,70,70,66,66,66,66,66,66,66],"card_choices":[{"not_picked":["Deadly Poison","Prepared"],"picked":"Blur","floor":1.0},{"not_picked":["Blade Dance","Infinite Blades","Choke"],"picked":"SKIP","floor":2.0},{"not_picked":["Dodge and Roll","Slice"],"picked":"Predator","floor":5.0},{"not_picked":["Quick Slash","Sucker Punch"],"picked":"Deadly Poison","floor":7.0},{"not_picked":["Dash","Backflip"],"picked":"Crippling Poison","floor":12.0},{"not_picked":["Phantasmal Killer","Doppelganger"],"picked":"Malaise","floor":16.0},{"not_picked":["Choke+1","Quick Slash","Slice+1"],"picked":"SKIP","floor":18.0},{"not_picked":["Slice","Cloak And Dagger"],"picked":"Poisoned Stab","floor":22.0},{"not_picked":["Poisoned Stab","Deadly Poison"],"picked":"PiercingWail","floor":27.0},{"not_picked":["Dagger Throw","Finisher+1","Deflect"],"picked":"SKIP","floor":29.0},{"not_picked":["Dodge and Roll","Leg Sweep"],"picked":"Adrenaline","floor":30.0},{"not_picked":["Dodge and Roll","PiercingWail"],"picked":"Deadly Poison","floor":31.0},{"not_picked":["Tools of the Trade","Glass Knife"],"picked":"Adrenaline","floor":33.0},{"not_picked":["Backflip","Outmaneuver+1","Flechettes"],"picked":"SKIP","floor":35.0},{"not_picked":["Deflect+1","Dagger Throw+1"],"picked":"Skewer","floor":37.0},{"not_picked":["Calculated Gamble","Cloak And Dagger"],"picked":"Catalyst","floor":39.0},{"not_picked":["Poisoned Stab+1","Endless Agony+1","Blur"],"picked":"SKIP","floor":40.0},{"not_picked":["Endless Agony","Prepared+1","Poisoned Stab"],"picked":"SKIP","floor":46.0}],"player_experience":218358,"relics_obtained":[],"event_choices":[{"cards_removed":["Defend_G"],"damage_healed":0.0,"max_hp_gain":0.0,"max_hp_loss":0.0,"gold_gain":0.0,"event_name":"Golden Wing","player_choice":"Card Removal","floor":3.0,"gold_loss":0.0,"damage_taken":7.0},{"damage_healed":0.0,"max_hp_gain":0.0,"max_hp_loss":0.0,"gold_gain":0.0,"event_name":"Upgrade Shrine","player_choice":"Upgraded","floor":4.0,"gold_loss":0.0,"damage_taken":0.0,"cards_upgraded":["Neutralize"]},{"cards_removed":["Strike_G"],"damage_healed":0.0,"max_hp_gain":0.0,"max_hp_loss":0.0,"gold_gain":0.0,"event_name":"Bonfire Elementals","player_choice":"Offered Basic","floor":11.0,"gold_loss":0.0,"damage_taken":0.0},{"damage_healed":0.0,"max_hp_gain":0.0,"max_hp_loss":0.0,"gold_gain":0.0,"event_name":"Scrap Ooze","player_choice":"Fled","floor":13.0,"gold_loss":0.0,"damage_taken":0.0},{"damage_healed":0.0,"max_hp_gain":0.0,"max_hp_loss":0.0,"gold_gain":0.0,"event_name":"Masked Bandits","player_choice":"Fought Bandits","floor":19.0,"gold_loss":0.0,"damage_taken":0.0},{"damage_healed":0.0,"max_hp_gain":0.0,"max_hp_loss":0.0,"gold_gain":200.0,"event_name":"Wheel of Change","player_choice":"Gold","floor":20.0,"gold_loss":0.0,"damage_taken":0.0},{"damage_healed":0.0,"max_hp_gain":0.0,"max_hp_loss":0.0,"gold_gain":0.0,"event_name":"WeMeetAgain","player_choice":"Ignored","floor":36.0,"gold_loss":0.0,"damage_taken":0.0},{"damage_healed":0.0,"max_hp_gain":0.0,"max_hp_loss":0.0,"gold_gain":0.0,"event_name":"Tomb of Lord Red Mask","player_choice":"Ignored","floor":38.0,"gold_loss":0.0,"damage_taken":0.0},{"cards_removed":["Poisoned Stab"],"damage_healed":0.0,"max_hp_gain":0.0,"max_hp_loss":0.0,"gold_gain":0.0,"event_name":"Falling","player_choice":"Removed Attack","floor":42.0,"gold_loss":0.0,"damage_taken":0.0},{"damage_healed":0.0,"max_hp_gain":0.0,"max_hp_loss":4.0,"gold_gain":0.0,"event_name":"Winding Halls","player_choice":"Max HP","floor":44.0,"gold_loss":0.0,"damage_taken":0.0},{"damage_healed":0.0,"max_hp_gain":0.0,"max_hp_loss":0.0,"gold_gain":0.0,"event_name":"Upgrade Shrine","player_choice":"Upgraded","floor":48.0,"gold_loss":0.0,"damage_taken":0.0,"cards_upgraded":["Catalyst"]}],"is_beta":false,"boss_relics":[{"not_picked":["Empty Cage","Snecko Eye","Ectoplasm"]},{"not_picked":["Empty Cage","Snecko Eye","Ectoplasm"]}],"items_purged_floors":[10,21,45],"is_endless":false,"potions_floor_spawned":[1,16,19,22,30,31,39,46],"ascension_level":0}