{"gold_per_floor":[109,119,92,167,167,167,183,183,183,199,213,213,240,240,240,317,317,328,268,268,117,134,134,167,167,167,167],"floor_reached":27,"playtime":1139,"items_purged":["Strike_R","Strike_R"],"score":401,"play_id":"313a257c-6eeb-4e8d-a372-37b9b4f5122e","local_time":"20190209010235","is_ascension_mode":true,"campfire_choices":[{"data":"Bash","floor":6,"key":"SMITH"},{"data":"Flex","floor":8,"key":"SMITH"},{"floor":12,"key":"REST"},{"data":"Limit Break","floor":15,"key":"SMITH"},{"data":"PanicButton","floor":23,"key":"SMITH"},{"floor":25,"key":"REST"}],"neow_cost":"NONE","seed_source_timestamp":1436996966822932,"circlet_count":0,"master_deck":["AscendersBane","Strike_R+1","Strike_R+1","Defend_R","Defend_R","Defend_R","Defend_R","Bash+1","Reaper","Pommel Strike","Shrug It Off+1","Flex+1","Limit Break+1","Shrug It Off","Uppercut+1","Feed","PanicButton+1"],"relics":["Burning Blood","The Courier","Whetstone","Sozu","Orichalcum","Shovel"],"potions_floor_usage":[16,24],"damage_taken":[{"damage":13,"enemies":"Small Slimes","floor":1,"turns":5},{"damage":14,"enemies":"Jaw Worm","floor":2,"turns":6},{"damage":0,"enemies":"Cultist","floor":7,"turns":3},{"damage":21,"enemies":"Exordium Wildlife","floor":10,"turns":4},{"damage":10,"enemies":"Red Slaver","floor":11,"turns":3},{"damage":21,"enemies":"3 Sentries","floor":13,"turns":9},{"damage":25,"enemies":"The Guardian","floor":16,"turns":11},{"damage":4,"enemies":"Shell Parasite","floor":18,"turns":4},{"damage":11,"enemies":"Spheric Guardian","floor":22,"turns":5},{"damage":53,"enemies":"Slavers","floor":24,"turns":11},{"damage":86,"enemies":"Gremlin Leader","floor":27,"turns":8}],"seed_played":"-1832687678116968583","potions_obtained":[{"floor":2,"key":"Fire Potion"},{"floor":16,"key":"FearPotion"}],"is_trial":false,"path_per_floor":["M","M","$","?","?","R","M","R","T","M","M","R","E","?","R","B",null,"M","$","?","$","M","R","E","R","T","E"],"character_chosen":"IRONCLAD","items_purchased":["Flex","PanicButton"],"campfire_rested":2,"item_purchase_floors":[3,21],"current_hp_per_floor":[61,57,57,46,39,39,49,49,49,42,46,68,74,74,74,67,73,78,78,78,78,73,73,34,58,58,0],"gold":167,"neow_bonus":"ONE_RANDOM_RARE_CARD","is_prod":false,"is_daily":false,"chose_seed":false,"campfire_upgraded":4,"win_rate":0,"timestamp":1549641755,"path_taken":["M","M","$","?","?","R","M","R","T","M","M","R","E","?","R","BOSS","M","?","?","$","?","R","E","R","T","E"],"build_version":"2019-01-23","purchased_purges":2,"victory":false,"max_hp_per_floor":[75,75,75,75,75,75,75,75,75,75,75,75,75,75,75,75,75,78,78,78,78,78,78,81,81,81,81],"card_choices":[{"not_picked":["Sword Boomerang","Sever Soul"],"picked":"Pommel Strike","floor":1},{"not_picked":["Sever Soul","Armaments"],"picked":"Shrug It Off","floor":2},{"not_picked":["Body Slam","Feel No Pain"],"picked":"Limit Break","floor":7},{"not_picked":["Body Slam","Warcry"],"picked":"Shrug It Off","floor":10},{"not_picked":["Havoc","Headbutt","Shrug It Off"],"picked":"SKIP","floor":11},{"not_picked":["Dropkick","Evolve"],"picked":"Uppercut","floor":13},{"not_picked":["Exhume","Berserk"],"picked":"Feed","floor":16},{"not_picked":["Havoc+1","Wild Strike","Infernal Blade"],"picked":"SKIP","floor":18},{"not_picked":["Rampage","Fire Breathing","Combust"],"picked":"SKIP","floor":22},{"not_picked":["Uppercut+1","Ghostly Armor","Armaments"],"picked":"SKIP","floor":24}],"player_experience":499087,"relics_obtained":[{"floor":9,"key":"The Courier"},{"floor":13,"key":"Whetstone"},{"floor":24,"key":"Orichalcum"},{"floor":26,"key":"Shovel"}],"event_choices":[{"damage_healed":0,"gold_gain":75,"player_choice":"Gather Gold","damage_taken":11,"max_hp_gain":0,"max_hp_loss":0,"event_name":"World of Goop","floor":4,"gold_loss":0},{"cards_removed":["Strike_R"],"damage_healed":0,"gold_gain":0,"player_choice":"Card Removal","damage_taken":7,"max_hp_gain":0,"max_hp_loss":0,"event_name":"Golden Wing","floor":5,"gold_loss":0},{"damage_healed":0,"gold_gain":0,"player_choice":"Upgraded","damage_taken":0,"max_hp_gain":0,"max_hp_loss":0,"event_name":"Upgrade Shrine","floor":14,"gold_loss":0,"cards_upgraded":["Uppercut"]},{"damage_healed":0,"gold_gain":0,"player_choice":"Upgraded","damage_taken":0,"max_hp_gain":0,"max_hp_loss":0,"event_name":"Upgrade Shrine","floor":20,"gold_loss":0,"cards_upgraded":["Shrug It Off"]}],"is_beta":false,"boss_relics":[{"not_picked":["Lizard Tail","Mark of Pain"],"picked":"Sozu"}],"items_purged_floors":[19,21],"is_endless":false,"potions_floor_spawned":[2,16,22,24],"killed_by":"Gremlin Leader","ascension_level":15}