{"gold_per_floor":[113,129,129,0,11,11,41,41,41,41,66,34,34,54,54,159,159,172,172,36,36,36,36,68,68,95,7,24,57,57,77,77,176,176,186,186,186],"floor_reached":37,"playtime":3490,"items_purged":["Survivor","Poisoned Stab"],"score":642,"play_id":"c40d796e-eac3-49bd-8801-78d43451d2f8","local_time":"20190324132928","is_ascension_mode":true,"campfire_choices":[{"data":"Noxious Fumes","floor":6,"key":"SMITH"},{"floor":8,"key":"REST"},{"floor":15,"key":"REST"},{"data":"After Image","floor":23,"key":"SMITH"},{"data":"Footwork","floor":25,"key":"SMITH"},{"data":"Footwork","floor":30,"key":"SMITH"},{"data":"Deadly Poison","floor":32,"key":"SMITH"}],"neow_cost":"NONE","seed_source_timestamp":145248623854663,"circlet_count":0,"master_deck":["AscendersBane","Defend_G+1","Defend_G+1","Defend_G+1","Defend_G+1","Defend_G+1","Neutralize","Noxious Fumes+1","Dagger Spray","Dodge and Roll","After Image+1","Deadly Poison+1","Footwork+1","Deadly Poison+1","Well Laid Plans","Bite","Bite","Bite","Bite","Bite","Backstab+1","Footwork+1"],"relics":["Ring of the Snake","Bag of Marbles","Peace Pipe","Gambling Chip","Smiling Mask","Sozu","Strawberry","Anchor","Oddly Smooth Stone","Velvet Choker"],"potions_floor_usage":[16,16,37],"damage_taken":[{"damage":2,"enemies":"2 Louse","floor":1,"turns":3},{"damage":2,"enemies":"Small Slimes","floor":2,"turns":3},{"damage":2,"enemies":"Jaw Worm","floor":5,"turns":3},{"damage":34,"enemies":"Gremlin Nob","floor":7,"turns":5},{"damage":15,"enemies":"Lagavulin","floor":11,"turns":7},{"damage":9,"enemies":"3 Louse","floor":14,"turns":4},{"damage":17,"enemies":"The Guardian","floor":16,"turns":10},{"damage":17,"enemies":"Shell Parasite","floor":18,"turns":8},{"damage":34,"enemies":"Book of Stabbing","floor":24,"turns":7},{"damage":12,"enemies":"2 Thieves","floor":28,"turns":4},{"damage":8,"enemies":"Gremlin Leader","floor":29,"turns":7},{"damage":0,"enemies":"Centurion and Healer","floor":31,"turns":7},{"damage":56,"enemies":"Champ","floor":33,"turns":14},{"damage":0,"enemies":"Orb Walker","floor":35,"turns":4},{"damage":79,"enemies":"2 Orb Walkers","floor":37,"turns":7}],"seed_played":"-8795392626266313178","potions_obtained":[{"floor":5,"key":"Swift Potion"},{"floor":11,"key":"GamblersBrew"},{"floor":14,"key":"GhostInAJar"}],"is_trial":false,"path_per_floor":["M","M","?","$","M","R","E","R","T","$","E","?","$","M","R","B",null,"M","?","$","?","?","R","E","R","T","$","M","E","R","M","R","B",null,"M","?","?"],"character_chosen":"THE_SILENT","items_purchased":["Noxious Fumes","Dagger Spray","Footwork","Deadly Poison","Footwork"],"campfire_rested":2,"item_purchase_floors":[4,4,20,20,27],"current_hp_per_floor":[61,59,52,52,50,50,16,37,37,37,22,22,22,13,34,17,57,40,40,40,40,40,40,29,29,29,29,25,35,35,55,55,15,46,56,56,0],"gold":186,"neow_bonus":"RANDOM_COMMON_RELIC","is_prod":false,"is_daily":false,"chose_seed":false,"campfire_upgraded":5,"win_rate":0,"timestamp":1553430568,"path_taken":["M","M","?","$","M","R","E","R","T","$","E","?","?","M","R","BOSS","M","?","$","?","?","R","E","R","T","?","M","E","R","?","R","BOSS","M","?","?"],"build_version":"2019-01-23","purchased_purges":2,"victory":false,"max_hp_per_floor":[70,70,70,70,70,70,70,70,70,70,70,70,70,70,70,70,70,70,70,70,70,49,49,56,56,56,56,56,56,56,56,56,56,56,56,56,56],"card_choices":[{"not_picked":["Sucker Punch","Dagger Throw"],"picked":"Poisoned Stab","floor":1},{"not_picked":["Caltrops","Dash","Setup"],"picked":"SKIP","floor":2},{"not_picked":["Acrobatics","Deadly Poison"],"picked":"Dodge and Roll","floor":5},{"not_picked":["Choke","Wraith Form v2","PiercingWail"],"picked":"SKIP","floor":7},{"not_picked":["Catalyst","Quick Slash","Underhanded Strike"],"picked":"SKIP","floor":11},{"not_picked":["Masterful Stab","Blade Dance","Infinite Blades"],"picked":"SKIP","floor":14},{"not_picked":["Wraith Form v2","Burst"],"picked":"After Image","floor":16},{"not_picked":["Flying Knee","Distraction"],"picked":"Deadly Poison+1","floor":18},{"not_picked":["Heel Hook","Phantasmal Killer"],"picked":"Backstab+1","floor":24},{"not_picked":["Finisher+1","Riddle With Holes","Blade Dance"],"picked":"SKIP","floor":28},{"not_picked":["Deflect","Bane","Slice"],"picked":"SKIP","floor":29},{"not_picked":["Outmaneuver+1","Underhanded Strike+1","Concentrate"],"picked":"SKIP","floor":31},{"not_picked":["Tactician+1","Backstab","Cloak And Dagger"],"picked":"SKIP","floor":35}],"player_experience":353040,"relics_obtained":[{"floor":7,"key":"Peace Pipe"},{"floor":9,"key":"Gambling Chip"},{"floor":11,"key":"Smiling Mask"},{"floor":24,"key":"Strawberry"},{"floor":26,"key":"Anchor"},{"floor":29,"key":"Oddly Smooth Stone"}],"event_choices":[{"cards_removed":["Strike_G"],"damage_healed":0,"gold_gain":0,"player_choice":"Card Removal","damage_taken":7,"max_hp_gain":0,"max_hp_loss":0,"event_name":"Golden Wing","floor":3,"gold_loss":0},{"damage_healed":0,"gold_gain":0,"player_choice":"Left Gold","damage_taken":0,"max_hp_gain":0,"max_hp_loss":0,"event_name":"World of Goop","floor":12,"gold_loss":32},{"damage_healed":0,"gold_gain":0,"player_choice":"Simplicity","damage_taken":0,"max_hp_gain":0,"max_hp_loss":0,"event_name":"Back to Basics","floor":19,"gold_loss":0,"cards_upgraded":["Defend_G","Defend_G","Defend_G","Defend_G","Defend_G","Strike_G","Strike_G","Strike_G","Strike_G"]},{"damage_healed":0,"gold_gain":0,"player_choice":"Read","damage_taken":0,"max_hp_gain":0,"max_hp_loss":0,"event_name":"The Library","floor":21,"gold_loss":0,"cards_obtained":["Well Laid Plans"]},{"damage_healed":0,"gold_gain":0,"player_choice":"Became a vampire","damage_taken":0,"max_hp_gain":0,"max_hp_loss":21,"event_name":"Vampires","floor":22,"gold_loss":0,"cards_obtained":["Bite","Bite","Bite","Bite","Bite"]},{"damage_healed":0,"gold_gain":0,"player_choice":"Memory 1","damage_taken":0,"max_hp_gain":0,"max_hp_loss":0,"event_name":"SensoryStone","floor":36,"gold_loss":0},{"damage_healed":0,"gold_gain":0,"player_choice":"Fight","damage_taken":0,"max_hp_gain":0,"max_hp_loss":0,"event_name":"Mysterious Sphere","floor":37,"gold_loss":0}],"is_beta":false,"boss_relics":[{"not_picked":["White Beast Statue","Calling Bell"],"picked":"Sozu"},{"not_picked":["Fusion Hammer","Busted Crown"],"picked":"Velvet Choker"}],"items_purged_floors":[20,27],"is_endless":false,"potions_floor_spawned":[5,11,14,24,28,31],"killed_by":"2 Orb Walkers","ascension_level":10}