{"gold_per_floor":[114,125,23,23,23,23,53,65,65,65,95,113,113,125,125,224,224,236,236,36,53,73,73,73],"floor_reached":24,"playtime":1450,"items_purged":["Strike_G"],"score":347,"play_id":"7039c14d-4366-45bd-af4c-0b09a11d8656","local_time":"20190326182418","is_ascension_mode":true,"campfire_choices":[{"data":"Neutralize","floor":6,"key":"SMITH"},{"floor":15,"key":"REST"},{"floor":23,"key":"REST"}],"neow_cost":"NONE","seed_source_timestamp":1295215069582,"circlet_count":0,"master_deck":["AscendersBane","Defend_G","Defend_G","Defend_G","Defend_G","Defend_G","Strike_G","Strike_G","Strike_G","Strike_G","Survivor","Neutralize+1","Dagger Throw","Burst","Quick Slash","Dagger Spray+1","Sucker Punch+1","Backstab+1","Dodge and Roll+1","Dagger Spray+1","Burst+1","PiercingWail+1"],"relics":["Ring of the Snake","NeowsBlessing","Mummified Hand","Molten Egg 2","Toxic Egg 2","Sozu","Lee\u0027s Waffle"],"potions_floor_usage":[11,11,11],"damage_taken":[{"damage":0,"enemies":"Small Slimes","floor":1,"turns":1},{"damage":0,"enemies":"2 Louse","floor":2,"turns":1},{"damage":0,"enemies":"3 Sentries","floor":7,"turns":1},{"damage":0,"enemies":"Cultist","floor":8,"turns":4},{"damage":17,"enemies":"Gremlin Nob","floor":11,"turns":5},{"damage":4,"enemies":"Looter","floor":12,"turns":3},{"damage":0,"enemies":"Blue Slaver","floor":14,"turns":3},{"damage":60,"enemies":"Slime Boss","floor":16,"turns":13},{"damage":14,"enemies":"2 Thieves","floor":18,"turns":5},{"damage":17,"enemies":"Spheric Guardian","floor":21,"turns":4},{"damage":22,"enemies":"Snake Plant","floor":22,"turns":7},{"damage":7,"enemies":"Centurion and Healer","floor":24,"turns":4}],"seed_played":"-2823300687897366611","potions_obtained":[{"floor":1,"key":"Weak Potion"},{"floor":2,"key":"GamblersBrew"},{"floor":8,"key":"Weak Potion"},{"floor":16,"key":"EssenceOfSteel"}],"is_trial":false,"path_per_floor":["M","M","$","?","?","R","E","M","T","$","E","M","?","M","R","B",null,"M","?","$","M","M","R","M"],"character_chosen":"THE_SILENT","items_purchased":["Quick Slash","Lee\u0027s Waffle"],"campfire_rested":2,"item_purchase_floors":[3,20],"current_hp_per_floor":[63,63,63,63,63,63,63,63,63,63,46,42,42,42,63,3,53,39,39,77,60,38,61,54],"gold":73,"neow_bonus":"THREE_ENEMY_KILL","is_prod":false,"is_daily":false,"chose_seed":false,"campfire_upgraded":1,"win_rate":0,"timestamp":1553642658,"path_taken":["M","M","$","?","?","R","E","M","T","$","E","M","?","M","R","BOSS","M","?","$","M","?","R","M"],"build_version":"2019-01-23","purchased_purges":1,"victory":false,"max_hp_per_floor":[70,70,70,70,70,70,70,70,70,70,70,70,70,70,70,70,70,70,70,77,77,77,77,77],"card_choices":[{"not_picked":["Blade Dance","Slice"],"picked":"Dagger Throw","floor":1},{"not_picked":["Slice","Quick Slash"],"picked":"Burst","floor":2},{"not_picked":["Flying Knee","Flechettes"],"picked":"Dagger Spray","floor":7},{"not_picked":["Backflip","Flying Knee"],"picked":"Sucker Punch","floor":8},{"not_picked":["Dagger Spray+1","Poisoned Stab+1"],"picked":"Backstab+1","floor":11},{"not_picked":["Finisher+1","Deadly Poison+1"],"picked":"Dodge and Roll+1","floor":12},{"not_picked":["Flechettes+1","Outmaneuver+1"],"picked":"Dagger Spray+1","floor":14},{"not_picked":["Tools of the Trade","Storm of Steel+1"],"picked":"Burst+1","floor":16},{"not_picked":["Blade Dance+1","Backflip+1"],"picked":"PiercingWail+1","floor":18},{"not_picked":["Dagger Throw+1","Bouncing Flask+1","Concentrate+1"],"picked":"SKIP","floor":21},{"not_picked":["Riddle With Holes+1","Dagger Throw+1","Outmaneuver+1"],"picked":"SKIP","floor":22}],"player_experience":329566,"relics_obtained":[{"floor":7,"key":"Mummified Hand"},{"floor":9,"key":"Molten Egg 2"},{"floor":11,"key":"Toxic Egg 2"}],"event_choices":[{"damage_healed":0,"gold_gain":0,"player_choice":"Ignored","damage_taken":0,"max_hp_gain":0,"max_hp_loss":0,"event_name":"Liars Game","floor":4,"gold_loss":0},{"damage_healed":0,"gold_gain":0,"player_choice":"Leave","damage_taken":0,"max_hp_gain":0,"max_hp_loss":0,"event_name":"The Cleric","floor":5,"gold_loss":0},{"damage_healed":0,"gold_gain":0,"player_choice":"Grow","damage_taken":0,"max_hp_gain":0,"max_hp_loss":0,"event_name":"Living Wall","floor":13,"gold_loss":0,"cards_upgraded":["Dagger Spray"]},{"damage_healed":0,"gold_gain":0,"player_choice":"Forge","damage_taken":0,"max_hp_gain":0,"max_hp_loss":0,"event_name":"Accursed Blacksmith","floor":19,"gold_loss":0,"cards_upgraded":["Sucker Punch"]}],"is_beta":false,"boss_relics":[{"not_picked":["Velvet Choker","Orrery"],"picked":"Sozu"}],"items_purged_floors":[3],"is_endless":false,"potions_floor_spawned":[1,2,8,16,18],"killed_by":"Centurion and Healer","ascension_level":10}