{"gold_per_floor":[109,109,109,109,122,165,165,165,192,192,227,251,276,307,307,428,428,449,449,449,462,477,477,492,492,492,492,513,513,532,553,553,553],"floor_reached":33,"playtime":1443,"items_purged":[],"score":292,"play_id":"0ff6b340-9a4f-4931-9e63-94095b5fc3bf","local_time":"20190418135346","is_ascension_mode":false,"campfire_choices":[{"data":"Reinforced Body","floor":8,"key":"SMITH"},{"data":"Coolheaded","floor":10,"key":"SMITH"},{"data":"Hologram","floor":15,"key":"SMITH"},{"data":"Tempest","floor":23,"key":"SMITH"},{"data":"Streamline","floor":25,"key":"SMITH"},{"data":"Buffer","floor":27,"key":"SMITH"},{"data":"Chaos","floor":29,"key":"SMITH"},{"floor":32,"key":"REST"}],"neow_cost":"NONE","seed_source_timestamp":15599167211361,"circlet_count":0,"master_deck":["Strike_B","Strike_B","Strike_B","Strike_B","Defend_B","Defend_B","Defend_B","Defend_B","Zap+1","Dualcast+1","Reinforced Body+1","Coolheaded+1","Streamline+1","Hologram+1","Chaos+1","Meteor Strike","Buffer+1","Turbo","Gash","Tempest+1","All For One","Pain","Coolheaded+1","Coolheaded"],"relics":["Cracked Core","NeowsBlessing","Blood Vial","Golden Idol","Ancient Tea Set","Pen Nib","Vajra","Cursed Key","MutagenicStrength","Nloth\u0027s Gift"],"potions_floor_usage":[16],"damage_taken":[{"damage":0,"enemies":"Small Slimes","floor":1,"turns":1},{"damage":0,"enemies":"2 Louse","floor":5,"turns":1},{"damage":0,"enemies":"Gremlin Nob","floor":6,"turns":1},{"damage":6,"enemies":"Lagavulin","floor":11,"turns":8},{"damage":0,"enemies":"Cultist","floor":12,"turns":2},{"damage":0,"enemies":"3 Louse","floor":13,"turns":3},{"damage":20,"enemies":"3 Sentries","floor":14,"turns":9},{"damage":28,"enemies":"Hexaghost","floor":16,"turns":10},{"damage":0,"enemies":"2 Thieves","floor":18,"turns":3},{"damage":0,"enemies":"Spheric Guardian","floor":21,"turns":4},{"damage":24,"enemies":"3 Cultists","floor":22,"turns":6},{"damage":13,"enemies":"Chosen and Byrds","floor":24,"turns":5},{"damage":8,"enemies":"Sentry and Sphere","floor":28,"turns":4},{"damage":3,"enemies":"3 Cultists","floor":30,"turns":3},{"damage":18,"enemies":"Chosen and Byrds","floor":31,"turns":5},{"damage":41,"enemies":"Collector","floor":33,"turns":12}],"seed_played":"3014468320359867","potions_obtained":[{"floor":6,"key":"Fire Potion"},{"floor":12,"key":"Swift Potion"},{"floor":14,"key":"Energy Potion"},{"floor":21,"key":"Ancient Potion"},{"floor":31,"key":"Regen Potion"}],"is_trial":false,"path_per_floor":["M","?","?","?","M","E","?","R","T","R","E","M","M","E","R","B",null,"M","?","?","M","M","R","M","R","T","R","M","R","M","M","R","B"],"character_chosen":"DEFECT","items_purchased":[],"campfire_rested":1,"item_purchase_floors":[],"current_hp_per_floor":[75,68,68,61,63,65,50,50,50,50,46,48,50,32,32,6,75,75,75,75,75,51,51,40,40,40,40,34,34,33,17,39,0],"gold":553,"neow_bonus":"THREE_ENEMY_KILL","is_prod":false,"is_daily":false,"chose_seed":false,"campfire_upgraded":7,"win_rate":0,"timestamp":1555566826,"path_taken":["M","?","?","?","M","E","?","R","T","R","E","M","M","E","R","BOSS","M","?","?","M","M","R","M","R","T","R","M","R","M","M","R","BOSS"],"build_version":"2019-01-23","purchased_purges":0,"victory":false,"max_hp_per_floor":[75,75,75,75,75,75,75,75,75,75,75,75,75,75,75,75,75,75,75,75,75,75,75,75,75,75,75,75,75,75,75,75,75],"card_choices":[{"not_picked":["Go for the Eyes","Compile Driver","Doom and Gloom"],"picked":"SKIP","floor":1},{"not_picked":["Recycle","Aggregate"],"picked":"Reinforced Body","floor":5},{"not_picked":["Rip and Tear","Go for the Eyes"],"picked":"Coolheaded","floor":6},{"not_picked":["Aggregate","Rebound"],"picked":"Streamline","floor":11},{"not_picked":["Compile Driver","Blizzard"],"picked":"Hologram","floor":12},{"not_picked":["Stack","Static Discharge"],"picked":"Chaos","floor":13},{"not_picked":["Go for the Eyes","Lockon"],"picked":"Meteor Strike","floor":14},{"not_picked":["Core Surge","Fission"],"picked":"Buffer","floor":16},{"not_picked":["Conserve Battery","Recycle"],"picked":"Turbo","floor":18},{"not_picked":["Electrodynamics","Redo"],"picked":"Gash","floor":21},{"not_picked":["Glacier+1","Compile Driver"],"picked":"Tempest","floor":22},{"not_picked":["Rebound+1","Beam Cell+1"],"picked":"All For One","floor":24},{"not_picked":["Recycle","Ball Lightning"],"picked":"Coolheaded+1","floor":28},{"not_picked":["Stack","Sweeping Beam","Steam+1"],"picked":"SKIP","floor":30},{"not_picked":["Steam","Genetic Algorithm"],"picked":"Coolheaded","floor":31}],"player_experience":441257,"relics_obtained":[{"floor":6,"key":"Ancient Tea Set"},{"floor":9,"key":"Pen Nib"},{"floor":11,"key":"Dodecahedron"},{"floor":14,"key":"Vajra"}],"event_choices":[{"damage_healed":0,"gold_gain":0,"player_choice":"Success","damage_taken":7,"relics_obtained":["Blood Vial"],"max_hp_gain":0,"max_hp_loss":0,"event_name":"Scrap Ooze","floor":2,"gold_loss":0},{"damage_healed":0,"gold_gain":0,"player_choice":"Take Wound","damage_taken":0,"relics_obtained":["Golden Idol"],"max_hp_gain":0,"max_hp_loss":0,"event_name":"Golden Idol","floor":3,"gold_loss":0,"cards_obtained":["Injury"]},{"cards_removed":["Injury"],"damage_healed":0,"gold_gain":0,"player_choice":"Card Removal","damage_taken":7,"max_hp_gain":0,"max_hp_loss":0,"event_name":"Golden Wing","floor":4,"gold_loss":0},{"damage_healed":0,"gold_gain":0,"player_choice":"Entered Light","damage_taken":15,"max_hp_gain":0,"max_hp_loss":0,"event_name":"Shining Light","floor":7,"gold_loss":0,"cards_upgraded":["Dualcast","Zap"]},{"damage_healed":0,"gold_gain":0,"player_choice":"Inject Mutagens","damage_taken":0,"relics_obtained":["MutagenicStrength"],"max_hp_gain":0,"max_hp_loss":0,"event_name":"Drug Dealer","floor":19,"gold_loss":0},{"damage_healed":0,"gold_gain":0,"player_choice":"Traded Relic","damage_taken":0,"relics_obtained":["Nloth\u0027s Gift"],"max_hp_gain":0,"max_hp_loss":0,"event_name":"N\u0027loth","floor":20,"relics_lost":["Dodecahedron"],"gold_loss":0}],"is_beta":false,"boss_relics":[{"not_picked":["Empty Cage","Coffee Dripper"],"picked":"Cursed Key"}],"items_purged_floors":[],"is_endless":false,"potions_floor_spawned":[6,12,14,21,22,31],"killed_by":"Collector","ascension_level":0}