{"gold_per_floor":[114,114,114,129,129,129,141,141,192,192,203,203,303,82,82,185,185,198,198,198,212,212,212,229,229,256,171,171],"floor_reached":28,"playtime":2272,"items_purged":[],"score":204,"play_id":"4405a68a-b7aa-4afa-868a-517550f3e924","local_time":"20190421145050","is_ascension_mode":false,"campfire_choices":[{"data":"Deadly Poison","floor":6,"key":"SMITH"},{"data":"Neutralize","floor":8,"key":"SMITH"},{"data":"Survivor","floor":10,"key":"SMITH"},{"data":"Well Laid Plans","floor":15,"key":"SMITH"},{"floor":23,"key":"REST"}],"neow_cost":"NONE","seed_source_timestamp":74520376199996,"circlet_count":0,"master_deck":["Defend_G","Defend_G","Defend_G","Defend_G","Defend_G","Strike_G","Strike_G","Strike_G","Strike_G","Survivor+1","Neutralize+1","Deadly Poison+1","Choke","Blur","Well Laid Plans+1","Burst","Necronomicurse","Terror","Deadly Poison+1"],"relics":["Ring of the Snake","PreservedInsect","Pen Nib","Eternal Feather","Necronomicon","MutagenicStrength","Peace Pipe","Bag of Preparation","Incense Burner"],"potions_floor_usage":[16,28],"damage_taken":[{"damage":26,"enemies":"Jaw Worm","floor":1,"turns":11},{"damage":2,"enemies":"Small Slimes","floor":4,"turns":3},{"damage":0,"enemies":"2 Louse","floor":7,"turns":3},{"damage":7,"enemies":"Large Slime","floor":11,"turns":6},{"damage":40,"enemies":"The Guardian","floor":16,"turns":12},{"damage":1,"enemies":"Chosen","floor":18,"turns":6},{"damage":37,"enemies":"3 Byrds","floor":21,"turns":7},{"damage":13,"enemies":"Cultist and Chosen","floor":24,"turns":7},{"damage":37,"enemies":"Masked Bandits","floor":28,"turns":5}],"seed_played":"5590001879049628891","potions_obtained":[{"floor":1,"key":"Block Potion"},{"floor":7,"key":"LiquidBronze"},{"floor":18,"key":"SkillPotion"}],"is_trial":false,"path_per_floor":["M","?","?","M","?","R","M","R","T","R","M","$","?","$","R","B",null,"M","?","?","M","?","R","M","T","T","?","?"],"character_chosen":"THE_SILENT","items_purchased":["Well Laid Plans","Pen Nib"],"campfire_rested":1,"item_purchase_floors":[14,14],"current_hp_per_floor":[44,44,67,65,65,65,65,65,65,65,58,58,58,58,58,18,70,69,56,40,3,3,34,21,21,21,21,0],"gold":171,"neow_bonus":"REMOVE_CARD","is_prod":false,"is_daily":false,"chose_seed":false,"campfire_upgraded":4,"win_rate":0.0,"timestamp":1555872650,"path_taken":["M","?","?","M","?","R","M","R","T","R","M","$","?","$","R","BOSS","M","?","?","M","?","R","M","?","T","?","?"],"build_version":"2019-01-23","purchased_purges":0,"victory":false,"max_hp_per_floor":[70,70,70,70,70,70,70,70,70,70,70,70,70,70,70,70,70,70,75,75,75,75,75,75,75,75,75,75],"card_choices":[{"not_picked":["Tactician","Choke"],"picked":"Deadly Poison","floor":1},{"not_picked":["Acrobatics","Outmaneuver","Crippling Poison"],"picked":"SKIP","floor":4},{"not_picked":["Slice","PiercingWail"],"picked":"Choke","floor":7},{"not_picked":["Crippling Poison","Sucker Punch"],"picked":"Blur","floor":11},{"not_picked":["Night Terror","Venomology"],"picked":"Burst","floor":16},{"not_picked":["Infinite Blades","All Out Attack","Poisoned Stab"],"picked":"SKIP","floor":18},{"not_picked":["Blade Dance","Prepared"],"picked":"Terror","floor":21},{"not_picked":["Flying Knee","Dagger Throw"],"picked":"Deadly Poison+1","floor":24}],"player_experience":14489,"relics_obtained":[{"floor":9,"key":"PreservedInsect"},{"floor":20,"key":"Necronomicon"},{"floor":25,"key":"Peace Pipe"},{"floor":26,"key":"Bag of Preparation"}],"event_choices":[{"damage_healed":0,"gold_gain":0,"player_choice":"Ignored","damage_taken":0,"max_hp_gain":0,"max_hp_loss":0,"event_name":"Golden Wing","floor":2,"gold_loss":0},{"damage_healed":23,"gold_gain":0,"player_choice":"Banana","damage_taken":0,"max_hp_gain":0,"max_hp_loss":0,"event_name":"Big Fish","floor":3,"gold_loss":0},{"damage_healed":0,"gold_gain":0,"player_choice":"Leave","damage_taken":0,"max_hp_gain":0,"max_hp_loss":0,"event_name":"The Cleric","floor":5,"gold_loss":0},{"damage_healed":0,"gold_gain":100,"player_choice":"Pray","damage_taken":0,"max_hp_gain":0,"max_hp_loss":0,"event_name":"Golden Shrine","floor":13,"gold_loss":0},{"damage_healed":0,"gold_gain":0,"player_choice":"Shed Blood","damage_taken":18,"max_hp_gain":5,"max_hp_loss":0,"event_name":"Forgotten Altar","floor":19,"gold_loss":0},{"damage_healed":0,"gold_gain":0,"player_choice":"Obtained Book","damage_taken":16,"max_hp_gain":0,"max_hp_loss":0,"event_name":"Cursed Tome","floor":20,"gold_loss":0},{"damage_healed":0,"gold_gain":0,"player_choice":"Inject Mutagens","damage_taken":0,"relics_obtained":["MutagenicStrength"],"max_hp_gain":0,"max_hp_loss":0,"event_name":"Drug Dealer","floor":22,"gold_loss":0},{"damage_healed":0,"gold_gain":0,"player_choice":"Obtained Relic","damage_taken":0,"relics_obtained":["Incense Burner"],"max_hp_gain":0,"max_hp_loss":0,"event_name":"Addict","floor":27,"gold_loss":85},{"damage_healed":0,"gold_gain":0,"player_choice":"Fought Bandits","damage_taken":0,"max_hp_gain":0,"max_hp_loss":0,"event_name":"Masked Bandits","floor":28,"gold_loss":0}],"is_beta":false,"boss_relics":[{"not_picked":["Calling Bell","Lizard Tail"],"picked":"Eternal Feather"}],"items_purged_floors":[],"is_endless":false,"potions_floor_spawned":[1,7,18],"killed_by":"Masked Bandits","ascension_level":0}