{"gold_per_floor":[115,115,115,64,74,109,109,136,136,154,170,170,205,217,217,315,315,329,60,60,73,91,91,124,124,124,138,138,170,17,29,29,126,126,146,146,3,14,26,26,55,66,66,12,24,49,96,128,140,152],"floor_reached":51,"playtime":2038,"items_purged":[],"score":1200,"play_id":"b11cf65b-7999-4a87-99c7-eb3b93b1c581","local_time":"20190513025919","is_ascension_mode":true,"campfire_choices":[{"data":"Bash","floor":7.0,"key":"SMITH"},{"data":"Armaments","floor":15.0,"key":"SMITH"},{"floor":23.0,"key":"REST"},{"floor":25,"key":"REST"},{"data":"Carnage","floor":28,"key":"SMITH"},{"data":"Limit Break","floor":32,"key":"SMITH"},{"data":"True Grit","floor":40,"key":"SMITH"},{"data":"Double Tap","floor":45,"key":"SMITH"},{"floor":49,"key":"REST"}],"neow_cost":"NONE","seed_source_timestamp":41080777348124,"circlet_count":0,"master_deck":["AscendersBane","Strike_R","Strike_R","Strike_R","Strike_R","Defend_R","Defend_R","Defend_R","Defend_R","Bash+1","Carnage+1","Cleave","Clothesline","Pommel Strike","Headbutt","Armaments+1","Shrug It Off","True Grit+1","Limit Break+1","Metallicize","Trip","Necronomicurse","True Grit","Double Tap+1","Shrug It Off+1","Heavy Blade+1","Immolate","Shockwave+1","Shrug It Off+1","Shame","Flame Barrier"],"special_seed":0,"relics":["Burning Blood","NeowsBlessing","Centennial Puzzle","Happy Flower","Regal Pillow","Matryoshka","Paper Frog","Mark of Pain","Orichalcum","Necronomicon","Self Forming Clay","Sundial","Blue Candle","Pen Nib","Vajra","Cursed Key","Lantern","Meat on the Bone","Ancient Tea Set","MawBank","Smiling Mask","Magic Flower"],"potions_floor_usage":[24,33,47,48,50],"damage_taken":[{"damage":0.0,"enemies":"Jaw Worm","floor":1.0,"turns":1.0},{"damage":0.0,"enemies":"2 Louse","floor":5.0,"turns":1.0},{"damage":0.0,"enemies":"Lagavulin","floor":6.0,"turns":1.0},{"damage":27.0,"enemies":"3 Sentries","floor":8.0,"turns":6.0},{"damage":0.0,"enemies":"Cultist","floor":10.0,"turns":2.0},{"damage":8.0,"enemies":"2 Fungi Beasts","floor":11.0,"turns":3.0},{"damage":17.0,"enemies":"Lagavulin","floor":13.0,"turns":5.0},{"damage":8.0,"enemies":"3 Louse","floor":14.0,"turns":4.0},{"damage":39.0,"enemies":"Slime Boss","floor":16.0,"turns":10.0},{"damage":6.0,"enemies":"Spheric Guardian","floor":18.0,"turns":3.0},{"damage":2.0,"enemies":"Chosen","floor":21.0,"turns":3.0},{"damage":19.0,"enemies":"Centurion and Healer","floor":22.0,"turns":4.0},{"damage":61,"enemies":"Gremlin Leader","floor":24,"turns":5},{"damage":5,"enemies":"Shelled Parasite and Fungi","floor":27,"turns":4},{"damage":15,"enemies":"Slavers","floor":29,"turns":8},{"damage":10,"enemies":"Chosen and Byrds","floor":31,"turns":3},{"damage":25,"enemies":"Automaton","floor":33,"turns":6},{"damage":0,"enemies":"3 Shapes","floor":35,"turns":4},{"damage":11,"enemies":"3 Darklings","floor":38,"turns":3},{"damage":0,"enemies":"Sphere and 2 Shapes","floor":39,"turns":1},{"damage":7,"enemies":"Nemesis","floor":41,"turns":3},{"damage":26,"enemies":"Spire Growth","floor":42,"turns":4},{"damage":1,"enemies":"4 Shapes","floor":46,"turns":4},{"damage":22,"enemies":"Giant Head","floor":47,"turns":6},{"damage":34,"enemies":"Writhing Mass","floor":48,"turns":4},{"damage":48,"enemies":"Donu and Deca","floor":50,"turns":7}],"seed_played":"-8627734215906941516","potions_obtained":[{"floor":1.0,"key":"BloodPotion"},{"floor":11.0,"key":"Poison Potion"},{"floor":14.0,"key":"Dexterity Potion"},{"floor":16.0,"key":"PowerPotion"},{"floor":24,"key":"Poison Potion"},{"floor":29,"key":"Fire Potion"},{"floor":33,"key":"SteroidPotion"},{"floor":35,"key":"Regen Potion"},{"floor":41,"key":"AttackPotion"},{"floor":48,"key":"Weak Potion"}],"is_trial":false,"path_per_floor":["M","?","?","$","M","E","R","E","T","M","M","?","E","M","R","B",null,"M","$","?","M","M","R","E","R","T","M","R","E","$","M","R","B",null,"M","?","$","M","M","R","E","M","T","?","R","M","E","M","R","B",null],"character_chosen":"IRONCLAD","items_purchased":["Cleave","Metallicize","Orichalcum","Trip","Vajra","Lantern"],"campfire_rested":3,"item_purchase_floors":[4,19,19,19,30,37],"current_hp_per_floor":[78,78,71,71,77,80,80,59,59,65,63,63,52,50,50,17,64,64,64,48,52,39,78,23,62,62,63,63,54,54,50,50,31,68,74,74,74,69,75,75,74,54,54,54,54,59,55,48,80,59],"gold":164,"neow_bonus":"THREE_ENEMY_KILL","is_prod":false,"is_daily":false,"chose_seed":false,"campfire_upgraded":6,"win_rate":0,"timestamp":1557709159,"path_taken":["M","?","?","$","M","E","R","E","T","M","M","?","E","?","R","BOSS","M","$","?","M","M","R","E","R","T","M","R","E","$","M","R","BOSS","M","?","$","M","M","R","E","M","T","?","R","M","E","M","R","BOSS"],"build_version":"2019-01-23","purchased_purges":0,"victory":true,"max_hp_per_floor":[80,80,80,80,80,80,80,80,80,80,80,80,80,80,80,80,80,80,80,80,80,80,80,80,80,80,80,80,80,80,80,80,80,80,80,80,80,80,80,80,80,80,80,80,80,80,80,80,80,80],"card_choices":[{"not_picked":["Spot Weakness","Iron Wave"],"picked":"Carnage","floor":1.0},{"not_picked":["Clash","Wild Strike"],"picked":"Clothesline","floor":5.0},{"not_picked":["Warcry","Uppercut"],"picked":"Pommel Strike","floor":6.0},{"not_picked":["Rampage","Brutality"],"picked":"Headbutt","floor":8.0},{"not_picked":["Reckless Charge","Thunderclap"],"picked":"Armaments","floor":10.0},{"not_picked":["Pommel Strike","Warcry"],"picked":"Shrug It Off","floor":11.0},{"not_picked":["Inflame","Armaments"],"picked":"True Grit","floor":13.0},{"not_picked":["Ghostly Armor","Iron Wave","Clothesline"],"picked":"SKIP","floor":14.0},{"not_picked":["Juggernaut","Dark Embrace"],"picked":"Limit Break","floor":16.0},{"not_picked":["Havoc+1","Anger","Cleave"],"picked":"SKIP","floor":18.0},{"not_picked":["Iron Wave","Armaments+1"],"picked":"True Grit","floor":21.0},{"not_picked":["Ghostly Armor","Cleave+1"],"picked":"Double Tap","floor":22.0},{"not_picked":["Clash","Sword Boomerang"],"picked":"Shrug It Off+1","floor":24},{"not_picked":["Corruption","Headbutt","Anger+1"],"picked":"SKIP","floor":27},{"not_picked":["Pummel+1","Headbutt","Shrug It Off"],"picked":"SKIP","floor":29},{"not_picked":["Corruption+1","Clothesline"],"picked":"Heavy Blade+1","floor":31},{"not_picked":["Bludgeon","Dark Embrace"],"picked":"Immolate","floor":33},{"not_picked":["Carnage","Anger","Bloodletting"],"picked":"SKIP","floor":35},{"not_picked":["Iron Wave","Havoc+1","Clash+1"],"picked":"SKIP","floor":38},{"not_picked":["Perfected Strike","Dropkick"],"picked":"Shockwave+1","floor":39},{"not_picked":["Perfected Strike+1","Havoc+1"],"picked":"Shrug It Off+1","floor":41},{"not_picked":["Shrug It Off","Havoc","Perfected Strike+1"],"picked":"SKIP","floor":42},{"not_picked":["Warcry+1","Pommel Strike+1"],"picked":"Flame Barrier","floor":46},{"not_picked":["Bludgeon","Wild Strike+1","Uppercut"],"picked":"SKIP","floor":47},{"not_picked":["Perfected Strike+1","Clash","Shrug It Off"],"picked":"SKIP","floor":48}],"player_experience":628934,"relics_obtained":[{"floor":6.0,"key":"Happy Flower"},{"floor":8.0,"key":"Regal Pillow"},{"floor":9.0,"key":"Matryoshka"},{"floor":13.0,"key":"Paper Frog"},{"floor":20.0,"key":"Necronomicon"},{"floor":24,"key":"Self Forming Clay"},{"floor":26,"key":"Sundial"},{"floor":26,"key":"Blue Candle"},{"floor":29,"key":"Pen Nib"},{"floor":41,"key":"Meat on the Bone"},{"floor":43,"key":"Ancient Tea Set"},{"floor":43,"key":"MawBank"},{"floor":47,"key":"Magic Flower"}],"event_choices":[{"damage_healed":0.0,"max_hp_gain":0.0,"max_hp_loss":0.0,"gold_gain":0.0,"event_name":"Big Fish","player_choice":"Box","floor":2.0,"gold_loss":0.0,"damage_taken":0.0,"relics_obtained":["Centennial Puzzle"],"cards_obtained":["Regret"]},{"cards_removed":["Regret"],"damage_healed":0.0,"max_hp_gain":0.0,"max_hp_loss":0.0,"gold_gain":0.0,"event_name":"Golden Wing","player_choice":"Card Removal","floor":3.0,"gold_loss":0.0,"damage_taken":7.0},{"cards_removed":["Strike_R"],"damage_healed":0.0,"max_hp_gain":0.0,"max_hp_loss":0.0,"gold_gain":0.0,"event_name":"Purifier","player_choice":"Purged","floor":12.0,"gold_loss":0.0,"damage_taken":0.0},{"damage_healed":0.0,"max_hp_gain":0.0,"max_hp_loss":0.0,"gold_gain":0.0,"event_name":"Cursed Tome","player_choice":"Obtained Book","floor":20.0,"gold_loss":0.0,"damage_taken":16.0},{"damage_healed":0,"gold_gain":0,"player_choice":"Ignored","damage_taken":0,"max_hp_gain":0,"max_hp_loss":0,"event_name":"Tomb of Lord Red Mask","floor":36,"gold_loss":0},{"damage_healed":0,"gold_gain":0,"player_choice":"Paid Gold","damage_taken":0,"relics_obtained":["Smiling Mask"],"max_hp_gain":0,"max_hp_loss":0,"event_name":"WeMeetAgain","floor":44,"gold_loss":66}],"is_beta":false,"boss_relics":[{"not_picked":["Calling Bell","Busted Crown"],"picked":"Mark of Pain"},{"not_picked":["Eternal Feather","Orrery"],"picked":"Cursed Key"}],"items_purged_floors":[],"is_endless":false,"potions_floor_spawned":[1,11,14,16,21,24,29,33,35,39,41,48],"ascension_level":11}