{"gold_per_floor":[212,230,9,9,19,19,74,74,99,133,133,98,132,155,155,231,231,241,12,12,24,35,35,63,63,63,90,90,90,90,115,115,190,190,200,30,30,43,58,83,96,96,96,96],"floor_reached":44,"playtime":2217,"items_purged":[],"score":1030,"play_id":"14262f7f-9eaf-4864-b421-2c24a221dc5e","local_time":"20190507174423","is_ascension_mode":true,"campfire_choices":[{"data":"Neutralize","floor":6,"key":"SMITH"},{"floor":8,"key":"REST"},{"data":"Poisoned Stab","floor":11,"key":"SMITH"},{"data":"Strike_G","floor":15,"key":"PURGE"},{"floor":23,"key":"REST"},{"floor":25,"key":"REST"},{"data":"Footwork","floor":28,"key":"SMITH"},{"floor":32,"key":"REST"},{"floor":42,"key":"RECALL"}],"neow_cost":"NONE","seed_source_timestamp":112493648036300,"circlet_count":0,"master_deck":["AscendersBane","Defend_G","Defend_G","Defend_G","Defend_G","Defend_G","Survivor","Neutralize+1","Dagger Throw","Dagger Spray","Poisoned Stab+1","Cloak And Dagger","Escape Plan","Terror","Dagger Spray","Venomology","Bane","Footwork+1","Cloak And Dagger","Cloak And Dagger","Corpse Explosion","Glass Knife","Outmaneuver+1","Burst+1","Leg Sweep","Noxious Fumes","Blur","Backflip+1","Dodge and Roll","Deflect+1"],"relics":["Ring of the Snake","Happy Flower","Tiny Chest","PreservedInsect","Bag of Marbles","Peace Pipe","Odd Mushroom","Velvet Choker","TwistedFunnel","Potion Belt","Question Card","Pen Nib","Oddly Smooth Stone","Astrolabe","Bag of Preparation"],"potions_floor_usage":[7,16,18,18,21,22,24,27,27,33,33,33,38,39,39,39,40,40],"damage_taken":[{"damage":6,"enemies":"Jaw Worm","floor":1,"turns":6},{"damage":0,"enemies":"Small Slimes","floor":2,"turns":4},{"damage":7,"enemies":"2 Louse","floor":5,"turns":4},{"damage":18,"enemies":"Lagavulin","floor":7,"turns":9},{"damage":18,"enemies":"Gremlin Nob","floor":10,"turns":4},{"damage":12,"enemies":"3 Sentries","floor":13,"turns":5},{"damage":7,"enemies":"The Mushroom Lair","floor":14,"turns":4},{"damage":32,"enemies":"The Guardian","floor":16,"turns":12},{"damage":1,"enemies":"Chosen","floor":18,"turns":3},{"damage":15,"enemies":"Colosseum Slavers","floor":20,"turns":4},{"damage":1,"enemies":"3 Byrds","floor":21,"turns":7},{"damage":15,"enemies":"Snake Plant","floor":22,"turns":4},{"damage":14,"enemies":"Gremlin Leader","floor":24,"turns":4},{"damage":11,"enemies":"Book of Stabbing","floor":27,"turns":3},{"damage":49,"enemies":"Collector","floor":33,"turns":10},{"damage":14,"enemies":"3 Darklings","floor":35,"turns":3},{"damage":3,"enemies":"Orb Walker","floor":38,"turns":6},{"damage":11,"enemies":"Transient","floor":39,"turns":6},{"damage":14,"enemies":"Reptomancer","floor":40,"turns":5},{"damage":0,"enemies":"3 Darklings","floor":41,"turns":2},{"damage":86,"enemies":"Giant Head","floor":44,"turns":9}],"seed_played":"3160582021026786981","potions_obtained":[{"floor":1,"key":"Block Potion"},{"floor":7,"key":"SpeedPotion"},{"floor":14,"key":"GhostInAJar"},{"floor":16,"key":"PowerPotion"},{"floor":24,"key":"Poison Potion"},{"floor":27,"key":"Block Potion"},{"floor":33,"key":"LiquidBronze"},{"floor":38,"key":"Swift Potion"},{"floor":39,"key":"SpeedPotion"}],"is_trial":false,"path_per_floor":["M","M","$","?","M","R","E","R","T","E","R","?","E","?","R","B",null,"M","$","?","M","M","R","E","R","T","E","R","?","?","T","R","B",null,"M","$","?","M","M","E","M","R","T","E"],"character_chosen":"THE_SILENT","items_purchased":["Happy Flower","Poisoned Stab","TwistedFunnel","Noxious Fumes","Regen Potion"],"campfire_rested":4,"item_purchase_floors":[3,3,19,36,36],"current_hp_per_floor":[53,53,53,58,51,51,33,54,54,36,36,53,41,34,34,2,54,53,53,38,37,22,43,29,50,50,39,39,39,39,39,60,11,56,42,42,42,53,42,28,28,28,28,0],"gold":96,"neow_bonus":"HUNDRED_GOLD","is_prod":false,"is_daily":false,"chose_seed":false,"campfire_upgraded":3,"win_rate":0,"timestamp":1557218663,"path_taken":["M","M","$","?","M","R","E","R","T","E","R","?","E","?","R","BOSS","M","$","?","M","M","R","E","R","T","E","R","?","?","?","R","BOSS","M","$","?","M","M","E","?","R","T","E"],"build_version":"2019-01-23","purchased_purges":0,"victory":false,"max_hp_per_floor":[66,66,66,71,71,71,71,71,71,71,71,71,71,71,71,71,71,71,71,71,71,71,71,71,71,71,71,71,71,71,71,71,71,71,71,71,71,71,71,71,71,71,71,71],"card_choices":[{"not_picked":["Distraction","Backflip"],"picked":"Dagger Throw","floor":1},{"not_picked":["Escape Plan","Sucker Punch"],"picked":"Dagger Spray","floor":2},{"not_picked":["Accuracy","Poisoned Stab"],"picked":"Cloak And Dagger","floor":5},{"not_picked":["Choke","Blade Dance"],"picked":"Escape Plan","floor":7},{"not_picked":["Reflex","Outmaneuver"],"picked":"Finisher","floor":10},{"not_picked":["Calculated Gamble","Sucker Punch"],"picked":"Terror","floor":13},{"not_picked":["Dodge and Roll","Tools of the Trade"],"picked":"Dagger Spray","floor":14},{"not_picked":["Tools of the Trade","Storm of Steel"],"picked":"Venomology","floor":16},{"not_picked":["Slice","Quick Slash","Underhanded Strike"],"picked":"SKIP","floor":18},{"not_picked":["Finisher+1","Blade Dance","Dagger Throw"],"picked":"SKIP","floor":21},{"not_picked":["Underhanded Strike+1","Blade Dance"],"picked":"Bane","floor":22},{"not_picked":["Reflex","Backstab"],"picked":"Footwork","floor":24},{"not_picked":["Caltrops","Dagger Throw+1","Prepared"],"picked":"Cloak And Dagger","floor":27},{"not_picked":["Bullet Time","Storm of Steel","Tools of the Trade"],"picked":"Glass Knife","floor":33},{"not_picked":["Acrobatics","Terror","Flechettes"],"picked":"Leg Sweep","floor":35},{"not_picked":["Predator","Masterful Stab+1","Blade Dance"],"picked":"Backflip+1","floor":38},{"not_picked":["Setup","Accuracy","Escape Plan+1"],"picked":"Dodge and Roll","floor":39},{"not_picked":["Skewer","Dagger Throw","All Out Attack+1","Slice"],"picked":"SKIP","floor":40},{"not_picked":["Distraction","Prepared+1","Acrobatics"],"picked":"Deflect+1","floor":41}],"player_experience":1265516,"relics_obtained":[{"floor":7,"key":"Tiny Chest"},{"floor":9,"key":"PreservedInsect"},{"floor":10,"key":"Bag of Marbles"},{"floor":13,"key":"Peace Pipe"},{"floor":14,"key":"Odd Mushroom"},{"floor":24,"key":"Potion Belt"},{"floor":26,"key":"Question Card"},{"floor":27,"key":"Pen Nib"},{"floor":31,"key":"Oddly Smooth Stone"},{"floor":40,"key":"Bag of Preparation"}],"event_choices":[{"damage_healed":0,"gold_gain":0,"player_choice":"Donut","damage_taken":0,"max_hp_gain":5,"max_hp_loss":0,"event_name":"Big Fish","floor":4,"gold_loss":0},{"damage_healed":17,"gold_gain":0,"player_choice":"Healed","damage_taken":0,"max_hp_gain":0,"max_hp_loss":0,"event_name":"The Cleric","floor":12,"gold_loss":35},{"damage_healed":0,"gold_gain":0,"player_choice":"Fought Mushrooms","damage_taken":0,"max_hp_gain":0,"max_hp_loss":0,"event_name":"Mushrooms","floor":14,"gold_loss":0},{"damage_healed":0,"gold_gain":0,"player_choice":"Fight","damage_taken":0,"max_hp_gain":0,"max_hp_loss":0,"event_name":"Colosseum","floor":20,"gold_loss":0},{"damage_healed":0,"gold_gain":0,"player_choice":"Fled From Nobs","damage_taken":0,"max_hp_gain":0,"max_hp_loss":0,"event_name":"Colosseum","floor":20,"gold_loss":0},{"damage_healed":0,"gold_gain":0,"cards_transformed":["Strike_G","Strike_G"],"player_choice":"Became Test Subject","damage_taken":0,"max_hp_gain":0,"max_hp_loss":0,"event_name":"Drug Dealer","floor":29,"gold_loss":0,"cards_obtained":["Cloak And Dagger","Corpse Explosion"]},{"damage_healed":0,"gold_gain":0,"player_choice":"Ignored","damage_taken":0,"max_hp_gain":0,"max_hp_loss":0,"event_name":"The Mausoleum","floor":30,"gold_loss":0},{"damage_healed":0,"gold_gain":0,"cards_transformed":["Expertise"],"player_choice":"Transformed","damage_taken":0,"max_hp_gain":0,"max_hp_loss":0,"event_name":"Transmorgrifier","floor":37,"gold_loss":0,"cards_obtained":["Blur"]}],"is_beta":false,"boss_relics":[{"not_picked":["HoveringKite","Sozu"],"picked":"Velvet Choker"},{"not_picked":["Empty Cage","Fusion Hammer"],"picked":"Astrolabe"}],"items_purged_floors":[],"is_endless":false,"potions_floor_spawned":[1,7,14,16,24,27,33,38,39],"killed_by":"Giant Head","ascension_level":20}