{"gold_per_floor":[12,25,41,41,41,41,70,87,163,163,179,54,85,96,96,170,170,180,199,199],"floor_reached":20,"playtime":1141,"items_purged":["Strike_B"],"score":422,"play_id":"64e86d5d-7323-4fb8-ab4a-b230d816d8f6","local_time":"20190425113021","is_ascension_mode":true,"campfire_choices":[{"data":"Zap","floor":6,"key":"SMITH"},{"floor":10,"key":"REST"},{"data":"Redo","floor":15,"key":"SMITH"}],"neow_cost":"NO_GOLD","seed_source_timestamp":44601723867663,"circlet_count":0,"master_deck":["AscendersBane","Strike_B","Strike_B","Strike_B","Defend_B","Defend_B","Defend_B","Defend_B","Zap+1","Dualcast","Echo Form","Gash","Darkness+1","Hologram+1","Redo+1","FTL","Hologram","Steam","Steam","Turbo","Electrodynamics","Cold Snap"],"special_seed":0,"relics":["Cracked Core","WingedGreaves","Gremlin Horn","Regal Pillow","Sozu"],"potions_floor_usage":[7,7,16],"damage_taken":[{"damage":0,"enemies":"2 Louse","floor":1,"turns":1},{"damage":7,"enemies":"Jaw Worm","floor":2,"turns":3},{"damage":0,"enemies":"Cultist","floor":3,"turns":3},{"damage":28,"enemies":"3 Sentries","floor":7,"turns":6},{"damage":0,"enemies":"Red Slaver","floor":8,"turns":3},{"damage":6,"enemies":"Blue Slaver","floor":11,"turns":3},{"damage":0,"enemies":"Lagavulin","floor":13,"turns":4},{"damage":0,"enemies":"Looter","floor":14,"turns":2},{"damage":30,"enemies":"The Guardian","floor":16,"turns":8},{"damage":18,"enemies":"Spheric Guardian","floor":18,"turns":5},{"damage":17,"enemies":"2 Thieves","floor":19,"turns":4},{"damage":22,"enemies":"Snake Plant","floor":20,"turns":5}],"seed_played":"1759574074140684820","potions_obtained":[{"floor":2,"key":"EntropicBrew"},{"floor":7,"key":"GamblersBrew"},{"floor":16,"key":"SteroidPotion"}],"is_trial":false,"path_per_floor":["M","M","M","?","?","R","E","M","T","R","M","$","E","M","R","B",null,"M","M","M"],"character_chosen":"DEFECT","items_purchased":["Steam"],"campfire_rested":1,"item_purchase_floors":[12],"current_hp_per_floor":[64,57,57,57,57,57,29,29,29,50,44,44,44,44,44,14,57,39,22,0],"gold":199,"neow_bonus":"THREE_RARE_CARDS","is_prod":false,"is_daily":false,"chose_seed":false,"campfire_upgraded":2,"win_rate":0,"timestamp":1556184621,"path_taken":["M","M","M","?","?","R","E","?","T","R","M","?","E","M","R","BOSS","M","M","M"],"build_version":"2019-01-23","purchased_purges":1,"victory":false,"max_hp_per_floor":[71,71,71,71,71,71,71,71,71,71,71,71,71,71,71,71,71,71,71,71],"card_choices":[{"not_picked":["Thunder Strike","Meteor Strike"],"picked":"Echo Form","floor":0},{"not_picked":["Redo","Stack"],"picked":"Gash","floor":1},{"not_picked":["Steam","Turbo"],"picked":"Darkness","floor":2},{"not_picked":["Go for the Eyes","Ball Lightning"],"picked":"Hologram","floor":3},{"not_picked":["Gash","Hello World"],"picked":"Redo","floor":7},{"not_picked":["Sweeping Beam","Leap"],"picked":"FTL","floor":8},{"not_picked":["Gash","Reprogram"],"picked":"Hologram","floor":11},{"not_picked":["Sweeping Beam","Darkness"],"picked":"Steam","floor":13},{"not_picked":["Consume","Lockon"],"picked":"Turbo","floor":14},{"not_picked":["Creative AI","Fission"],"picked":"Electrodynamics","floor":16},{"not_picked":["Redo","Static Discharge+1"],"picked":"Cold Snap","floor":18},{"not_picked":["Scrape","Redo+1","Gash+1"],"picked":"SKIP","floor":19}],"player_experience":719493,"relics_obtained":[{"floor":7,"key":"WingedGreaves"},{"floor":9,"key":"Gremlin Horn"},{"floor":13,"key":"Regal Pillow"}],"event_choices":[{"damage_healed":0,"gold_gain":0,"player_choice":"Grow","damage_taken":0,"max_hp_gain":0,"max_hp_loss":0,"event_name":"Living Wall","floor":4,"gold_loss":0,"cards_upgraded":["Darkness"]},{"damage_healed":0,"gold_gain":0,"player_choice":"Upgraded","damage_taken":0,"max_hp_gain":0,"max_hp_loss":0,"event_name":"Upgrade Shrine","floor":5,"gold_loss":0,"cards_upgraded":["Hologram"]}],"is_beta":false,"boss_relics":[{"not_picked":["Astrolabe","Calling Bell"],"picked":"Sozu"}],"items_purged_floors":[12],"is_endless":false,"potions_floor_spawned":[2,7,11,13,14,16],"killed_by":"Snake Plant","ascension_level":20}