{"gold_per_floor":[114,39,39,39,52,84,84,46,71,71,71,246,276,31,31,31],"floor_reached":16,"playtime":396,"items_purged":["Strike_R","Doubt"],"score":155,"play_id":"71454c84-386f-4d1e-8ead-1d313d3c3c11","local_time":"20181230212251","is_ascension_mode":true,"campfire_choices":[{"data":"Thunderclap","floor":11,"key":"SMITH"},{"data":"Flame Barrier","floor":15,"key":"SMITH"}],"neow_cost":"NONE","seed_source_timestamp":14069781193782,"circlet_count":0,"master_deck":["Strike_R","Strike_R","Strike_R+1","Strike_R","Defend_R","Defend_R","Defend_R","Defend_R+1","Bash","Thunderclap+1","Corruption+1","Flame Barrier+1"],"relics":["Burning Blood","NeowsBlessing","Oddly Smooth Stone","Orichalcum","Potion Belt","PreservedInsect","Bag of Preparation"],"potions_floor_usage":[13],"damage_taken":[{"damage":0,"enemies":"Jaw Worm","floor":1,"turns":1},{"damage":0,"enemies":"Small Slimes","floor":5,"turns":1},{"damage":0,"enemies":"Gremlin Nob","floor":6,"turns":1},{"damage":16,"enemies":"3 Sentries","floor":13,"turns":7},{"damage":66,"enemies":"Hexaghost","floor":16,"turns":10}],"seed_played":"-6162486519451840382","potions_obtained":[{"floor":6,"key":"Fire Potion"}],"is_trial":false,"path_per_floor":["M","$","?","?","M","E","?","$","T","?","R","?","E","$","R","B"],"character_chosen":"IRONCLAD","items_purchased":["Corruption","Bag of Preparation"],"campfire_rested":0,"item_purchase_floors":[8,14],"current_hp_per_floor":[80,80,64,64,70,76,76,76,76,76,76,76,66,66,66,0],"gold":31,"neow_bonus":"THREE_ENEMY_KILL","is_prod":false,"is_daily":false,"chose_seed":false,"campfire_upgraded":2,"win_rate":0,"timestamp":1546176171,"path_taken":["M","$","?","?","M","E","?","$","T","?","R","?","E","$","R","BOSS"],"build_version":"2018-12-20","purchased_purges":2,"victory":false,"max_hp_per_floor":[80,80,80,80,80,80,80,80,80,80,80,80,80,80,80,80],"card_choices":[{"not_picked":["Body Slam","Cleave"],"picked":"Thunderclap","floor":1},{"not_picked":["Warcry","Anger","Pummel"],"picked":"SKIP","floor":5},{"not_picked":["Clothesline","Rupture","Ghostly Armor"],"picked":"SKIP","floor":6},{"not_picked":["Havoc","Anger"],"picked":"Flame Barrier","floor":13}],"player_experience":367873,"relics_obtained":[{"floor":6,"key":"Oddly Smooth Stone"},{"floor":9,"key":"Potion Belt"},{"floor":13,"key":"PreservedInsect"}],"event_choices":[{"damage_healed":0,"gold_gain":0,"player_choice":"Entered Light","damage_taken":16,"max_hp_gain":0,"max_hp_loss":0,"event_name":"Shining Light","floor":3,"gold_loss":0,"cards_upgraded":["Defend_R","Strike_R"]},{"damage_healed":0,"gold_gain":0,"player_choice":"Leave","damage_taken":0,"max_hp_gain":0,"max_hp_loss":0,"event_name":"The Cleric","floor":4,"gold_loss":0},{"damage_healed":0,"gold_gain":0,"player_choice":"Searched \u00271\u0027 times","damage_taken":0,"relics_obtained":["Orichalcum"],"max_hp_gain":0,"max_hp_loss":0,"event_name":"Dead Adventurer","floor":7,"gold_loss":0},{"damage_healed":0,"gold_gain":0,"player_choice":"Grow","damage_taken":0,"max_hp_gain":0,"max_hp_loss":0,"event_name":"Living Wall","floor":10,"gold_loss":0,"cards_upgraded":["Corruption"]},{"damage_healed":0,"gold_gain":175,"player_choice":"AGREE","damage_taken":0,"max_hp_gain":0,"max_hp_loss":0,"event_name":"Liars Game","floor":12,"gold_loss":0,"cards_obtained":["Doubt"]}],"is_beta":false,"boss_relics":[],"items_purged_floors":[2,14],"is_endless":false,"potions_floor_spawned":[6],"killed_by":"Hexaghost","ascension_level":4}