{"gold_per_floor":[118,118,118,1,17,17,40,79,79,79,92,92,92,116,116,210,210,229,229,229,14,34,34,46,46,46,46,46,76,76,111,111,186,186,198,253,266,266,51,51,69,98,98,98,98],"floor_reached":45,"playtime":2647,"items_purged":["Writhe"],"score":954,"play_id":"47ededc2-37ef-42c2-94d4-ee777c82cb60","local_time":"20190411105945","is_ascension_mode":true,"campfire_choices":[{"data":"Neutralize","floor":6.0,"key":"SMITH"},{"floor":10.0,"key":"REST"},{"data":"Predator","floor":12.0,"key":"SMITH"},{"data":"Crippling Poison","floor":15.0,"key":"SMITH"},{"data":"Footwork","floor":23.0,"key":"SMITH"},{"data":"Dagger Spray","floor":25.0,"key":"SMITH"},{"floor":27.0,"key":"REST"},{"data":"Caltrops","floor":30.0,"key":"SMITH"},{"floor":32.0,"key":"REST"},{"data":"Wraith Form v2","floor":40,"key":"SMITH"}],"neow_cost":"NONE","seed_source_timestamp":1129659793338892,"circlet_count":0,"master_deck":["AscendersBane","Defend_G","Defend_G","Defend_G","Defend_G","Defend_G","Strike_G","Strike_G+1","Strike_G","Strike_G","Survivor","Neutralize+1","Poisoned Stab","Crippling Poison+1","Caltrops+1","Well Laid Plans","Predator+1","Blur","Backflip","After Image","RitualDagger+1","Deadly Poison","Footwork+1","Dagger Spray+1","Burst","Wraith Form v2+1","Cloak And Dagger","Noxious Fumes","Calculated Gamble","PiercingWail"],"special_seed":0,"relics":["Ring of the Snake","Smiling Mask","Bloody Idol","Shuriken","Mercury Hourglass","Cursed Key","Oddly Smooth Stone","Calipers","Whetstone","Runic Pyramid","Girya","Ancient Tea Set","Meat on the Bone"],"potions_floor_usage":[36,42,45],"damage_taken":[{"damage":0.0,"enemies":"2 Louse","floor":1.0,"turns":5.0},{"damage":10.0,"enemies":"Small Slimes","floor":5.0,"turns":4.0},{"damage":0.0,"enemies":"Cultist","floor":7.0,"turns":4.0},{"damage":35.0,"enemies":"Gremlin Nob","floor":8.0,"turns":5.0},{"damage":1.0,"enemies":"Looter","floor":11.0,"turns":3.0},{"damage":1.0,"enemies":"Large Slime","floor":14.0,"turns":5.0},{"damage":46.0,"enemies":"Slime Boss","floor":16.0,"turns":10.0},{"damage":14.0,"enemies":"2 Thieves","floor":18.0,"turns":5.0},{"damage":3.0,"enemies":"Chosen","floor":22.0,"turns":4.0},{"damage":7.0,"enemies":"Sentry and Sphere","floor":24.0,"turns":8.0},{"damage":6.0,"enemies":"Gremlin Leader","floor":29.0,"turns":5.0},{"damage":17.0,"enemies":"Slavers","floor":31.0,"turns":7.0},{"damage":40,"enemies":"Automaton","floor":33,"turns":15},{"damage":12,"enemies":"3 Darklings","floor":35,"turns":6},{"damage":25,"enemies":"2 Orb Walkers","floor":36,"turns":6},{"damage":2,"enemies":"Orb Walker","floor":37,"turns":5},{"damage":13,"enemies":"Maw","floor":41,"turns":9},{"damage":25,"enemies":"Reptomancer","floor":42,"turns":6},{"damage":10,"enemies":"Transient","floor":45,"turns":3}],"seed_played":"-8324851549218516643","potions_obtained":[{"floor":5.0,"key":"Swift Potion"},{"floor":7.0,"key":"FairyPotion"},{"floor":8.0,"key":"Swift Potion"},{"floor":14.0,"key":"Weak Potion"},{"floor":18.0,"key":"LiquidBronze"},{"floor":22.0,"key":"AttackPotion"},{"floor":29.0,"key":"Fire Potion"},{"floor":35,"key":"Poison Potion"},{"floor":37,"key":"Swift Potion"},{"floor":41,"key":"GamblersBrew"}],"is_trial":false,"path_per_floor":["M","?","?","$","M","R","M","E","T","R","M","R","?","M","R","B",null,"M","?","?","$","M","R","M","R","T","R","$","E","R","E","R","B",null,"M","?","M","?","$","R","M","E","T","T","M"],"character_chosen":"THE_SILENT","items_purchased":["Crippling Poison","Caltrops","Oddly Smooth Stone","Deadly Poison","Ancient Tea Set"],"campfire_rested":3,"item_purchase_floors":[4,4,21,21,39],"current_hp_per_floor":[59,59,59,59,49,49,49,14,14,32,31,31,51,50,50,4,46,32,32,26,26,28,28,26,26,26,44,44,43,43,31,49,14,49,42,22,25,37,37,37,29,9,9,9,0],"gold":98,"neow_bonus":"RANDOM_COMMON_RELIC","is_prod":false,"is_daily":false,"chose_seed":false,"campfire_upgraded":7,"win_rate":0,"timestamp":1554947985,"path_taken":["M","?","?","$","M","R","M","E","T","R","?","R","?","M","R","BOSS","M","?","?","?","M","R","M","R","T","R","$","E","R","E","R","BOSS","M","?","M","?","$","R","M","E","T","?","M"],"build_version":"2019-01-23","purchased_purges":1,"victory":false,"max_hp_per_floor":[66,60,60,60,60,60,60,60,60,60,60,60,60,60,60,60,60,60,60,60,60,60,60,60,60,60,60,60,60,60,60,60,60,60,60,60,60,60,60,60,60,60,60,60,60],"card_choices":[{"not_picked":["Caltrops","Deadly Poison"],"picked":"Poisoned Stab","floor":1.0},{"not_picked":["Poisoned Stab","Tactician"],"picked":"Well Laid Plans","floor":5.0},{"not_picked":["Eviscerate","Outmaneuver","Expertise"],"picked":"SKIP","floor":7.0},{"not_picked":["Quick Slash","Heel Hook"],"picked":"Predator","floor":8.0},{"not_picked":["Choke","Concentrate"],"picked":"Blur","floor":11.0},{"not_picked":["Calculated Gamble","PiercingWail"],"picked":"Backflip","floor":14.0},{"not_picked":["Envenom","Venomology"],"picked":"After Image","floor":16.0},{"not_picked":["Masterful Stab","Accuracy","Flying Knee"],"picked":"SKIP","floor":18.0},{"not_picked":["Crippling Poison+1","Reflex"],"picked":"Footwork","floor":22.0},{"not_picked":["Backflip","Outmaneuver"],"picked":"Dagger Spray","floor":24.0},{"not_picked":["Eviscerate","Poisoned Stab","Accuracy"],"picked":"SKIP","floor":29.0},{"not_picked":["Eviscerate","Poisoned Stab","Accuracy"],"picked":"SKIP","floor":29.0},{"not_picked":["Outmaneuver","Blur"],"picked":"Burst","floor":31.0},{"not_picked":["Storm of Steel","Tools of the Trade"],"picked":"Wraith Form v2","floor":33},{"not_picked":["Deflect","Dagger Spray","Terror"],"picked":"SKIP","floor":35},{"not_picked":["Dodge and Roll","Poisoned Stab"],"picked":"Cloak And Dagger","floor":36},{"not_picked":["Underhanded Strike+1","Flying Knee+1"],"picked":"Noxious Fumes","floor":37},{"not_picked":["Bouncing Flask","Bane"],"picked":"Calculated Gamble","floor":41},{"not_picked":["Blur","Dagger Spray"],"picked":"PiercingWail","floor":42}],"player_experience":888801,"relics_obtained":[{"floor":8.0,"key":"Shuriken"},{"floor":9.0,"key":"Mercury Hourglass"},{"floor":29.0,"key":"Calipers"},{"floor":31.0,"key":"Whetstone"},{"floor":36,"key":"Girya"},{"floor":42,"key":"Meat on the Bone"}],"event_choices":[{"damage_healed":0.0,"max_hp_gain":0.0,"max_hp_loss":6.0,"gold_gain":0.0,"event_name":"Golden Idol","player_choice":"Lose Max HP","floor":2.0,"gold_loss":0.0,"damage_taken":0.0,"relics_obtained":["Golden Idol"]},{"cards_removed":["Strike_G"],"damage_healed":0.0,"max_hp_gain":0.0,"max_hp_loss":0.0,"gold_gain":0.0,"event_name":"Purifier","player_choice":"Purged","floor":3.0,"gold_loss":0.0,"damage_taken":0.0},{"damage_healed":20.0,"max_hp_gain":0.0,"max_hp_loss":0.0,"gold_gain":0.0,"event_name":"Big Fish","player_choice":"Banana","floor":13.0,"gold_loss":0.0,"damage_taken":0.0},{"damage_healed":0.0,"max_hp_gain":0.0,"max_hp_loss":0.0,"gold_gain":0.0,"event_name":"Forgotten Altar","player_choice":"Gave Idol","floor":19.0,"relics_lost":["Golden Idol"],"gold_loss":0.0,"damage_taken":0.0,"relics_obtained":["Bloody Idol"]},{"damage_healed":0.0,"max_hp_gain":0.0,"max_hp_loss":0.0,"gold_gain":0.0,"event_name":"Nest","player_choice":"Joined the Cult","floor":20.0,"gold_loss":0.0,"damage_taken":6.0,"cards_obtained":["RitualDagger"]},{"damage_healed":0,"gold_gain":0,"player_choice":"Fight","damage_taken":0,"max_hp_gain":0,"max_hp_loss":0,"event_name":"Mysterious Sphere","floor":36,"gold_loss":0},{"damage_healed":12,"gold_gain":0,"player_choice":"Writhe","damage_taken":0,"max_hp_gain":0,"max_hp_loss":0,"event_name":"Winding Halls","floor":38,"gold_loss":0,"cards_obtained":["Writhe"]}],"is_beta":false,"boss_relics":[{"not_picked":["Black Star","Fusion Hammer"],"picked":"Cursed Key"},{"not_picked":["Orrery","Sozu"],"picked":"Runic Pyramid"}],"items_purged_floors":[39],"is_endless":false,"potions_floor_spawned":[5,7,8,14,18,22,29,35,37,41],"killed_by":"Transient","ascension_level":20}