{"gold_per_floor":[112,124,124,153,179,191,229,416,428,740,352,352,370,405,405,503,503,523,11,11,11,22,22,22,22,22,22,40,68,83,102,102,199,199,209,5,21,38,50,78,78,112,112,112,122,122],"floor_reached":46,"playtime":3493,"items_purged":["Doubt","Strike_G"],"score":854,"play_id":"f884637f-305b-42c5-b14e-f616e294285a","local_time":"20190404081609","is_ascension_mode":true,"campfire_choices":[{"data":"Neutralize","floor":6,"key":"SMITH"},{"floor":15,"key":"REST"},{"floor":23,"key":"REST"},{"floor":25,"key":"REST"},{"data":"Corpse Explosion","floor":27,"key":"SMITH"},{"floor":32,"key":"REST"},{"floor":41,"key":"REST"},{"floor":44,"key":"REST"}],"neow_cost":"NONE","seed_source_timestamp":895489063917720,"circlet_count":0,"master_deck":["AscendersBane","Defend_G+1","Defend_G+1","Defend_G+1","Defend_G+1","Defend_G+1","Strike_G+1","Survivor","Neutralize+1","Corpse Explosion+1","Dodge and Roll","Poisoned Stab+1","Bane+1","Deflect","Crippling Poison","Backflip","Noxious Fumes+1","Dodge and Roll","Adrenaline","Well Laid Plans+1","Concentrate+1","Dodge and Roll+1","Deflect","Catalyst","After Image+1","Backflip+1","Noxious Fumes+1","Footwork+1"],"relics":["Ring of the Snake","MawBank","Bottled Lightning","PreservedInsect","Old Coin","Frozen Egg 2","StoneCalendar","Empty Cage","Snake Skull","Toy Ornithopter","Ornamental Fan","Prayer Wheel","Ginger","Black Star","Lee\u0027s Waffle","Whetstone","Regal Pillow","Potion Belt","Pantograph","Dodecahedron"],"potions_floor_usage":[7,7,7,16,16,30,31,39,40],"damage_taken":[{"damage":2,"enemies":"Small Slimes","floor":1,"turns":3},{"damage":7,"enemies":"Jaw Worm","floor":2,"turns":5},{"damage":8,"enemies":"2 Louse","floor":4,"turns":3},{"damage":8,"enemies":"Blue Slaver","floor":5,"turns":5},{"damage":9,"enemies":"3 Sentries","floor":7,"turns":4},{"damage":2,"enemies":"2 Fungi Beasts","floor":13,"turns":2},{"damage":15,"enemies":"Lagavulin","floor":14,"turns":6},{"damage":25,"enemies":"Hexaghost","floor":16,"turns":9},{"damage":2,"enemies":"Shell Parasite","floor":18,"turns":7},{"damage":18,"enemies":"Colosseum Slavers","floor":21,"turns":3},{"damage":32,"enemies":"2 Thieves","floor":22,"turns":3},{"damage":13,"enemies":"Centurion and Healer","floor":28,"turns":6},{"damage":26,"enemies":"Gremlin Leader","floor":29,"turns":6},{"damage":3,"enemies":"Shelled Parasite and Fungi","floor":30,"turns":5},{"damage":14,"enemies":"Snake Plant","floor":31,"turns":6},{"damage":11,"enemies":"Automaton","floor":33,"turns":9},{"damage":8,"enemies":"3 Shapes","floor":35,"turns":3},{"damage":4,"enemies":"Orb Walker","floor":37,"turns":7},{"damage":0,"enemies":"Writhing Mass","floor":38,"turns":7},{"damage":32,"enemies":"3 Darklings","floor":39,"turns":7},{"damage":19,"enemies":"Reptomancer","floor":40,"turns":6},{"damage":36,"enemies":"Giant Head","floor":42,"turns":8},{"damage":20,"enemies":"4 Shapes","floor":45,"turns":4},{"damage":77,"enemies":"Transient","floor":46,"turns":3}],"seed_played":"3832354388528858533","potions_obtained":[{"floor":4,"key":"EntropicBrew"},{"floor":5,"key":"PowerPotion"},{"floor":13,"key":"Ancient Potion"},{"floor":28,"key":"FearPotion"},{"floor":30,"key":"Explosive Potion"},{"floor":35,"key":"Strength Potion"},{"floor":37,"key":"Weak Potion"},{"floor":38,"key":"Poison Potion"},{"floor":45,"key":"GamblersBrew"}],"is_trial":false,"path_per_floor":["M","M","?","M","M","R","E","?","T","T","$","?","M","E","R","B",null,"M","$","?","?","M","R","T","R","T","R","M","E","M","M","R","B",null,"M","$","M","M","M","E","R","E","T","R","M","M"],"character_chosen":"THE_SILENT","items_purchased":["Frozen Egg 2","Backflip","Noxious Fumes+1","Snake Skull","Toy Ornithopter","Well Laid Plans+1","Lee\u0027s Waffle"],"campfire_rested":6,"item_purchase_floors":[11,11,11,19,19,19,36],"current_hp_per_floor":[61,54,51,43,35,35,38,38,38,38,38,38,36,21,42,17,57,55,55,55,37,5,26,26,47,47,47,34,8,10,1,22,11,55,47,77,73,73,46,32,70,34,34,72,52,0],"gold":122,"neow_bonus":"ONE_RANDOM_RARE_CARD","is_prod":false,"is_daily":false,"chose_seed":false,"campfire_upgraded":2,"win_rate":0,"timestamp":1554358569,"path_taken":["M","M","?","M","M","R","E","?","T","?","$","?","?","E","R","BOSS","M","$","?","?","?","R","?","R","T","R","M","E","M","M","R","BOSS","M","$","M","M","M","E","R","E","T","R","M","M"],"build_version":"2019-01-23","purchased_purges":2,"victory":false,"max_hp_per_floor":[70,70,70,70,70,70,70,70,70,70,70,70,70,70,70,70,70,70,70,70,70,70,70,70,70,70,70,70,70,70,70,70,70,70,70,77,77,77,77,77,77,77,77,77,77,77],"card_choices":[{"not_picked":["Blade Dance","Dagger Throw"],"picked":"Dodge and Roll","floor":1},{"not_picked":["A Thousand Cuts","Slice"],"picked":"Poisoned Stab","floor":2},{"not_picked":["Slice","Dagger Spray"],"picked":"Bane","floor":4},{"not_picked":["Reflex","Outmaneuver"],"picked":"Deflect","floor":5},{"not_picked":["Tactician","Bouncing Flask"],"picked":"Crippling Poison","floor":7},{"not_picked":["Sucker Punch","Deflect"],"picked":"Dodge and Roll","floor":13},{"not_picked":["Dagger Throw","Expertise","Backflip"],"picked":"SKIP","floor":14},{"not_picked":["Storm of Steel","Phantasmal Killer"],"picked":"Adrenaline","floor":16},{"not_picked":["Sucker Punch","Reflex","Dagger Throw"],"picked":"SKIP","floor":18},{"not_picked":["Masterful Stab","Dash"],"picked":"Concentrate+1","floor":22},{"not_picked":["Blade Dance","Prepared"],"picked":"Dodge and Roll+1","floor":28},{"not_picked":["Sucker Punch","Terror+1","Blade Dance"],"picked":"SKIP","floor":28},{"not_picked":["Bouncing Flask","Noxious Fumes+1","Bullet Time"],"picked":"SKIP","floor":29},{"not_picked":["Flying Knee","Acrobatics"],"picked":"Deflect","floor":30},{"not_picked":["Quick Slash","Slice+1"],"picked":"Catalyst","floor":30},{"not_picked":["Blade Dance","Backflip","Cloak And Dagger"],"picked":"SKIP","floor":31},{"not_picked":["Dagger Spray","Tools of the Trade+1","Calculated Gamble"],"picked":"SKIP","floor":31},{"not_picked":["Storm of Steel","Venomology"],"picked":"After Image+1","floor":33},{"not_picked":["Dagger Spray+1","Distraction"],"picked":"Backflip+1","floor":35},{"not_picked":["Bane","Endless Agony+1","Acrobatics+1"],"picked":"SKIP","floor":35},{"not_picked":["Dagger Throw","Accuracy+1","Outmaneuver"],"picked":"SKIP","floor":37},{"not_picked":["Flying Knee+1","Endless Agony","Underhanded Strike"],"picked":"SKIP","floor":37},{"not_picked":["Phantasmal Killer","Infinite Blades+1"],"picked":"Noxious Fumes+1","floor":38},{"not_picked":["Underhanded Strike","Prepared+1","Tactician+1"],"picked":"SKIP","floor":38},{"not_picked":["Quick Slash+1","Bane+1","Backflip"],"picked":"SKIP","floor":39},{"not_picked":["Slice","Outmaneuver","Blade Dance"],"picked":"SKIP","floor":39},{"not_picked":["Distraction+1","Concentrate","Accuracy+1"],"picked":"SKIP","floor":40},{"not_picked":["Heel Hook","Concentrate+1","Backflip"],"picked":"SKIP","floor":42},{"not_picked":["Expertise","Quick Slash"],"picked":"Footwork+1","floor":45},{"not_picked":["Choke+1","Flying Knee","Poisoned Stab"],"picked":"SKIP","floor":45}],"player_experience":424386,"relics_obtained":[{"floor":7,"key":"Bottled Lightning"},{"floor":9,"key":"PreservedInsect"},{"floor":10,"key":"Old Coin"},{"floor":14,"key":"StoneCalendar"},{"floor":24,"key":"Ornamental Fan"},{"floor":26,"key":"Prayer Wheel"},{"floor":29,"key":"Ginger"},{"floor":40,"key":"Whetstone"},{"floor":40,"key":"Regal Pillow"},{"floor":42,"key":"Potion Belt"},{"floor":42,"key":"Pantograph"},{"floor":43,"key":"Dodecahedron"}],"event_choices":[{"damage_healed":0,"gold_gain":0,"player_choice":"Success","damage_taken":3,"relics_obtained":["MawBank"],"max_hp_gain":0,"max_hp_loss":0,"event_name":"Scrap Ooze","floor":3,"gold_loss":0},{"damage_healed":0,"gold_gain":175,"player_choice":"AGREE","damage_taken":0,"max_hp_gain":0,"max_hp_loss":0,"event_name":"Liars Game","floor":8,"gold_loss":0,"cards_obtained":["Doubt"]},{"cards_removed":["Strike_G"],"damage_healed":0,"gold_gain":0,"player_choice":"Forget","damage_taken":0,"max_hp_gain":0,"max_hp_loss":0,"event_name":"Living Wall","floor":12,"gold_loss":0},{"damage_healed":0,"gold_gain":0,"player_choice":"Simplicity","damage_taken":0,"max_hp_gain":0,"max_hp_loss":0,"event_name":"Back to Basics","floor":20,"gold_loss":0,"cards_upgraded":["Defend_G","Defend_G","Defend_G","Defend_G","Defend_G","Strike_G"]},{"damage_healed":0,"gold_gain":0,"player_choice":"Fight","damage_taken":0,"max_hp_gain":0,"max_hp_loss":0,"event_name":"Colosseum","floor":21,"gold_loss":0},{"damage_healed":0,"gold_gain":0,"player_choice":"Fled From Nobs","damage_taken":0,"max_hp_gain":0,"max_hp_loss":0,"event_name":"Colosseum","floor":21,"gold_loss":0}],"is_beta":false,"boss_relics":[{"not_picked":["Tiny House","Calling Bell"],"picked":"Empty Cage"},{"not_picked":["Ring of the Serpent","Astrolabe"],"picked":"Black Star"}],"items_purged_floors":[11,19],"is_endless":false,"potions_floor_spawned":[4,5,13,28,30,35,37,38,45],"killed_by":"Transient","ascension_level":11}