{"gold_per_floor":[362,378,378,189,202,202,232,232,232,247,262,262],"floor_reached":12,"playtime":623,"items_purged":["Injury"],"score":124,"play_id":"d5cdb54e-9f39-47fb-a92a-9248e85e0ff2","local_time":"20190428203945","is_ascension_mode":true,"campfire_choices":[{"data":"Neutralize","floor":6,"key":"SMITH"}],"neow_cost":"CURSE","seed_source_timestamp":175789970918144,"circlet_count":0,"master_deck":["AscendersBane","Defend_G","Defend_G","Defend_G","Defend_G","Defend_G","Strike_G","Strike_G","Strike_G","Strike_G","Strike_G","Survivor","Neutralize+1","Backflip","Deadly Poison","Well Laid Plans","Poisoned Stab","Dagger Spray","Deflect","Leg Sweep"],"relics":["Ring of the Snake","Gambling Chip"],"potions_floor_usage":[5],"damage_taken":[{"damage":6,"enemies":"Jaw Worm","floor":1,"turns":5},{"damage":0,"enemies":"2 Louse","floor":2,"turns":3},{"damage":6,"enemies":"Cultist","floor":5,"turns":4},{"damage":25,"enemies":"3 Sentries","floor":7,"turns":13},{"damage":4,"enemies":"Red Slaver","floor":10,"turns":4},{"damage":2,"enemies":"2 Fungi Beasts","floor":11,"turns":4},{"damage":51,"enemies":"Gremlin Nob","floor":12,"turns":5}],"seed_played":"-460574889482488864","potions_obtained":[{"floor":2,"key":"Fruit Juice"},{"floor":10,"key":"LiquidBronze"}],"is_trial":false,"path_per_floor":["M","M","?","$","M","R","E","?","T","M","M","E"],"character_chosen":"THE_SILENT","items_purchased":["Well Laid Plans","Poisoned Stab"],"campfire_rested":0,"item_purchase_floors":[4,4],"current_hp_per_floor":[57,57,62,62,61,61,36,36,36,32,30,0],"gold":262,"neow_bonus":"TWO_FIFTY_GOLD","is_prod":false,"is_daily":false,"chose_seed":false,"campfire_upgraded":1,"win_rate":0,"timestamp":1556476785,"path_taken":["M","M","?","$","M","R","E","?","T","?","M","E"],"build_version":"2019-01-23","purchased_purges":1,"victory":false,"max_hp_per_floor":[70,70,75,75,80,80,80,80,80,80,80,80],"card_choices":[{"not_picked":["Tactician","Quick Slash"],"picked":"Backflip","floor":1},{"not_picked":["Leg Sweep","Flying Knee"],"picked":"Deadly Poison","floor":2},{"not_picked":["Backstab","Slice","Storm of Steel"],"picked":"SKIP","floor":5},{"not_picked":["Distraction","Dagger Throw"],"picked":"Dagger Spray","floor":7},{"not_picked":["Dagger Spray","Poisoned Stab"],"picked":"Deflect","floor":10},{"not_picked":["Expertise","Deflect"],"picked":"Leg Sweep","floor":11}],"player_experience":503479,"relics_obtained":[{"floor":7,"key":"Gambling Chip"}],"event_choices":[{"damage_healed":0,"gold_gain":0,"player_choice":"Donut","damage_taken":0,"max_hp_gain":5,"max_hp_loss":0,"event_name":"Big Fish","floor":3,"gold_loss":0},{"damage_healed":0,"gold_gain":0,"player_choice":"Ignored","damage_taken":0,"max_hp_gain":0,"max_hp_loss":0,"event_name":"Shining Light","floor":8,"gold_loss":0}],"is_beta":false,"boss_relics":[],"items_purged_floors":[4],"is_endless":false,"potions_floor_spawned":[2,10],"killed_by":"Gremlin Nob","ascension_level":11}