{"gold_per_floor":[111,122,122,63,63,63,63,63,63,91,91,91,101,117,117,194,194,206,217,142,156,46,46,71,90,143,68,68],"floor_reached":28,"playtime":733,"items_purged":["Strike_B"],"score":472,"play_id":"4b7d8a3c-ba20-45a9-9e12-4d73b3679a79","local_time":"20190420233903","is_ascension_mode":true,"campfire_choices":[{"data":"Zap","floor":6.0,"key":"SMITH"},{"data":"Dualcast","floor":8.0,"key":"SMITH"},{"data":"Scrape","floor":11.0,"key":"SMITH"},{"floor":15.0,"key":"REST"},{"data":"Fusion","floor":23.0,"key":"SMITH"}],"neow_cost":"NONE","seed_source_timestamp":0,"circlet_count":0,"master_deck":["AscendersBane","Strike_B","Strike_B+1","Defend_B+1","Defend_B","Defend_B","Defend_B","Zap+1","Dualcast+1","Double Energy+1","Scrape+1","Rebound","Fission","Compile Driver+1","All For One+1","Leap","Rebound+1","Gash+1","Go for the Eyes+1","Reprogram+1","Fusion+1","Beam Cell+1"],"special_seed":0,"relics":["Cracked Core","Vajra","Molten Egg 2","FossilizedHelix","Orrery","Bottled Lightning","Boot"],"potions_floor_usage":[],"damage_taken":[{"damage":1.0,"enemies":"Cultist","floor":1.0,"turns":3.0},{"damage":3.0,"enemies":"Small Slimes","floor":2.0,"turns":3.0},{"damage":25.0,"enemies":"3 Sentries","floor":10.0,"turns":6.0},{"damage":0.0,"enemies":"2 Louse","floor":13.0,"turns":2.0},{"damage":4.0,"enemies":"Red Slaver","floor":14.0,"turns":3.0},{"damage":14.0,"enemies":"Slime Boss","floor":16.0,"turns":9.0},{"damage":3.0,"enemies":"2 Thieves","floor":18.0,"turns":3.0},{"damage":0.0,"enemies":"Chosen","floor":19.0,"turns":3.0},{"damage":18.0,"enemies":"Snake Plant","floor":21.0,"turns":5.0},{"damage":65.0,"enemies":"Slavers","floor":24.0,"turns":7.0},{"damage":0.0,"enemies":"Centurion and Healer","floor":25.0,"turns":5.0},{"damage":0,"enemies":"Book of Stabbing","floor":28,"turns":1}],"seed_played":"-1120958023253279306","potions_obtained":[{"floor":1.0,"key":"Energy Potion"},{"floor":14.0,"key":"Regen Potion"},{"floor":21.0,"key":"Regen Potion"}],"is_trial":false,"path_per_floor":["M","M","?","$","?","R","?","R","T","E","R","?","M","M","R","B",null,"M","M","?","M","?","R","E","M","T","$","E"],"character_chosen":"DEFECT","items_purchased":["Rebound"],"campfire_rested":1,"item_purchase_floors":[4],"current_hp_per_floor":[63,60,60,60,39,39,56,56,56,31,31,21,21,17,38,24,59,56,56,56,38,38,38,18,18,18,18,18],"gold":68,"neow_bonus":"RANDOM_COMMON_RELIC","is_prod":false,"is_daily":false,"chose_seed":false,"campfire_upgraded":4,"win_rate":0,"timestamp":1555796343,"path_taken":["M","?","?","$","?","R","?","R","T","E","R","?","M","?","R","BOSS","M","M","?","M","?","R","E","?","T","$","E"],"build_version":"2019-01-23","purchased_purges":1,"victory":false,"max_hp_per_floor":[71,71,71,71,71,71,71,71,71,71,71,71,71,71,71,71,71,71,71,68,68,68,68,68,68,68,68,68],"card_choices":[{"not_picked":["BootSequence","Cold Snap"],"picked":"Double Energy","floor":1.0},{"not_picked":["Coolheaded","Beam Cell"],"picked":"Scrape","floor":2.0},{"not_picked":["Ball Lightning+1","Rainbow"],"picked":"Fission","floor":10.0},{"not_picked":["Redo","Rip and Tear+1","Lockon+1"],"picked":"SKIP","floor":13.0},{"not_picked":["Hello World","Redo"],"picked":"Compile Driver+1","floor":14.0},{"not_picked":["Reboot","Electrodynamics"],"picked":"All For One+1","floor":16.0},{"not_picked":["Barrage+1","Ball Lightning+1"],"picked":"Leap","floor":17.0},{"not_picked":["Cold Snap+1","Hologram"],"picked":"Rebound+1","floor":17.0},{"not_picked":["Ball Lightning+1","Coolheaded"],"picked":"Gash+1","floor":17.0},{"not_picked":["Hello World","Compile Driver+1"],"picked":"Go for the Eyes+1","floor":17.0},{"not_picked":["Auto Shields","Leap"],"picked":"Reprogram","floor":18.0},{"not_picked":["Aggregate","Hologram"],"picked":"Fusion","floor":19.0},{"not_picked":["Rip and Tear+1","Ball Lightning+1","Thunder Strike+1"],"picked":"SKIP","floor":21.0},{"not_picked":["Hyperbeam+1","Rebound+1","Lockon+1"],"picked":"SKIP","floor":24.0},{"not_picked":["Hologram","Rebound+1"],"picked":"Beam Cell+1","floor":25.0}],"player_experience":577159,"relics_obtained":[{"floor":9.0,"key":"Molten Egg 2"},{"floor":10.0,"key":"FossilizedHelix"},{"floor":24.0,"key":"Bottled Lightning"},{"floor":26.0,"key":"Boot"}],"event_choices":[{"damage_healed":0.0,"max_hp_gain":0.0,"max_hp_loss":0.0,"gold_gain":0.0,"event_name":"Living Wall","player_choice":"Grow","floor":3.0,"gold_loss":0.0,"damage_taken":0.0,"cards_upgraded":["Double Energy"]},{"damage_healed":0.0,"max_hp_gain":0.0,"max_hp_loss":0.0,"gold_gain":0.0,"event_name":"Shining Light","player_choice":"Entered Light","floor":5.0,"gold_loss":0.0,"damage_taken":21.0,"cards_upgraded":["Strike_B","Defend_B"]},{"damage_healed":17.0,"max_hp_gain":0.0,"max_hp_loss":0.0,"gold_gain":0.0,"event_name":"Mushrooms","player_choice":"Healed and dodged fight","floor":7.0,"gold_loss":0.0,"damage_taken":0.0,"cards_obtained":["Parasite"]},{"damage_healed":0.0,"max_hp_gain":0.0,"max_hp_loss":0.0,"gold_gain":0.0,"event_name":"Wheel of Change","player_choice":"Damaged","floor":12.0,"gold_loss":0.0,"damage_taken":10.0},{"cards_removed":["Parasite"],"damage_healed":0.0,"max_hp_gain":0.0,"max_hp_loss":0.0,"gold_gain":0.0,"event_name":"Beggar","player_choice":"Gave Gold","floor":20.0,"gold_loss":75.0,"damage_taken":0.0},{"cards_removed":["Strike_B"],"damage_healed":0.0,"max_hp_gain":0.0,"max_hp_loss":0.0,"gold_gain":0.0,"event_name":"Designer","player_choice":"Upgrade and Remove","floor":22.0,"gold_loss":110.0,"damage_taken":0.0,"cards_upgraded":["Reprogram"]}],"is_beta":false,"boss_relics":[{"not_picked":["Tiny House","FrozenCore"],"picked":"Orrery"}],"items_purged_floors":[27],"is_endless":false,"potions_floor_spawned":[1,14,21],"killed_by":"Book of Stabbing","ascension_level":20}