{"gold_per_floor":[14,32,52,68,78,78,110,120,198,198,217,217,233,34,34,109,109,127,127,144,144,154,154,172,192,216,216,216,3,3,3,3,78,78,97,97,116,126,126,126,138,150,150,165,181,50,50,50],"floor_reached":48,"playtime":2769,"items_purged":["Strike_B"],"score":880,"play_id":"8c8fc99c-aa51-483f-b88f-d7e7e9613100","local_time":"20190328211318","is_ascension_mode":true,"campfire_choices":[{"data":"Sunder","floor":6.0,"key":"SMITH"},{"floor":12.0,"key":"REST"},{"data":"Zap","floor":15.0,"key":"SMITH"},{"data":"Hologram","floor":23.0,"key":"SMITH"},{"floor":28.0,"key":"REST"},{"data":"The Bomb","floor":30.0,"key":"SMITH"},{"floor":32.0,"key":"REST"},{"floor":40,"key":"REST"},{"floor":47,"key":"REST"}],"neow_cost":"NO_GOLD","seed_source_timestamp":19356658159507,"circlet_count":0,"master_deck":["AscendersBane","Strike_B","Strike_B","Defend_B","Defend_B","Defend_B","Defend_B","Zap+1","Dualcast","Seek+1","Ball Lightning","Sunder+1","Cold Snap","Steam","Coolheaded","Leap","Undo","FTL","Hologram+1","Ball Lightning","The Bomb+1","Core Surge","Consume+1","Self Repair","Chill","Seek+1","Go for the Eyes","Stack"],"special_seed":0,"relics":["FrozenCore","Mercury Hourglass","Bottled Lightning","DataDisk","Orichalcum","Inserter","Pear"],"potions_floor_usage":[38,48,48],"damage_taken":[{"damage":0.0,"enemies":"Jaw Worm","floor":1.0,"turns":3.0},{"damage":3.0,"enemies":"2 Louse","floor":2.0,"turns":3.0},{"damage":9.0,"enemies":"Small Slimes","floor":3.0,"turns":3.0},{"damage":7.0,"enemies":"2 Fungi Beasts","floor":4.0,"turns":2.0},{"damage":10.0,"enemies":"Exordium Wildlife","floor":5.0,"turns":4.0},{"damage":19.0,"enemies":"3 Sentries","floor":7.0,"turns":5.0},{"damage":0.0,"enemies":"3 Louse","floor":8.0,"turns":2.0},{"damage":0.0,"enemies":"Exordium Thugs","floor":11.0,"turns":3.0},{"damage":1.0,"enemies":"Lots of Slimes","floor":13.0,"turns":2.0},{"damage":24.0,"enemies":"Hexaghost","floor":16.0,"turns":12.0},{"damage":1.0,"enemies":"Chosen","floor":18.0,"turns":6.0},{"damage":3.0,"enemies":"2 Thieves","floor":20.0,"turns":3.0},{"damage":4.0,"enemies":"Sentry and Sphere","floor":22.0,"turns":4.0},{"damage":5.0,"enemies":"Snecko","floor":24.0,"turns":4.0},{"damage":11.0,"enemies":"Snake Plant","floor":25.0,"turns":5.0},{"damage":21.0,"enemies":"Colosseum Slavers","floor":27.0,"turns":4.0},{"damage":62.0,"enemies":"Collector","floor":33.0,"turns":9.0},{"damage":0.0,"enemies":"3 Shapes","floor":35.0,"turns":3.0},{"damage":12.0,"enemies":"3 Darklings","floor":37.0,"turns":6.0},{"damage":31,"enemies":"Transient","floor":38,"turns":6},{"damage":7,"enemies":"Spire Growth","floor":41,"turns":7},{"damage":18,"enemies":"Maw","floor":42,"turns":8},{"damage":31,"enemies":"Jaw Worm Horde","floor":44,"turns":3},{"damage":4,"enemies":"4 Shapes","floor":45,"turns":4},{"damage":48,"enemies":"Transient","floor":48,"turns":6}],"seed_played":"5240548990258753375","potions_obtained":[{"floor":1.0,"key":"Swift Potion"},{"floor":8.0,"key":"Block Potion"},{"floor":16.0,"key":"Regen Potion"},{"floor":18.0,"key":"FearPotion"},{"floor":25.0,"key":"Ancient Potion"},{"floor":33.0,"key":"GamblersBrew"},{"floor":41,"key":"Strength Potion"},{"floor":45,"key":"SkillPotion"}],"is_trial":false,"path_per_floor":["M","M","M","M","M","R","E","M","T","?","M","R","M","$","R","B",null,"M","?","M","?","M","R","M","M","T","?","R","$","R","?","R","B",null,"M","?","M","M","?","R","M","M","T","M","M","$","R","M"],"character_chosen":"DEFECT","items_purchased":["DataDisk","FTL","The Bomb","Energy Potion"],"campfire_rested":5,"item_purchase_floors":[14,14,29,46],"current_hp_per_floor":[64,61,52,45,35,35,16,16,16,16,16,37,36,36,36,12,56,55,55,52,52,48,48,43,32,32,23,44,44,44,44,65,3,54,54,54,42,18,18,39,39,28,38,14,10,10,34,0],"gold":50,"neow_bonus":"THREE_RARE_CARDS","is_prod":false,"is_daily":false,"chose_seed":false,"campfire_upgraded":4,"win_rate":0,"timestamp":1553775198,"path_taken":["M","M","M","M","M","R","E","M","T","?","M","R","M","$","R","BOSS","M","?","M","?","M","R","?","M","T","?","R","?","R","?","R","BOSS","M","?","?","M","?","R","?","M","T","M","M","$","R","M"],"build_version":"2019-01-23","purchased_purges":1,"victory":false,"max_hp_per_floor":[71,71,71,71,71,71,71,71,71,71,71,71,71,71,71,71,71,71,71,71,71,71,71,71,71,71,71,71,71,71,71,71,71,71,71,71,71,71,71,71,71,71,81,81,81,81,81,81],"card_choices":[{"not_picked":["Multi-Cast","Thunder Strike"],"picked":"Seek","floor":0.0},{"not_picked":["Reinforced Body","Streamline"],"picked":"Ball Lightning","floor":1.0},{"not_picked":["Scrape","Stack","Streamline"],"picked":"SKIP","floor":2.0},{"not_picked":["Undo","Gash"],"picked":"Sunder","floor":3.0},{"not_picked":["Beam Cell","Double Energy"],"picked":"Cold Snap","floor":4.0},{"not_picked":["Force Field","Stack"],"picked":"Steam","floor":5.0},{"not_picked":["Conserve Battery","Barrage"],"picked":"Coolheaded","floor":7.0},{"not_picked":["Rainbow","Static Discharge"],"picked":"Leap","floor":8.0},{"not_picked":["Sunder","Auto Shields"],"picked":"Undo","floor":11.0},{"not_picked":["Compile Driver","Melter","Blizzard"],"picked":"SKIP","floor":13.0},{"not_picked":["Cold Snap","Leap","Stack"],"picked":"SKIP","floor":18.0},{"not_picked":["Streamline","Steam"],"picked":"Hologram","floor":20.0},{"not_picked":["Turbo","Leap"],"picked":"Ball Lightning","floor":22.0},{"not_picked":["Ball Lightning","Sunder","Barrage"],"picked":"SKIP","floor":24.0},{"not_picked":["Amplify","Sweeping Beam","Hologram"],"picked":"SKIP","floor":25.0},{"not_picked":["Multi-Cast","Seek"],"picked":"Core Surge","floor":33.0},{"not_picked":["Gash","Compile Driver+1"],"picked":"Consume+1","floor":35.0},{"not_picked":["Genetic Algorithm","Hello World"],"picked":"Self Repair","floor":37.0},{"not_picked":["Steam","Reinforced Body"],"picked":"Chill","floor":38},{"not_picked":["Stack","Lockon","Compile Driver"],"picked":"SKIP","floor":41},{"not_picked":["Beam Cell+1","Thunder Strike","Hologram+1"],"picked":"SKIP","floor":42},{"not_picked":["Redo","Conserve Battery"],"picked":"Go for the Eyes","floor":44},{"not_picked":["FTL+1","Barrage"],"picked":"Stack","floor":45}],"player_experience":810943,"relics_obtained":[{"floor":7.0,"key":"Mercury Hourglass"},{"floor":9.0,"key":"Bottled Lightning"},{"floor":26.0,"key":"Orichalcum"},{"floor":43,"key":"Pear"}],"event_choices":[{"damage_healed":0.0,"max_hp_gain":0.0,"max_hp_loss":0.0,"gold_gain":0.0,"event_name":"Shining Light","player_choice":"Ignored","floor":10.0,"gold_loss":0.0,"damage_taken":0.0},{"damage_healed":0.0,"max_hp_gain":0.0,"max_hp_loss":0.0,"gold_gain":0.0,"event_name":"The Mausoleum","player_choice":"Ignored","floor":19.0,"gold_loss":0.0,"damage_taken":0.0},{"damage_healed":0.0,"max_hp_gain":0.0,"max_hp_loss":0.0,"gold_gain":0.0,"event_name":"Accursed Blacksmith","player_choice":"Forge","floor":21.0,"gold_loss":0.0,"damage_taken":0.0,"cards_upgraded":["Seek"]},{"damage_healed":0.0,"max_hp_gain":0.0,"max_hp_loss":0.0,"gold_gain":0.0,"event_name":"Colosseum","player_choice":"Fight","floor":27.0,"gold_loss":0.0,"damage_taken":0.0},{"damage_healed":0.0,"max_hp_gain":0.0,"max_hp_loss":0.0,"gold_gain":0.0,"event_name":"Colosseum","player_choice":"Fled From Nobs","floor":27.0,"gold_loss":0.0,"damage_taken":0.0},{"damage_healed":0.0,"max_hp_gain":0.0,"max_hp_loss":0.0,"gold_gain":0.0,"event_name":"FaceTrader","player_choice":"Leave","floor":31.0,"gold_loss":0.0,"damage_taken":0.0},{"cards_removed":["Strike_B"],"damage_healed":0.0,"max_hp_gain":0.0,"max_hp_loss":0.0,"gold_gain":0.0,"event_name":"Purifier","player_choice":"Purged","floor":36.0,"gold_loss":0.0,"damage_taken":0.0},{"damage_healed":0,"gold_gain":0,"player_choice":"Copied","damage_taken":0,"max_hp_gain":0,"max_hp_loss":0,"event_name":"Duplicator","floor":39,"gold_loss":0,"cards_obtained":["Seek"]}],"is_beta":false,"boss_relics":[{"not_picked":["Philosopher\u0027s Stone","Tiny House"],"picked":"FrozenCore"},{"not_picked":["Fusion Hammer","Snecko Eye"],"picked":"Inserter"}],"items_purged_floors":[46],"is_endless":false,"potions_floor_spawned":[1,8,16,18,25,27,33,37,41,45],"killed_by":"Transient","ascension_level":20}