{"gold_per_floor":[118,193,206,206,356,356,392,392,392,428,408,408,441,456,456,456],"floor_reached":16,"playtime":413,"items_purged":[],"score":268,"play_id":"f2054f3f-4e97-481f-9bde-b4f705a44333","local_time":"20190327230618","is_ascension_mode":true,"campfire_choices":[{"floor":6,"key":"REST"},{"data":"Zap","floor":8,"key":"SMITH"},{"floor":12,"key":"REST"},{"floor":15,"key":"REST"}],"neow_cost":"NONE","seed_source_timestamp":18637151425987,"circlet_count":0,"master_deck":["AscendersBane","Strike_B","Strike_B","Strike_B","Strike_B","Defend_B","Defend_B","Defend_B","Defend_B","Zap+1","Dualcast","Auto Shields","Doubt","Beam Cell","Ball Lightning","Seek","Conserve Battery"],"relics":["Cracked Core","NeowsBlessing","Golden Idol","Art of War","Unceasing Top","Gremlin Horn","Frozen Egg 2"],"potions_floor_usage":[10,13,16],"damage_taken":[{"damage":0,"enemies":"Small Slimes","floor":1,"turns":1},{"damage":0,"enemies":"2 Louse","floor":3,"turns":1},{"damage":0,"enemies":"Gremlin Nob","floor":7,"turns":1},{"damage":30,"enemies":"3 Sentries","floor":10,"turns":11},{"damage":32,"enemies":"Lagavulin","floor":13,"turns":7},{"damage":1,"enemies":"Cultist","floor":14,"turns":3},{"damage":46,"enemies":"Hexaghost","floor":16,"turns":10}],"seed_played":"-4232337483261002414","potions_obtained":[{"floor":7,"key":"GamblersBrew"},{"floor":10,"key":"Regen Potion"},{"floor":11,"key":"SpeedPotion"}],"is_trial":false,"path_per_floor":["M","?","M","?","?","R","E","R","T","E","?","R","E","M","R","B"],"character_chosen":"DEFECT","items_purchased":[],"campfire_rested":3,"item_purchase_floors":[],"current_hp_per_floor":[64,53,53,29,29,50,50,50,50,20,20,41,24,23,44,0],"gold":456,"neow_bonus":"THREE_ENEMY_KILL","is_prod":false,"is_daily":false,"chose_seed":false,"campfire_upgraded":1,"win_rate":0,"timestamp":1553745978,"path_taken":["M","?","M","?","?","R","E","R","T","E","?","R","E","M","R","BOSS"],"build_version":"2019-01-23","purchased_purges":0,"victory":false,"max_hp_per_floor":[71,71,71,71,71,71,71,71,71,71,71,71,71,71,71,71],"card_choices":[{"not_picked":["Hologram","Compile Driver"],"picked":"Auto Shields","floor":1},{"not_picked":["Genetic Algorithm","Turbo","Stack"],"picked":"SKIP","floor":3},{"not_picked":["Rebound","Coolheaded"],"picked":"Beam Cell","floor":7},{"not_picked":["Steam Power","Scrape"],"picked":"Ball Lightning","floor":10},{"not_picked":["Go for the Eyes","Consume"],"picked":"Seek","floor":13},{"not_picked":["Hologram","Rebound"],"picked":"Conserve Battery","floor":14}],"player_experience":1175762,"relics_obtained":[{"floor":7,"key":"Art of War"},{"floor":9,"key":"Unceasing Top"},{"floor":10,"key":"Gremlin Horn"},{"floor":13,"key":"Frozen Egg 2"}],"event_choices":[{"damage_healed":0,"gold_gain":75,"player_choice":"Gather Gold","damage_taken":11,"max_hp_gain":0,"max_hp_loss":0,"event_name":"World of Goop","floor":2,"gold_loss":0},{"damage_healed":0,"gold_gain":0,"player_choice":"Take Damage","damage_taken":24,"relics_obtained":["Golden Idol"],"max_hp_gain":0,"max_hp_loss":0,"event_name":"Golden Idol","floor":4,"gold_loss":0},{"damage_healed":0,"gold_gain":150,"player_choice":"AGREE","damage_taken":0,"max_hp_gain":0,"max_hp_loss":0,"event_name":"Liars Game","floor":5,"gold_loss":0,"cards_obtained":["Doubt"]},{"damage_healed":0,"gold_gain":0,"player_choice":"Bought 1 Potion","damage_taken":0,"max_hp_gain":0,"max_hp_loss":0,"event_name":"The Woman in Blue","floor":11,"gold_loss":0}],"is_beta":false,"boss_relics":[],"items_purged_floors":[],"is_endless":false,"potions_floor_spawned":[7,10],"killed_by":"Hexaghost","ascension_level":18}