{"gold_per_floor":[10,29,45,45,56,386,397,410,410,410,410,425,444,457,457,560,560,572,352,367,380,398,398,410,232,232,232,232],"floor_reached":28,"playtime":2482,"items_purged":["Strike_R","Strike_R"],"score":253,"play_id":"58e9b9dc-c6ee-4169-9c3e-a9e17200dc4c","local_time":"20181001114114","is_ascension_mode":false,"campfire_choices":[{"data":"Bash","floor":10,"key":"SMITH"},{"floor":15,"key":"REST"},{"floor":23,"key":"REST"}],"neow_cost":"NO_GOLD","seed_source_timestamp":509558123489689,"circlet_count":0,"master_deck":["Strike_R","Strike_R","Defend_R","Defend_R","Defend_R","Defend_R","Bash+1","Impervious","Anger","Battle Trance","Shrug It Off","Anger","Anger","Cleave","Bash","Uppercut","Rampage","Fire Breathing","Flex","Demon Form","Metallicize","Flex","Anger","Deep Breath"],"relics":["Burning Blood","Old Coin","Charon\u0027s Ashes","Fusion Hammer","Oddly Smooth Stone","PreservedInsect"],"potions_floor_usage":[16,16,21,24],"damage_taken":[{"damage":1,"enemies":"Jaw Worm","floor":1,"turns":4},{"damage":0,"enemies":"Small Slimes","floor":2,"turns":3},{"damage":5,"enemies":"2 Louse","floor":3,"turns":3},{"damage":10,"enemies":"Lots of Slimes","floor":5,"turns":5},{"damage":32,"enemies":"Lagavulin","floor":6,"turns":8},{"damage":2,"enemies":"Gremlin Gang","floor":7,"turns":6},{"damage":2,"enemies":"Looter","floor":8,"turns":3},{"damage":0,"enemies":"Red Slaver","floor":12,"turns":4},{"damage":1,"enemies":"Gremlin Gang","floor":13,"turns":3},{"damage":5,"enemies":"Lots of Slimes","floor":14,"turns":4},{"damage":50,"enemies":"Hexaghost","floor":16,"turns":8},{"damage":26,"enemies":"2 Thieves","floor":18,"turns":5},{"damage":1,"enemies":"Chosen","floor":20,"turns":4},{"damage":9,"enemies":"Snake Plant","floor":21,"turns":4},{"damage":37,"enemies":"Sentry and Sphere","floor":22,"turns":6},{"damage":11,"enemies":"3 Cultists","floor":24,"turns":4},{"damage":36,"enemies":"Centurion and Healer","floor":28,"turns":6}],"seed_played":"-8340374436647143265","potions_obtained":[{"floor":2,"key":"Fire Potion"},{"floor":12,"key":"Strength Potion"},{"floor":14,"key":"Strength Potion"},{"floor":16,"key":"EssenceOfSteel"},{"floor":18,"key":"Poison Potion"}],"is_trial":false,"path_per_floor":["M","M","M","?","M","E","M","M","T","R","?","M","M","M","R","B",null,"M","$","M","M","M","R","M","$","T","?"],"character_chosen":"IRONCLAD","items_purchased":["Oddly Smooth Stone","Flex","Anger"],"campfire_rested":2,"item_purchase_floors":[19,25,25],"current_hp_per_floor":[80,80,80,73,69,43,47,51,51,51,51,57,62,63,80,36,80,60,60,65,62,31,55,50,50,50,34,0],"gold":232,"neow_bonus":"THREE_RARE_CARDS","is_prod":false,"is_daily":false,"chose_seed":false,"campfire_upgraded":1,"win_rate":0,"timestamp":1538408474,"path_taken":["M","M","M","?","M","E","M","M","T","R","?","M","?","?","R","BOSS","M","$","M","M","M","R","?","$","T","?","?"],"build_version":"2018-09-27","purchased_purges":2,"victory":false,"max_hp_per_floor":[80,80,80,80,80,80,80,80,80,80,80,80,80,80,80,80,80,80,80,80,80,80,80,80,80,80,80,80],"card_choices":[{"not_picked":["Brutality","Limit Break"],"picked":"Impervious","floor":0},{"not_picked":["Clothesline","Reckless Charge"],"picked":"Anger","floor":1},{"not_picked":["Combust","Clash"],"picked":"Battle Trance","floor":2},{"not_picked":["Carnage","Whirlwind","Thunderclap"],"picked":"SKIP","floor":3},{"not_picked":["Armaments","Seeing Red"],"picked":"Shrug It Off","floor":5},{"not_picked":["Headbutt","Dark Embrace"],"picked":"Anger","floor":6},{"not_picked":["Shrug It Off","Armaments"],"picked":"Anger","floor":7},{"not_picked":["Heavy Blade","Shrug It Off"],"picked":"Cleave","floor":8},{"not_picked":["Clothesline","Juggernaut"],"picked":"Rampage","floor":12},{"not_picked":["Twin Strike","Heavy Blade"],"picked":"Fire Breathing","floor":13},{"not_picked":["Power Through","Rampage"],"picked":"Flex","floor":14},{"not_picked":["Barricade","Impervious"],"picked":"Demon Form","floor":16},{"not_picked":["Rampage+1","Entrench","Combust"],"picked":"SKIP","floor":18},{"not_picked":["Shrug It Off","Disarm","Headbutt"],"picked":"SKIP","floor":20},{"not_picked":["Blood for Blood","Hemokinesis+1","Shrug It Off+1"],"picked":"SKIP","floor":21},{"not_picked":["Dual Wield+1","Perfected Strike"],"picked":"Metallicize","floor":22},{"not_picked":["Uppercut+1","True Grit","Warcry"],"picked":"SKIP","floor":24}],"player_experience":22835,"relics_obtained":[{"floor":6,"key":"Old Coin"},{"floor":9,"key":"Charon\u0027s Ashes"},{"floor":26,"key":"PreservedInsect"}],"event_choices":[{"event_name":"Golden Wing","player_choice":"Card Removal","floor":4,"damage_taken":0},{"event_name":"Match and Keep!","player_choice":"2 cards matched","floor":11,"damage_taken":0},{"event_name":"Knowing Skull","player_choice":"CARD ","floor":27,"damage_taken":0}],"is_beta":false,"boss_relics":[{"not_picked":["Snecko Eye","White Beast Statue"],"picked":"Fusion Hammer"}],"items_purged_floors":[19,25],"is_endless":false,"potions_floor_spawned":[2,12,14,16,18,20],"killed_by":"Centurion and Healer","ascension_level":0}