{"gold_per_floor":[117,136,40,55,74,103,103,9,54,35,61,61,76,105,105,182,182,195,2,2,0,0,17,30,30,107,107,107],"floor_reached":28,"playtime":1143,"items_purged":[],"score":448,"play_id":"8f8bffbb-2072-469c-93ef-7b1ab22faad2","local_time":"20190328213942","is_ascension_mode":true,"campfire_choices":[{"floor":7,"key":"REST"},{"floor":12,"key":"REST"},{"floor":15,"key":"REST"},{"floor":25,"key":"REST"}],"neow_cost":"NONE","seed_source_timestamp":99109079619723,"circlet_count":0,"master_deck":["AscendersBane","Zap","Dualcast","Rebound","FTL","Jack Of All Trades","Gash","Gash","Buffer","Hologram","Finesse","Hologram","Chill","Sweeping Beam","Gash","Reboot","Steam","Echo Form","Sweeping Beam","Capacitor","Echo Form","Blizzard","Glacier","Dark Shackles","Conserve Battery","Conserve Battery","Steam Power","Defragment","Cold Snap","Rip and Tear"],"relics":["Cracked Core","The Courier","Juzu Bracelet","Potion Belt","Darkstone Periapt","Pandora\u0027s Box","Frozen Egg 2"],"potions_floor_usage":[6,11,14,14,16,20,20,28],"damage_taken":[{"damage":2,"enemies":"Cultist","floor":1,"turns":4},{"damage":9,"enemies":"2 Louse","floor":2,"turns":3},{"damage":8,"enemies":"Small Slimes","floor":4,"turns":3},{"damage":11,"enemies":"Blue Slaver","floor":5,"turns":4},{"damage":30,"enemies":"Lagavulin","floor":6,"turns":6},{"damage":17,"enemies":"3 Sentries","floor":11,"turns":6},{"damage":11,"enemies":"Exordium Wildlife","floor":13,"turns":4},{"damage":24,"enemies":"Gremlin Nob","floor":14,"turns":4},{"damage":7,"enemies":"The Guardian","floor":16,"turns":11},{"damage":13,"enemies":"3 Byrds","floor":18,"turns":4},{"damage":16,"enemies":"Colosseum Slavers","floor":20,"turns":4},{"damage":19,"enemies":"2 Thieves","floor":23,"turns":4},{"damage":18,"enemies":"Chosen and Byrds","floor":24,"turns":7},{"damage":27,"enemies":"Book of Stabbing","floor":28,"turns":8}],"seed_played":"-5313645125535603155","potions_obtained":[{"floor":4,"key":"SkillPotion"},{"floor":6,"key":"EntropicBrew"},{"floor":13,"key":"Regen Potion"},{"floor":14,"key":"EssenceOfSteel"},{"floor":16,"key":"GamblersBrew"},{"floor":18,"key":"Energy Potion"}],"is_trial":false,"path_per_floor":["M","M","$","M","M","E","R","$","T","$","E","R","M","E","R","B",null,"M","$","?","?","?","M","M","R","T","?","E"],"character_chosen":"DEFECT","items_purchased":["Jack Of All Trades","Hologram","Finesse","Hologram","Dark Shackles","Conserve Battery","Conserve Battery","Steam Power"],"campfire_rested":4,"item_purchase_floors":[3,8,8,10,19,19,19,19],"current_hp_per_floor":[69,60,60,52,41,11,34,34,34,34,17,40,29,17,40,33,67,54,54,38,38,38,19,1,24,24,24,0],"gold":107,"neow_bonus":"TEN_PERCENT_HP_BONUS","is_prod":false,"is_daily":false,"chose_seed":false,"campfire_upgraded":0,"win_rate":0,"timestamp":1553827182,"path_taken":["M","M","$","M","M","E","R","$","T","?","E","R","M","E","R","BOSS","M","?","?","?","?","M","M","R","T","?","E"],"build_version":"2019-01-23","purchased_purges":0,"victory":false,"max_hp_per_floor":[78,78,78,78,78,78,78,78,78,78,78,78,78,78,78,78,78,78,78,78,78,78,78,78,78,78,78,78],"card_choices":[{"not_picked":["Turbo","Fusion"],"picked":"Rebound","floor":1},{"not_picked":["Darkness","Redo"],"picked":"FTL","floor":2},{"not_picked":["Steam","Consume"],"picked":"Gash","floor":4},{"not_picked":["Hologram","Hello World"],"picked":"Gash","floor":5},{"not_picked":["Ball Lightning","Barrage"],"picked":"Buffer","floor":6},{"not_picked":["Steam Power","Chaos"],"picked":"Chill","floor":11},{"not_picked":["Streamline","Redo"],"picked":"Sweeping Beam","floor":13},{"not_picked":["Self Repair","Sweeping Beam"],"picked":"Gash","floor":14},{"not_picked":["Multi-Cast","Meteor Strike"],"picked":"Reboot","floor":16},{"not_picked":["Turbo","Static Discharge"],"picked":"Glacier","floor":18},{"not_picked":["Darkness","Coolheaded"],"picked":"Defragment","floor":23},{"not_picked":["Barrage","Lockon","Consume"],"picked":"SKIP","floor":24}],"player_experience":1182536,"relics_obtained":[{"floor":6,"key":"The Courier"},{"floor":9,"key":"Juzu Bracelet"},{"floor":11,"key":"Potion Belt"},{"floor":14,"key":"Darkstone Periapt"},{"floor":26,"key":"Frozen Egg 2"}],"event_choices":[{"damage_healed":0,"gold_gain":0,"player_choice":"Fight","damage_taken":0,"max_hp_gain":0,"max_hp_loss":0,"event_name":"Colosseum","floor":20,"gold_loss":0},{"damage_healed":0,"gold_gain":0,"player_choice":"Fled From Nobs","damage_taken":0,"max_hp_gain":0,"max_hp_loss":0,"event_name":"Colosseum","floor":20,"gold_loss":0},{"damage_healed":0,"gold_gain":0,"player_choice":"Paid Fearfully","damage_taken":0,"max_hp_gain":0,"max_hp_loss":0,"event_name":"Masked Bandits","floor":21,"gold_loss":2},{"damage_healed":0,"gold_gain":0,"cards_transformed":["Melter","Sunder"],"player_choice":"Became Test Subject","damage_taken":0,"max_hp_gain":0,"max_hp_loss":0,"event_name":"Drug Dealer","floor":27,"gold_loss":0,"cards_obtained":["Cold Snap","Rip and Tear"]}],"is_beta":false,"boss_relics":[{"not_picked":["Philosopher\u0027s Stone","Black Star"],"picked":"Pandora\u0027s Box"}],"items_purged_floors":[],"is_endless":false,"potions_floor_spawned":[4,6,13,14,16,18,20],"killed_by":"Book of Stabbing","ascension_level":18}