{"gold_per_floor":[12,12,12,30,30,30,61,61,88,51,51,83,83,111,111,188,188,207,207,207,36,52,78,78,89,116,116,131,131,145,145,145,222,222,237,256,256,271,271,271,290,304,352,352,352],"floor_reached":45,"playtime":2285,"items_purged":[],"score":878,"play_id":"9fdaae23-7dcb-49ff-916e-f0ab3ad1fd24","local_time":"20190408115118","is_ascension_mode":true,"campfire_choices":[{"data":"Bash","floor":6.0,"key":"SMITH"},{"data":"Hemokinesis","floor":8.0,"key":"SMITH"},{"floor":11.0,"key":"REST"},{"floor":15.0,"key":"REST"},{"data":"True Grit","floor":24.0,"key":"SMITH"},{"data":"Spot Weakness","floor":27.0,"key":"SMITH"},{"data":"Rupture","floor":29.0,"key":"SMITH"},{"floor":32.0,"key":"REST"},{"floor":40.0,"key":"RECALL"},{"floor":44.0,"key":"REST"}],"neow_cost":"NO_GOLD","seed_source_timestamp":874008427393900,"circlet_count":0,"master_deck":["AscendersBane","Bash+1","Heavy Blade+1","Hemokinesis+1","Blood for Blood","Seeing Red","Spot Weakness+1","Iron Wave","Impervious","True Grit+1","Power Through","Shrug It Off","Clothesline+1","Rupture+1","Second Wind","Reaper","Reaper","Power Through","Carnage","Double Tap","Offering","Dual Wield","Whirlwind+1","Spot Weakness","Battle Trance"],"special_seed":0,"relics":["Burning Blood","Pocketwatch","Bag of Marbles","Boot","Lantern","Darkstone Periapt","Odd Mushroom","Sozu","PreservedInsect","Strawberry","Smiling Mask","Pandora\u0027s Box"],"potions_floor_usage":[],"damage_taken":[{"damage":2.0,"enemies":"2 Louse","floor":1.0,"turns":3.0},{"damage":1.0,"enemies":"Cultist","floor":4.0,"turns":3.0},{"damage":34.0,"enemies":"Lagavulin","floor":7.0,"turns":5.0},{"damage":22.0,"enemies":"3 Sentries","floor":12.0,"turns":6.0},{"damage":20.0,"enemies":"The Mushroom Lair","floor":14.0,"turns":3.0},{"damage":43.0,"enemies":"The Guardian","floor":16.0,"turns":11.0},{"damage":21.0,"enemies":"Shell Parasite","floor":18.0,"turns":3.0},{"damage":11.0,"enemies":"3 Byrds","floor":22.0,"turns":5.0},{"damage":14.0,"enemies":"Book of Stabbing","floor":23.0,"turns":4.0},{"damage":9.0,"enemies":"Shelled Parasite and Fungi","floor":25.0,"turns":5.0},{"damage":13.0,"enemies":"Centurion and Healer","floor":28.0,"turns":6.0},{"damage":21.0,"enemies":"Snake Plant","floor":30.0,"turns":3.0},{"damage":46.0,"enemies":"Champ","floor":33.0,"turns":12.0},{"damage":28.0,"enemies":"3 Darklings","floor":35.0,"turns":7.0},{"damage":11.0,"enemies":"3 Shapes","floor":36.0,"turns":9.0},{"damage":43.0,"enemies":"Maw","floor":38.0,"turns":8.0},{"damage":8.0,"enemies":"Sphere and 2 Shapes","floor":41.0,"turns":3.0},{"damage":52.0,"enemies":"Spire Growth","floor":42.0,"turns":5.0},{"damage":84,"enemies":"Reptomancer","floor":45,"turns":3}],"seed_played":"-3385416984299246693","potions_obtained":[{"floor":14.0,"key":"FearPotion"},{"floor":16.0,"key":"Regen Potion"}],"is_trial":false,"path_per_floor":["M","?","?","M","?","R","E","R","T","$","R","E","?","?","R","B",null,"M","?","?","$","M","E","R","M","T","R","M","R","M","?","R","B",null,"M","M","?","M","?","R","M","M","T","R","E"],"character_chosen":"IRONCLAD","items_purchased":["Seeing Red","PreservedInsect"],"campfire_rested":4,"item_purchase_floors":[10,21],"current_hp_per_floor":[72,77,77,80,62,62,34,34,34,34,58,42,42,28,52,15,64,49,65,65,65,60,59,59,56,56,56,49,49,34,34,60,35,74,85,87,87,55,60,60,87,51,51,77,0],"gold":352,"neow_bonus":"ONE_RARE_RELIC","is_prod":false,"is_daily":false,"chose_seed":false,"campfire_upgraded":5,"win_rate":0,"timestamp":1554691878,"path_taken":["M","?","?","?","?","R","E","R","T","$","R","E","?","?","R","BOSS","M","?","?","$","M","E","R","M","T","R","?","R","M","?","R","BOSS","M","M","?","M","?","R","M","?","T","R","E"],"build_version":"2019-01-23","purchased_purges":0,"victory":false,"max_hp_per_floor":[75,80,80,80,80,80,80,80,80,80,80,80,80,80,80,80,80,80,80,80,80,80,87,87,87,87,87,87,87,87,87,87,87,87,87,87,87,87,87,87,87,87,87,87,87],"card_choices":[{"not_picked":["Wild Strike","Rage"],"picked":"Heavy Blade","floor":1.0},{"not_picked":["Entrench","Sentinel"],"picked":"Hemokinesis","floor":4.0},{"not_picked":["Dark Embrace","Flex"],"picked":"Blood for Blood","floor":7.0},{"not_picked":["True Grit","Power Through"],"picked":"Spot Weakness","floor":12.0},{"not_picked":["Clothesline","Pummel"],"picked":"Iron Wave","floor":14.0},{"not_picked":["Exhume","Fiend Fire"],"picked":"Impervious","floor":16.0},{"not_picked":["Twin Strike","Pommel Strike"],"picked":"True Grit","floor":18.0},{"not_picked":["Wild Strike","Second Wind+1"],"picked":"Power Through","floor":22.0},{"not_picked":["Inflame","Fiend Fire"],"picked":"Shrug It Off","floor":23.0},{"not_picked":["Fire Breathing","Iron Wave"],"picked":"Clothesline+1","floor":25.0},{"not_picked":["Heavy Blade","Fire Breathing"],"picked":"Rupture","floor":28.0},{"not_picked":["Carnage","Havoc"],"picked":"Second Wind","floor":30.0},{"not_picked":["Demon Form","Impervious"],"picked":"Reaper","floor":33.0},{"not_picked":["Clothesline","Shrug It Off"],"picked":"Whirlwind+1","floor":35.0},{"not_picked":["Flame Barrier+1","True Grit"],"picked":"Spot Weakness","floor":36.0},{"not_picked":["Flex+1","Sentinel+1"],"picked":"Battle Trance","floor":38.0},{"not_picked":["Dual Wield","Armaments+1","Power Through"],"picked":"SKIP","floor":41.0},{"not_picked":["Flex","Body Slam","Second Wind"],"picked":"SKIP","floor":42.0}],"player_experience":858872,"relics_obtained":[{"floor":7.0,"key":"Boot"},{"floor":9.0,"key":"Lantern"},{"floor":12.0,"key":"Darkstone Periapt"},{"floor":14.0,"key":"Odd Mushroom"},{"floor":23.0,"key":"Strawberry"},{"floor":26.0,"key":"Smiling Mask"}],"event_choices":[{"damage_healed":0.0,"max_hp_gain":5.0,"max_hp_loss":0.0,"gold_gain":0.0,"event_name":"Big Fish","player_choice":"Donut","floor":2.0,"gold_loss":0.0,"damage_taken":0.0},{"cards_removed":["Strike_R"],"damage_healed":0.0,"max_hp_gain":0.0,"max_hp_loss":0.0,"gold_gain":0.0,"event_name":"Purifier","player_choice":"Purged","floor":3.0,"gold_loss":0.0,"damage_taken":0.0},{"damage_healed":0.0,"max_hp_gain":0.0,"max_hp_loss":0.0,"gold_gain":0.0,"event_name":"Scrap Ooze","player_choice":"Success","floor":5.0,"gold_loss":0.0,"damage_taken":18.0,"relics_obtained":["Bag of Marbles"]},{"damage_healed":0.0,"max_hp_gain":0.0,"max_hp_loss":0.0,"gold_gain":0.0,"event_name":"Living Wall","player_choice":"Grow","floor":13.0,"gold_loss":0.0,"damage_taken":0.0,"cards_upgraded":["Heavy Blade"]},{"damage_healed":0.0,"max_hp_gain":0.0,"max_hp_loss":0.0,"gold_gain":0.0,"event_name":"Mushrooms","player_choice":"Fought Mushrooms","floor":14.0,"gold_loss":0.0,"damage_taken":0.0},{"damage_healed":16.0,"max_hp_gain":0.0,"max_hp_loss":0.0,"gold_gain":0.0,"event_name":"The Library","player_choice":"Heal","floor":19.0,"gold_loss":0.0,"damage_taken":0.0},{"damage_healed":0.0,"max_hp_gain":0.0,"max_hp_loss":0.0,"gold_gain":0.0,"event_name":"N\u0027loth","player_choice":"Ignored","floor":20.0,"gold_loss":0.0,"damage_taken":0.0},{"damage_healed":0.0,"max_hp_gain":0.0,"max_hp_loss":0.0,"gold_gain":0.0,"event_name":"FaceTrader","player_choice":"Leave","floor":31.0,"gold_loss":0.0,"damage_taken":0.0},{"cards_removed":["Combust"],"damage_healed":0.0,"max_hp_gain":0.0,"max_hp_loss":0.0,"gold_gain":0.0,"event_name":"Falling","player_choice":"Removed Power","floor":37.0,"gold_loss":0.0,"damage_taken":0.0},{"cards_removed":["Clash"],"damage_healed":5.0,"max_hp_gain":0.0,"max_hp_loss":0.0,"gold_gain":0.0,"event_name":"Bonfire Elementals","player_choice":"Offered Common","floor":39.0,"gold_loss":0.0,"damage_taken":0.0},{"cards_removed":["Clash"],"damage_healed":5.0,"max_hp_gain":0.0,"max_hp_loss":0.0,"gold_gain":0.0,"event_name":"Bonfire Elementals","player_choice":"Offered Special","floor":39.0,"gold_loss":0.0,"damage_taken":0.0}],"is_beta":false,"boss_relics":[{"not_picked":["Ectoplasm","Mark of Pain"],"picked":"Sozu"},{"not_picked":["Empty Cage","Velvet Choker"],"picked":"Pandora\u0027s Box"}],"items_purged_floors":[],"is_endless":false,"potions_floor_spawned":[14,16,22,23,28,38],"killed_by":"Reptomancer","ascension_level":20}