{"gold_per_floor":[112,132,132,148,159,159,193,193,193,193,26,26,26,59,59,59],"floor_reached":16,"playtime":428,"items_purged":["Regret"],"score":216,"play_id":"924fe831-49c2-4865-b015-7f8965368c0e","local_time":"20190512155909","is_ascension_mode":true,"campfire_choices":[{"data":"Bash","floor":6,"key":"SMITH"},{"data":"Armaments","floor":8,"key":"SMITH"},{"data":"Uppercut","floor":13,"key":"SMITH"},{"data":"True Grit","floor":15,"key":"SMITH"}],"neow_cost":"NONE","seed_source_timestamp":539960049208299,"circlet_count":0,"master_deck":["AscendersBane","Strike_R","Strike_R","Strike_R","Strike_R","Strike_R","Defend_R","Defend_R","Defend_R","Defend_R","Bash+1","Pommel Strike","Armaments+1","Shrug It Off","Headbutt","Uppercut+1","True Grit","True Grit+1"],"relics":["Burning Blood","Bag of Marbles","Red Skull","Mummified Hand","Unceasing Top","Self Forming Clay"],"potions_floor_usage":[7,14,16],"damage_taken":[{"damage":6,"enemies":"2 Louse","floor":1,"turns":3},{"damage":1,"enemies":"Cultist","floor":2,"turns":3},{"damage":0,"enemies":"Small Slimes","floor":4,"turns":2},{"damage":0,"enemies":"2 Fungi Beasts","floor":5,"turns":4},{"damage":8,"enemies":"Gremlin Nob","floor":7,"turns":3},{"damage":21,"enemies":"3 Sentries","floor":14,"turns":11},{"damage":64,"enemies":"Hexaghost","floor":16,"turns":9}],"seed_played":"5953739978311668731","potions_obtained":[{"floor":1,"key":"SteroidPotion"},{"floor":4,"key":"Regen Potion"},{"floor":12,"key":"Weak Potion"}],"is_trial":false,"path_per_floor":["M","M","?","M","M","R","E","R","T","?","$","?","R","E","R","B"],"character_chosen":"IRONCLAD","items_purchased":["Uppercut","True Grit"],"campfire_rested":0,"item_purchase_floors":[11,11],"current_hp_per_floor":[68,73,73,75,75,75,73,73,73,73,73,73,73,58,58,0],"gold":59,"neow_bonus":"RANDOM_COMMON_RELIC","is_prod":false,"is_daily":false,"chose_seed":false,"campfire_upgraded":4,"win_rate":0,"timestamp":1557644349,"path_taken":["M","M","?","M","M","R","E","R","T","?","$","?","R","E","R","BOSS"],"build_version":"2019-01-23","purchased_purges":1,"victory":false,"max_hp_per_floor":[75,75,75,75,75,75,75,75,75,75,75,75,75,75,75,75],"card_choices":[{"not_picked":["Rampage","Headbutt"],"picked":"Pommel Strike","floor":1},{"not_picked":["Clash","Iron Wave"],"picked":"Armaments","floor":2},{"not_picked":["Flame Barrier","Heavy Blade"],"picked":"Shrug It Off","floor":4},{"not_picked":["Corruption","Warcry"],"picked":"Headbutt","floor":5},{"not_picked":["Berserk","Heavy Blade","Havoc"],"picked":"SKIP","floor":7},{"not_picked":["Armaments","Thunderclap"],"picked":"True Grit","floor":14}],"player_experience":1355299,"relics_obtained":[{"floor":7,"key":"Red Skull"},{"floor":9,"key":"Mummified Hand"},{"floor":14,"key":"Self Forming Clay"}],"event_choices":[{"damage_healed":0,"gold_gain":0,"player_choice":"Ignored","damage_taken":0,"max_hp_gain":0,"max_hp_loss":0,"event_name":"Liars Game","floor":3,"gold_loss":0},{"damage_healed":0,"gold_gain":0,"player_choice":"Box","damage_taken":0,"relics_obtained":["Unceasing Top"],"max_hp_gain":0,"max_hp_loss":0,"event_name":"Big Fish","floor":10,"gold_loss":0,"cards_obtained":["Regret"]},{"damage_healed":0,"gold_gain":0,"player_choice":"Got Potions","damage_taken":0,"max_hp_gain":0,"max_hp_loss":0,"event_name":"Lab","floor":12,"gold_loss":0}],"is_beta":false,"boss_relics":[],"items_purged_floors":[11],"is_endless":false,"potions_floor_spawned":[1,4],"killed_by":"Hexaghost","ascension_level":20}