{"gold_per_floor":[211,223,113,63,63,95,107,107,183,200,200,10,26,53,53,155,155,165,90,90,90,101,126,126,87,87,87,97,97,97,128,128,226,226,246,468,468],"floor_reached":37,"playtime":2180,"items_purged":["Strike_B","Strike_B"],"score":443,"play_id":"b05197f1-959b-444e-a24b-77778f087b30","local_time":"20181208202710","is_ascension_mode":false,"campfire_choices":[{"data":"Zap","floor":8,"key":"SMITH"},{"data":"Chaos","floor":11,"key":"SMITH"},{"data":"Defragment","floor":15,"key":"SMITH"},{"data":"Defragment","floor":24,"key":"SMITH"},{"data":"Creative AI","floor":27,"key":"SMITH"},{"data":"Reinforced Body","floor":30,"key":"SMITH"},{"data":"Go for the Eyes","floor":32,"key":"SMITH"}],"neow_cost":"NONE","seed_source_timestamp":845315720765893,"circlet_count":0,"master_deck":["Strike_B+1","Defend_B+1","Defend_B+1","Defend_B+1","Zap+1","Dualcast","Chaos+1","Recycle","Cold Snap","Defragment+1","Coolheaded","Go for the Eyes+1","Defragment+1","Creative AI+1","Blizzard+1","Reinforced Body+1","Chill+1","Seek","Chill+1"],"relics":["Cracked Core","NlothsMask","Bag of Preparation","Gremlin Horn","Sozu","Centennial Puzzle","Red Mask","Nuclear Battery"],"potions_floor_usage":[6,14,14],"damage_taken":[{"damage":1,"enemies":"Jaw Worm","floor":1,"turns":3},{"damage":1,"enemies":"Cultist","floor":2,"turns":3},{"damage":21,"enemies":"3 Sentries","floor":6,"turns":8},{"damage":10,"enemies":"2 Louse","floor":7,"turns":3},{"damage":11,"enemies":"Large Slime","floor":10,"turns":6},{"damage":3,"enemies":"Looter","floor":13,"turns":2},{"damage":5,"enemies":"Gremlin Nob","floor":14,"turns":3},{"damage":21,"enemies":"Hexaghost","floor":16,"turns":11},{"damage":7,"enemies":"Chosen","floor":18,"turns":6},{"damage":18,"enemies":"3 Byrds","floor":22,"turns":4},{"damage":2,"enemies":"Book of Stabbing","floor":23,"turns":5},{"damage":3,"enemies":"Centurion and Healer","floor":28,"turns":4},{"damage":2,"enemies":"Masked Bandits","floor":31,"turns":4},{"damage":0,"enemies":"Champ","floor":33,"turns":10},{"damage":0,"enemies":"3 Darklings","floor":35,"turns":4},{"damage":87,"enemies":"2 Orb Walkers","floor":37,"turns":9}],"seed_played":"600916926875479488","potions_obtained":[{"floor":1,"key":"Fire Potion"},{"floor":2,"key":"FocusPotion"},{"floor":10,"key":"Regen Potion"},{"floor":14,"key":"SteroidPotion"},{"floor":16,"key":"Strength Potion"}],"is_trial":false,"path_per_floor":["M","M","$","?","?","E","M","R","T","M","R","$","M","E","R","B",null,"M","?","?","$","M","E","R","$","T","R","M","$","R","?","R","B",null,"M","?","?"],"character_chosen":"DEFECT","items_purchased":["Chaos","Defragment","Coolheaded","Reinforced Body"],"campfire_rested":0,"item_purchase_floors":[3,12,12,25],"current_hp_per_floor":[74,73,73,73,73,52,42,42,42,31,31,31,28,32,32,11,75,68,68,68,68,50,48,48,48,48,48,45,45,45,43,43,43,75,75,75,0],"gold":468,"neow_bonus":"HUNDRED_GOLD","is_prod":false,"is_daily":false,"chose_seed":false,"campfire_upgraded":7,"win_rate":0,"timestamp":1544268430,"path_taken":["M","M","$","?","?","E","?","R","T","M","R","?","M","E","R","BOSS","M","?","?","$","M","E","R","$","T","R","M","$","R","?","R","BOSS","M","?","?"],"build_version":"2018-12-06","purchased_purges":2,"victory":false,"max_hp_per_floor":[75,75,75,75,75,75,75,75,75,75,75,75,75,75,75,75,75,75,75,75,75,75,75,75,75,75,75,75,75,75,75,75,75,75,75,75,75],"card_choices":[{"not_picked":["Static Discharge","Steam","Hologram"],"picked":"SKIP","floor":1},{"not_picked":["Streamline","Scrape","Heatsinks"],"picked":"SKIP","floor":2},{"not_picked":["Loop","Thunder Strike"],"picked":"Recycle","floor":6},{"not_picked":["Sweeping Beam","Reinforced Body","Streamline"],"picked":"SKIP","floor":7},{"not_picked":["Tempest","Rebound"],"picked":"Cold Snap","floor":10},{"not_picked":["Compile Driver","Sweeping Beam"],"picked":"Go for the Eyes","floor":13},{"not_picked":["Turbo","Fusion"],"picked":"Defragment","floor":14},{"not_picked":["Rainbow","All For One"],"picked":"Creative AI","floor":16},{"not_picked":["Coolheaded+1","Turbo"],"picked":"Blizzard+1","floor":18},{"not_picked":["Hologram+1","Recycle","Rebound"],"picked":"SKIP","floor":22},{"not_picked":["Heatsinks","Beam Cell","Blizzard+1"],"picked":"SKIP","floor":23},{"not_picked":["Ball Lightning+1","Hologram"],"picked":"Chill+1","floor":28},{"not_picked":["Meteor Strike","All For One"],"picked":"Seek","floor":33},{"not_picked":["Stack","Hologram"],"picked":"Chill+1","floor":35}],"player_experience":93645,"relics_obtained":[{"floor":6,"key":"Bag of Preparation"},{"floor":14,"key":"Gremlin Horn"},{"floor":23,"key":"Centennial Puzzle"},{"floor":31,"key":"Red Mask"}],"event_choices":[{"cards_removed":["Defend_B"],"damage_healed":0,"gold_gain":0,"player_choice":"Card Removal","damage_taken":0,"max_hp_gain":0,"max_hp_loss":0,"event_name":"The Cleric","floor":4,"gold_loss":50},{"damage_healed":0,"gold_gain":0,"player_choice":"Trade","damage_taken":0,"relics_obtained":["NlothsMask"],"max_hp_gain":0,"max_hp_loss":0,"event_name":"FaceTrader","floor":5,"gold_loss":0},{"cards_removed":["Strike_B"],"damage_healed":0,"gold_gain":0,"player_choice":"Gave Gold","damage_taken":0,"max_hp_gain":0,"max_hp_loss":0,"event_name":"Beggar","floor":19,"gold_loss":75},{"damage_healed":0,"gold_gain":0,"player_choice":"Simplicity","damage_taken":0,"max_hp_gain":0,"max_hp_loss":0,"event_name":"Back to Basics","floor":20,"gold_loss":0,"cards_upgraded":["Strike_B","Defend_B","Defend_B","Defend_B"]},{"damage_healed":0,"gold_gain":0,"player_choice":"Fought Bandits","damage_taken":0,"max_hp_gain":0,"max_hp_loss":0,"event_name":"Masked Bandits","floor":31,"gold_loss":0},{"damage_healed":0,"gold_gain":222,"player_choice":"Wore Mask","damage_taken":0,"max_hp_gain":0,"max_hp_loss":0,"event_name":"Tomb of Lord Red Mask","floor":36,"gold_loss":0},{"damage_healed":0,"gold_gain":0,"player_choice":"Fight","damage_taken":0,"max_hp_gain":0,"max_hp_loss":0,"event_name":"Mysterious Sphere","floor":37,"gold_loss":0}],"is_beta":false,"boss_relics":[{"not_picked":["Fusion Hammer","White Beast Statue"],"picked":"Sozu"},{"not_picked":["Cursed Key","Tiny House"],"picked":"Nuclear Battery"}],"items_purged_floors":[3,12],"is_endless":false,"potions_floor_spawned":[1,2,10,14,16,18,28,31,33],"killed_by":"2 Orb Walkers","ascension_level":0}