{"gold_per_floor":[114,127,127,141,141,175,193,204,204,43,53,73,87,87,87,87],"floor_reached":16,"playtime":1943,"items_purged":[],"score":106,"play_id":"992022f4-8559-4983-8ffb-323b3c25915e","local_time":"20180925142626","is_ascension_mode":false,"campfire_choices":[{"floor":15,"key":"REST"}],"neow_cost":"","seed_source_timestamp":344098604296824,"circlet_count":0,"master_deck":["Strike_R","Strike_R","Strike_R","Strike_R","Strike_R","Defend_R","Defend_R","Defend_R","Defend_R","Bash","Perfected Strike","Bloodletting","Clothesline","Burning Pact","Pommel Strike","Anger","Dramatic Entrance","Power Through","Clothesline","Shrug It Off","Seeing Red"],"relics":["Burning Blood","Happy Flower","Pantograph","Golden Idol"],"potions_floor_usage":[],"damage_taken":[{"damage":5,"enemies":"Jaw Worm","floor":1,"turns":5},{"damage":5,"enemies":"Cultist","floor":2,"turns":4},{"damage":10,"enemies":"Small Slimes","floor":4,"turns":4},{"damage":20,"enemies":"Gremlin Nob","floor":6,"turns":5},{"damage":14,"enemies":"Blue Slaver","floor":7,"turns":3},{"damage":19,"enemies":"Exordium Wildlife","floor":8,"turns":7},{"damage":5,"enemies":"Exordium Thugs","floor":11,"turns":3},{"damage":0,"enemies":"3 Louse","floor":12,"turns":3},{"damage":1,"enemies":"2 Fungi Beasts","floor":13,"turns":2},{"damage":87,"enemies":"The Guardian","floor":16,"turns":12}],"seed_played":"-4434161329441881104","potions_obtained":[{"floor":1,"key":"GamblersBrew"},{"floor":7,"key":"Swift Potion"},{"floor":8,"key":"SneckoOil"},{"floor":11,"key":"AttackPotion"}],"is_trial":false,"path_per_floor":["M","M","?","M","?","E","M","M","T","$","M","M","M","?","R"],"character_chosen":"IRONCLAD","items_purchased":["Dramatic Entrance","Power Through"],"campfire_rested":1,"item_purchase_floors":[10,10],"current_hp_per_floor":[80,80,85,81,81,67,59,46,46,46,47,53,58,37,62,0],"gold":87,"neow_bonus":"","is_prod":false,"is_daily":false,"chose_seed":false,"campfire_upgraded":0,"win_rate":0.0,"timestamp":1537878386,"path_taken":["M","M","?","M","?","E","M","M","T","$","?","M","M","?","R","BOSS"],"build_version":"2018-09-20","purchased_purges":0,"victory":false,"max_hp_per_floor":[80,80,85,85,85,85,85,85,85,85,85,85,85,85,85,85],"card_choices":[{"not_picked":["Infernal Blade","Corruption"],"picked":"Perfected Strike","floor":1},{"not_picked":["Anger","Shockwave"],"picked":"Bloodletting","floor":2},{"not_picked":["Perfected Strike","Headbutt"],"picked":"Clothesline","floor":4},{"not_picked":["Infernal Blade","Offering"],"picked":"Burning Pact","floor":6},{"not_picked":["Infernal Blade","Perfected Strike"],"picked":"Pommel Strike","floor":7},{"not_picked":["Perfected Strike","True Grit"],"picked":"Anger","floor":8},{"not_picked":["Reckless Charge","Rupture"],"picked":"Clothesline","floor":11},{"not_picked":["Feed","Pommel Strike"],"picked":"Shrug It Off","floor":12},{"not_picked":["Hemokinesis","Armaments"],"picked":"Seeing Red","floor":13}],"player_experience":0,"relics_obtained":[{"floor":6,"key":"Happy Flower"},{"floor":9,"key":"Pantograph"}],"event_choices":[{"event_name":"Big Fish","player_choice":"Donut","floor":3,"damage_taken":0},{"event_name":"Liars Game","player_choice":"disagreed","floor":5,"damage_taken":0},{"event_name":"Golden Idol","player_choice":"Take Damage","floor":14,"damage_taken":0}],"is_beta":false,"boss_relics":[],"items_purged_floors":[],"is_endless":false,"potions_floor_spawned":[1,7,8,11],"killed_by":"The Guardian","ascension_level":0}