{"gold_per_floor":[115,125,275,293,307,338,338,355,355,355,373,26,59,69,69,143,143,157,137,149,149,149,184,184],"floor_reached":24,"playtime":755,"items_purged":["Doubt"],"score":433,"play_id":"7f7c4359-5e8d-4daa-99f5-3742b1b1bcf6","local_time":"20190328195719","is_ascension_mode":true,"campfire_choices":[{"floor":7,"key":"REST"},{"floor":15,"key":"REST"}],"neow_cost":"NONE","seed_source_timestamp":93354880158093,"circlet_count":0,"master_deck":["AscendersBane","Strike_B","Strike_B","Defend_B","Defend_B","Defend_B","Defend_B","Zap","Dualcast","FTL","Go for the Eyes","Chaos+1","Reboot","Double Energy","Self Repair","Echo Form","Barrage","Tempest"],"relics":["Cracked Core","NeowsBlessing","Singing Bowl","DataDisk","Gremlin Horn","Omamori","Busted Crown","Ornamental Fan"],"potions_floor_usage":[6,13,16,23],"damage_taken":[{"damage":0,"enemies":"Jaw Worm","floor":1,"turns":1},{"damage":0,"enemies":"Small Slimes","floor":2,"turns":1},{"damage":0,"enemies":"Cultist","floor":4,"turns":1},{"damage":9,"enemies":"Looter","floor":5,"turns":4},{"damage":30,"enemies":"3 Sentries","floor":6,"turns":6},{"damage":10,"enemies":"Red Slaver","floor":8,"turns":4},{"damage":6,"enemies":"Blue Slaver","floor":11,"turns":3},{"damage":29,"enemies":"Gremlin Nob","floor":13,"turns":4},{"damage":3,"enemies":"Looter","floor":14,"turns":3},{"damage":3,"enemies":"The Guardian","floor":16,"turns":9},{"damage":22,"enemies":"Spheric Guardian","floor":18,"turns":4},{"damage":12,"enemies":"Chosen","floor":20,"turns":5},{"damage":38,"enemies":"Gremlin Leader","floor":23,"turns":7},{"damage":22,"enemies":"Shelled Parasite and Fungi","floor":24,"turns":1}],"seed_played":"9176463318126626102","potions_obtained":[{"floor":5,"key":"PowerPotion"},{"floor":6,"key":"SkillPotion"},{"floor":8,"key":"FocusPotion"},{"floor":16,"key":"SteroidPotion"},{"floor":19,"key":"Dexterity Potion"}],"is_trial":false,"path_per_floor":["M","M","?","M","M","E","R","M","T","?","M","$","E","M","R","B",null,"M","?","M","?","?","E","M"],"character_chosen":"DEFECT","items_purchased":["Gremlin Horn"],"campfire_rested":2,"item_purchase_floors":[12],"current_hp_per_floor":[64,64,64,64,55,25,46,36,36,36,30,30,10,16,38,42,67,54,54,51,51,51,22,0],"gold":184,"neow_bonus":"THREE_ENEMY_KILL","is_prod":false,"is_daily":false,"chose_seed":false,"campfire_upgraded":0,"win_rate":0,"timestamp":1553821039,"path_taken":["M","M","?","M","M","E","R","M","T","?","?","$","E","M","R","BOSS","M","?","?","?","?","E","M"],"build_version":"2019-01-23","purchased_purges":1,"victory":false,"max_hp_per_floor":[71,71,71,71,71,71,71,71,71,71,71,71,73,75,75,75,75,77,77,79,79,79,81,81],"card_choices":[{"not_picked":["Stack","Rebound","Steam"],"picked":"SKIP","floor":1},{"not_picked":["BootSequence","Steam Power"],"picked":"FTL","floor":2},{"not_picked":["Coolheaded","Sweeping Beam"],"picked":"Go for the Eyes","floor":4},{"not_picked":["Barrage","Compile Driver"],"picked":"Chaos","floor":5},{"not_picked":["Compile Driver","Storm"],"picked":"Reboot","floor":6},{"not_picked":["Loop","Streamline"],"picked":"Double Energy","floor":8},{"not_picked":["Gash","Rebound"],"picked":"Self Repair","floor":11},{"not_picked":["Go for the Eyes","Force Field","Rebound"],"picked":"Singing Bowl","floor":13},{"not_picked":["Beam Cell","Rebound","Streamline"],"picked":"Singing Bowl","floor":14},{"not_picked":["Machine Learning","Meteor Strike"],"picked":"Echo Form","floor":16},{"not_picked":["Turbo"],"picked":"Singing Bowl","floor":18},{"not_picked":["Compile Driver"],"picked":"Singing Bowl","floor":20},{"not_picked":["Rip and Tear"],"picked":"Singing Bowl","floor":23}],"player_experience":1177962,"relics_obtained":[{"floor":6,"key":"Singing Bowl"},{"floor":9,"key":"DataDisk"},{"floor":13,"key":"Omamori"},{"floor":23,"key":"Ornamental Fan"}],"event_choices":[{"damage_healed":0,"gold_gain":150,"player_choice":"AGREE","damage_taken":0,"max_hp_gain":0,"max_hp_loss":0,"event_name":"Liars Game","floor":3,"gold_loss":0,"cards_obtained":["Doubt"]},{"damage_healed":0,"gold_gain":0,"player_choice":"Upgraded","damage_taken":0,"max_hp_gain":0,"max_hp_loss":0,"event_name":"Upgrade Shrine","floor":10,"gold_loss":0,"cards_upgraded":["Chaos"]},{"damage_healed":0,"gold_gain":0,"player_choice":"Bought 1 Potion","damage_taken":0,"max_hp_gain":0,"max_hp_loss":0,"event_name":"The Woman in Blue","floor":19,"gold_loss":0},{"damage_healed":0,"gold_gain":0,"player_choice":"Smashed Altar","damage_taken":0,"max_hp_gain":0,"max_hp_loss":0,"event_name":"Forgotten Altar","floor":21,"gold_loss":0,"cards_obtained":["Decay"]},{"damage_healed":0,"gold_gain":0,"cards_transformed":["Strike_B","Strike_B"],"player_choice":"Became Test Subject","damage_taken":0,"max_hp_gain":0,"max_hp_loss":0,"event_name":"Drug Dealer","floor":22,"gold_loss":0,"cards_obtained":["Barrage","Tempest"]}],"is_beta":false,"boss_relics":[{"not_picked":["Empty Cage","Snecko Eye"],"picked":"Busted Crown"}],"items_purged_floors":[12],"is_endless":false,"potions_floor_spawned":[5,6,8,16],"killed_by":"Shelled Parasite and Fungi","ascension_level":18}