{"gold_per_floor":[214,139,149,149,160,160,189,189,236,236,19,47,58,90,90,167,167,185,201,201,201,56,84,84,284,311,329,345,345,24,204,204,204],"floor_reached":33,"playtime":1174,"items_purged":["Strike_R"],"score":662,"play_id":"3492fe33-9b62-459c-a47e-01cb61be252c","local_time":"20190424150419","is_ascension_mode":true,"campfire_choices":[{"data":"Bash","floor":6,"key":"SMITH"},{"data":"Whirlwind","floor":8,"key":"SMITH"},{"data":"Carnage","floor":10,"key":"SMITH"},{"data":"Disarm","floor":15,"key":"SMITH"},{"floor":24,"key":"RECALL"},{"floor":29,"key":"REST"},{"floor":32,"key":"REST"}],"neow_cost":"NONE","seed_source_timestamp":455856161460391,"circlet_count":0,"master_deck":["AscendersBane","Strike_R","Strike_R","Strike_R","Defend_R","Defend_R","Defend_R","Defend_R","Bash+1","Anger","Carnage+1","Battle Trance","Seeing Red","Whirlwind+1","True Grit","Double Tap","Disarm+1","Shrug It Off","Immolate","Metallicize","Thunderclap","Spot Weakness+1","Flame Barrier","Inflame","Dual Wield"],"relics":["Burning Blood","Orichalcum","Bag of Marbles","Blood Vial","Ancient Tea Set","Juzu Bracelet","Fusion Hammer","Mummified Hand","Darkstone Periapt","The Courier","Lantern","Pantograph"],"potions_floor_usage":[14,23,33,33],"damage_taken":[{"damage":6,"enemies":"2 Louse","floor":1,"turns":3},{"damage":7,"enemies":"Small Slimes","floor":3,"turns":4},{"damage":1,"enemies":"Cultist","floor":5,"turns":3},{"damage":25,"enemies":"3 Sentries","floor":7,"turns":7},{"damage":13,"enemies":"Lagavulin","floor":12,"turns":4},{"damage":4,"enemies":"Red Slaver","floor":13,"turns":2},{"damage":6,"enemies":"Gremlin Nob","floor":14,"turns":3},{"damage":0,"enemies":"Hexaghost","floor":16,"turns":7},{"damage":2,"enemies":"2 Thieves","floor":18,"turns":3},{"damage":0,"enemies":"3 Byrds","floor":19,"turns":2},{"damage":23,"enemies":"Book of Stabbing","floor":23,"turns":3},{"damage":27,"enemies":"Snake Plant","floor":27,"turns":3},{"damage":4,"enemies":"Chosen and Byrds","floor":28,"turns":5},{"damage":82,"enemies":"Champ","floor":33,"turns":12}],"seed_played":"-95455628615510428","potions_obtained":[{"floor":7,"key":"Regen Potion"},{"floor":13,"key":"GamblersBrew"},{"floor":14,"key":"FairyPotion"},{"floor":16,"key":"Strength Potion"},{"floor":19,"key":"FearPotion"},{"floor":23,"key":"Weak Potion"},{"floor":27,"key":"SteroidPotion"}],"is_trial":false,"path_per_floor":["M","?","M","?","M","R","E","R","T","R","$","E","M","E","R","B",null,"M","M","?","?","$","E","R","?","T","M","M","R","$","?","R","B"],"character_chosen":"IRONCLAD","items_purchased":["True Grit","Blood Vial","Metallicize","Thunderclap","Dual Wield","Pantograph"],"campfire_rested":2,"item_purchase_floors":[11,11,22,22,30,30],"current_hp_per_floor":[68,68,67,67,72,72,53,53,53,53,53,48,52,54,54,62,72,75,75,75,75,75,58,58,58,58,39,43,65,65,37,59,0],"gold":204,"neow_bonus":"HUNDRED_GOLD","is_prod":false,"is_daily":false,"chose_seed":false,"campfire_upgraded":4,"win_rate":0,"timestamp":1556085859,"path_taken":["M","?","M","?","M","R","E","R","T","R","$","E","M","E","R","BOSS","M","M","?","?","?","E","R","?","T","M","M","R","$","?","R","BOSS"],"build_version":"2019-01-23","purchased_purges":1,"victory":false,"max_hp_per_floor":[75,75,75,75,75,75,75,75,75,75,75,75,75,75,75,75,75,75,75,75,75,75,75,75,75,75,75,75,75,75,75,75,75],"card_choices":[{"not_picked":["Sword Boomerang","Cleave"],"picked":"Anger","floor":1},{"not_picked":["True Grit","Rage"],"picked":"Carnage","floor":3},{"not_picked":["Body Slam","Iron Wave"],"picked":"Seeing Red","floor":5},{"not_picked":["Rupture","Fire Breathing"],"picked":"Whirlwind","floor":7},{"not_picked":["Twin Strike","Pommel Strike"],"picked":"Double Tap","floor":12},{"not_picked":["Shockwave","True Grit"],"picked":"Disarm","floor":13},{"not_picked":["Corruption","Twin Strike"],"picked":"Shrug It Off","floor":14},{"not_picked":["Reaper","Berserk"],"picked":"Immolate","floor":16},{"not_picked":["Heavy Blade","Clash","Entrench"],"picked":"SKIP","floor":18},{"not_picked":["Perfected Strike","Havoc","Anger"],"picked":"SKIP","floor":19},{"not_picked":["Heavy Blade+1","Bloodletting"],"picked":"Spot Weakness+1","floor":23},{"not_picked":["Anger+1","Combust"],"picked":"Flame Barrier","floor":27},{"not_picked":["Sword Boomerang+1","Sentinel"],"picked":"Inflame","floor":28}],"player_experience":1073019,"relics_obtained":[{"floor":7,"key":"Orichalcum"},{"floor":9,"key":"Bag of Marbles"},{"floor":12,"key":"Ancient Tea Set"},{"floor":14,"key":"Juzu Bracelet"},{"floor":21,"key":"Darkstone Periapt"},{"floor":23,"key":"The Courier"},{"floor":26,"key":"Lantern"}],"event_choices":[{"cards_removed":["Strike_R"],"damage_healed":0,"gold_gain":0,"player_choice":"Card Removal","damage_taken":0,"max_hp_gain":0,"max_hp_loss":0,"event_name":"The Cleric","floor":2,"gold_loss":75},{"damage_healed":0,"gold_gain":0,"player_choice":"1 cards matched","damage_taken":0,"max_hp_gain":0,"max_hp_loss":0,"event_name":"Match and Keep!","floor":4,"gold_loss":0,"cards_obtained":["Battle Trance"]},{"damage_healed":0,"gold_gain":0,"player_choice":"Gave Potion","damage_taken":0,"relics_obtained":["Mummified Hand"],"max_hp_gain":0,"max_hp_loss":0,"event_name":"WeMeetAgain","floor":20,"gold_loss":0},{"damage_healed":0,"gold_gain":0,"player_choice":"Relic","damage_taken":0,"max_hp_gain":0,"max_hp_loss":0,"event_name":"Wheel of Change","floor":21,"gold_loss":0},{"damage_healed":0,"gold_gain":250,"player_choice":"Bet on Owner","damage_taken":0,"max_hp_gain":0,"max_hp_loss":0,"event_name":"The Joust","floor":25,"gold_loss":50},{"damage_healed":0,"gold_gain":180,"player_choice":"POTION GOLD GOLD ","damage_taken":28,"max_hp_gain":0,"max_hp_loss":0,"event_name":"Knowing Skull","floor":31,"potions_obtained":["PowerPotion"],"gold_loss":0,"cards_obtained":[]}],"is_beta":false,"boss_relics":[{"not_picked":["Busted Crown","Orrery"],"picked":"Fusion Hammer"}],"items_purged_floors":[30],"is_endless":false,"potions_floor_spawned":[7,13,14,16,19,23,27],"killed_by":"Champ","ascension_level":20}