{"gold_per_floor":[110,125,0,75,88,88,98,98,121,135,164,184,184,202,202,202],"floor_reached":16,"playtime":825,"items_purged":["Strike_G"],"score":208,"play_id":"45f97e87-9104-4215-924d-698dc4baea9e","local_time":"20190509195232","is_ascension_mode":true,"campfire_choices":[{"data":"Crippling Poison","floor":6,"key":"SMITH"},{"data":"Neutralize","floor":8,"key":"SMITH"},{"data":"Deadly Poison","floor":13,"key":"SMITH"},{"floor":15,"key":"REST"}],"neow_cost":"NONE","seed_source_timestamp":294370817678300,"circlet_count":0,"master_deck":["AscendersBane","Defend_G","Defend_G","Defend_G","Defend_G","Defend_G","Strike_G","Strike_G","Strike_G","Strike_G","Survivor","Neutralize+1","After Image","Crippling Poison+1","Poisoned Stab","PiercingWail","Backflip","Backflip","Deadly Poison+1","Escape Plan"],"relics":["Ring of the Snake","Bag of Marbles","Centennial Puzzle"],"potions_floor_usage":[11,16],"damage_taken":[{"damage":2,"enemies":"Jaw Worm","floor":1,"turns":8},{"damage":1,"enemies":"2 Louse","floor":2,"turns":4},{"damage":1,"enemies":"Cultist","floor":5,"turns":4},{"damage":2,"enemies":"Exordium Wildlife","floor":7,"turns":4},{"damage":0,"enemies":"3 Louse","floor":10,"turns":4},{"damage":14,"enemies":"Lagavulin","floor":11,"turns":8},{"damage":4,"enemies":"Lots of Slimes","floor":12,"turns":7},{"damage":4,"enemies":"Large Slime","floor":14,"turns":7},{"damage":39,"enemies":"Slime Boss","floor":16,"turns":11}],"seed_played":"2130798940895752516","potions_obtained":[{"floor":10,"key":"Poison Potion"},{"floor":11,"key":"Fire Potion"}],"is_trial":false,"path_per_floor":["M","M","$","?","M","R","M","R","T","M","E","M","R","M","R","B"],"character_chosen":"THE_SILENT","items_purchased":["PiercingWail"],"campfire_rested":1,"item_purchase_floors":[3],"current_hp_per_floor":[57,56,56,45,44,44,42,42,42,42,28,24,24,20,39,0],"gold":202,"neow_bonus":"ONE_RANDOM_RARE_CARD","is_prod":false,"is_daily":false,"chose_seed":false,"campfire_upgraded":3,"win_rate":0,"timestamp":1557399152,"path_taken":["M","M","$","?","M","R","M","R","T","M","E","M","R","M","R","BOSS"],"build_version":"2019-01-23","purchased_purges":1,"victory":false,"max_hp_per_floor":[66,66,66,66,66,66,66,66,66,66,66,66,66,66,66,66],"card_choices":[{"not_picked":["Prepared","Skewer"],"picked":"Crippling Poison","floor":1},{"not_picked":["Backflip","Sucker Punch"],"picked":"Poisoned Stab","floor":2},{"not_picked":["Prepared","Acrobatics","Expertise"],"picked":"SKIP","floor":5},{"not_picked":["Sucker Punch","Deadly Poison"],"picked":"Backflip","floor":7},{"not_picked":["Endless Agony","Crippling Poison","Slice"],"picked":"SKIP","floor":10},{"not_picked":["Bullet Time","Prepared"],"picked":"Backflip","floor":11},{"not_picked":["Calculated Gamble","Heel Hook"],"picked":"Deadly Poison","floor":12},{"not_picked":["Concentrate","Acrobatics"],"picked":"Escape Plan","floor":14}],"player_experience":1309876,"relics_obtained":[{"floor":9,"key":"Bag of Marbles"},{"floor":11,"key":"Centennial Puzzle"}],"event_choices":[{"damage_healed":0,"gold_gain":75,"player_choice":"Gather Gold","damage_taken":11,"max_hp_gain":0,"max_hp_loss":0,"event_name":"World of Goop","floor":4,"gold_loss":0}],"is_beta":false,"boss_relics":[],"items_purged_floors":[3],"is_endless":false,"potions_floor_spawned":[10,11],"killed_by":"Slime Boss","ascension_level":20}