{"gold_per_floor":[114,130,130,3,3,29,29,60,60,75,88,51,51,67,67,67],"floor_reached":16,"playtime":514,"items_purged":["Strike_R"],"score":135,"play_id":"e7062183-7368-4bde-9c0b-bd1fee1efc84","local_time":"20190511104417","is_ascension_mode":false,"campfire_choices":[{"data":"Entrench","floor":7,"key":"SMITH"},{"data":"Body Slam","floor":15,"key":"SMITH"}],"neow_cost":"NONE","seed_source_timestamp":401435477742260,"circlet_count":0,"master_deck":["Strike_R","Strike_R","Strike_R+1","Defend_R","Defend_R","Defend_R+1","Defend_R","Bash","Entrench+1","Shrug It Off","Dropkick","Shockwave","Body Slam+1","Ghostly Armor","Body Slam"],"relics":["Burning Blood","NeowsBlessing","FossilizedHelix","Shovel","Nunchaku","Golden Idol"],"potions_floor_usage":[8,11],"damage_taken":[{"damage":0,"enemies":"Small Slimes","floor":1,"turns":1},{"damage":0,"enemies":"Jaw Worm","floor":2,"turns":1},{"damage":0,"enemies":"Lagavulin","floor":6,"turns":1},{"damage":16,"enemies":"Gremlin Nob","floor":8,"turns":4},{"damage":0,"enemies":"Cultist","floor":10,"turns":4},{"damage":13,"enemies":"Gremlin Gang","floor":11,"turns":6},{"damage":15,"enemies":"Exordium Thugs","floor":14,"turns":6},{"damage":48,"enemies":"Slime Boss","floor":16,"turns":9}],"seed_played":"-3198885865308832555","potions_obtained":[{"floor":6,"key":"Explosive Potion"},{"floor":8,"key":"SkillPotion"}],"is_trial":false,"path_per_floor":["M","M","?","$","?","E","R","E","T","M","M","$","?","M","R","B"],"character_chosen":"IRONCLAD","items_purchased":["Shrug It Off","Ghostly Armor"],"campfire_rested":0,"item_purchase_floors":[4,12],"current_hp_per_floor":[80,80,64,64,57,63,63,53,53,59,52,52,52,43,43,0],"gold":67,"neow_bonus":"THREE_ENEMY_KILL","is_prod":false,"is_daily":false,"chose_seed":false,"campfire_upgraded":2,"win_rate":0,"timestamp":1557585857,"path_taken":["M","M","?","$","?","E","R","E","T","M","M","$","?","M","R","BOSS"],"build_version":"2019-01-23","purchased_purges":1,"victory":false,"max_hp_per_floor":[80,80,80,80,80,80,80,80,80,80,80,80,74,74,74,74],"card_choices":[{"not_picked":["Armaments","Entrench","Clash"],"picked":"SKIP","floor":1},{"not_picked":["Armaments","Clash"],"picked":"Entrench","floor":1},{"not_picked":["Carnage","Rupture","Uppercut"],"picked":"SKIP","floor":2},{"not_picked":["Rampage","Anger","Havoc"],"picked":"SKIP","floor":6},{"not_picked":["Headbutt","Infernal Blade"],"picked":"Dropkick","floor":8},{"not_picked":["Pommel Strike","Reaper"],"picked":"Shockwave","floor":10},{"not_picked":["Shockwave","Perfected Strike"],"picked":"Body Slam","floor":11},{"not_picked":["Burning Pact","Fire Breathing"],"picked":"Body Slam","floor":14}],"player_experience":119909,"relics_obtained":[{"floor":6,"key":"FossilizedHelix"},{"floor":8,"key":"Shovel"},{"floor":9,"key":"Nunchaku"}],"event_choices":[{"damage_healed":0,"gold_gain":0,"player_choice":"Entered Light","damage_taken":16,"max_hp_gain":0,"max_hp_loss":0,"event_name":"Shining Light","floor":3,"gold_loss":0,"cards_upgraded":["Strike_R","Defend_R"]},{"cards_removed":["Strike_R"],"damage_healed":0,"gold_gain":0,"player_choice":"Card Removal","damage_taken":7,"max_hp_gain":0,"max_hp_loss":0,"event_name":"Golden Wing","floor":5,"gold_loss":0},{"damage_healed":0,"gold_gain":0,"player_choice":"Lose Max HP","damage_taken":0,"relics_obtained":["Golden Idol"],"max_hp_gain":0,"max_hp_loss":6,"event_name":"Golden Idol","floor":13,"gold_loss":0}],"is_beta":false,"boss_relics":[],"items_purged_floors":[4],"is_endless":false,"potions_floor_spawned":[6,8],"killed_by":"Slime Boss","ascension_level":0}