{"gold_per_floor":[109,109,109,51,51,81,100,100,168,168,181,213,213,224,224,224],"floor_reached":16,"playtime":450,"items_purged":[],"score":266,"play_id":"56efdc6f-e000-4e5e-85e0-516316bc9999","local_time":"20190508175829","is_ascension_mode":true,"campfire_choices":[{"data":"Consume","floor":8,"key":"SMITH"},{"data":"Barrage","floor":10,"key":"SMITH"},{"data":"Hologram","floor":13,"key":"SMITH"},{"data":"Self Repair","floor":15,"key":"SMITH"}],"neow_cost":"NONE","seed_source_timestamp":201503383491400,"circlet_count":0,"master_deck":["AscendersBane","Strike_B+1","Strike_B","Strike_B","Strike_B","Defend_B+1","Defend_B","Defend_B","Defend_B","Zap+1","Dualcast","Self Repair+1","Hologram+1","Barrage+1","Consume+1","Glacier","Leap","Compile Driver"],"relics":["Cracked Core","NeowsBlessing","Sundial","Ornamental Fan","Turnip"],"potions_floor_usage":[14],"damage_taken":[{"damage":0,"enemies":"Jaw Worm","floor":1,"turns":1},{"damage":0,"enemies":"Gremlin Nob","floor":6,"turns":1},{"damage":0,"enemies":"2 Louse","floor":7,"turns":1},{"damage":4,"enemies":"Small Slimes","floor":11,"turns":4},{"damage":3,"enemies":"Lagavulin","floor":12,"turns":7},{"damage":0,"enemies":"Gremlin Gang","floor":14,"turns":2},{"damage":64,"enemies":"Hexaghost","floor":16,"turns":15}],"seed_played":"-2545707299498085211","potions_obtained":[{"floor":6,"key":"Explosive Potion"}],"is_trial":false,"path_per_floor":["M","?","?","$","?","E","M","R","T","R","M","E","R","M","R","B"],"character_chosen":"DEFECT","items_purchased":["Hologram"],"campfire_rested":0,"item_purchase_floors":[4],"current_hp_per_floor":[64,43,48,48,48,55,55,55,55,55,51,55,55,62,62,0],"gold":224,"neow_bonus":"THREE_ENEMY_KILL","is_prod":false,"is_daily":false,"chose_seed":false,"campfire_upgraded":4,"win_rate":0,"timestamp":1557305909,"path_taken":["M","?","?","$","?","E","M","R","T","R","?","E","R","M","R","BOSS"],"build_version":"2019-01-23","purchased_purges":0,"victory":false,"max_hp_per_floor":[71,71,76,76,76,76,76,76,76,76,76,76,76,76,76,76],"card_choices":[{"not_picked":["Compile Driver","Gash"],"picked":"Self Repair","floor":1},{"not_picked":["Force Field","Meteor Strike"],"picked":"Barrage","floor":6},{"not_picked":["Go for the Eyes","Stack"],"picked":"Consume","floor":7},{"not_picked":["Coolheaded","Hologram"],"picked":"Glacier","floor":11},{"not_picked":["Streamline","Hyperbeam"],"picked":"Leap","floor":12},{"not_picked":["Heatsinks","Leap"],"picked":"Compile Driver","floor":14}],"player_experience":1286101,"relics_obtained":[{"floor":6,"key":"Sundial"},{"floor":9,"key":"Ornamental Fan"},{"floor":12,"key":"Turnip"}],"event_choices":[{"damage_healed":0,"gold_gain":0,"player_choice":"Entered Light","damage_taken":21,"max_hp_gain":0,"max_hp_loss":0,"event_name":"Shining Light","floor":2,"gold_loss":0,"cards_upgraded":["Defend_B","Strike_B"]},{"damage_healed":0,"gold_gain":0,"player_choice":"Donut","damage_taken":0,"max_hp_gain":5,"max_hp_loss":0,"event_name":"Big Fish","floor":3,"gold_loss":0},{"damage_healed":0,"gold_gain":0,"player_choice":"Upgraded","damage_taken":0,"max_hp_gain":0,"max_hp_loss":0,"event_name":"Upgrade Shrine","floor":5,"gold_loss":0,"cards_upgraded":["Zap"]}],"is_beta":false,"boss_relics":[],"items_purged_floors":[],"is_endless":false,"potions_floor_spawned":[6],"killed_by":"Hexaghost","ascension_level":20}