{"gold_per_floor":[119,294,71,71,85,120,140,140,140,54,54,93,111,111,111,241,241,254,270,142,142,161,161,199,109,109,153,5,21,21,34,34,159,159,184,209,209,79,79,79,103,146,146,146,171,186,186,199,199,199],"floor_reached":51,"playtime":5145,"items_purged":["Doubt","Strike_G","Strike_G","Strike_G","Strike_G"],"score":1095,"play_id":"e33bf1ff-d986-4e3e-84b4-ed996f02c462","local_time":"20190502134129","is_ascension_mode":true,"campfire_choices":[{"data":"Glass Knife","floor":8.0,"key":"SMITH"},{"data":"Caltrops","floor":15.0,"key":"SMITH"},{"floor":23,"key":"REST"},{"floor":30,"key":"REST"},{"floor":32,"key":"REST"},{"floor":44,"key":"REST"},{"floor":47,"key":"REST"},{"floor":49,"key":"REST"}],"neow_cost":"NONE","seed_source_timestamp":0,"circlet_count":0,"master_deck":["AscendersBane","Defend_G","Defend_G","Defend_G+1","Defend_G","Defend_G","Survivor","Neutralize+1","Quick Slash","Dash","Endless Agony","Glass Knife+1","Acrobatics","Well Laid Plans","Predator","Caltrops+1","Venomology","Backflip","Footwork","Footwork","Leg Sweep+1","Corpse Explosion","Endless Agony","Glass Knife","Dodge and Roll+1","Infinite Blades","Backflip","Blade Dance+1","PiercingWail+1"],"special_seed":0,"relics":["Ring of the Snake","NeowsBlessing","Sundial","Smiling Mask","Golden Idol","Kunai","Fusion Hammer","Question Card","Blue Candle","Orichalcum","WristBlade","Omamori","Happy Flower","Anchor","Singing Bowl"],"potions_floor_usage":[21,22,24,24,27,27,33,33,33,40,41,42,42,45,48,50,50],"damage_taken":[{"damage":0.0,"enemies":"Small Slimes","floor":1.0,"turns":1.0},{"damage":0.0,"enemies":"Jaw Worm","floor":5.0,"turns":1.0},{"damage":0.0,"enemies":"3 Sentries","floor":6.0,"turns":1.0},{"damage":0.0,"enemies":"Cultist","floor":7.0,"turns":3.0},{"damage":5.0,"enemies":"Gremlin Nob","floor":12.0,"turns":3.0},{"damage":3.0,"enemies":"2 Fungi Beasts","floor":13.0,"turns":3.0},{"damage":11.0,"enemies":"The Guardian","floor":16.0,"turns":11.0},{"damage":0.0,"enemies":"Spheric Guardian","floor":18.0,"turns":3.0},{"damage":0.0,"enemies":"3 Byrds","floor":19.0,"turns":5.0},{"damage":16,"enemies":"Colosseum Slavers","floor":21,"turns":4},{"damage":2,"enemies":"Sentry and Sphere","floor":22,"turns":5},{"damage":34,"enemies":"Slavers","floor":24,"turns":6},{"damage":8,"enemies":"Book of Stabbing","floor":27,"turns":6},{"damage":2,"enemies":"Snecko","floor":29,"turns":5},{"damage":0,"enemies":"Centurion and Healer","floor":31,"turns":8},{"damage":15,"enemies":"Automaton","floor":33,"turns":14},{"damage":2,"enemies":"3 Shapes","floor":35,"turns":7},{"damage":14,"enemies":"3 Darklings","floor":36,"turns":3},{"damage":11,"enemies":"Giant Head","floor":40,"turns":14},{"damage":20,"enemies":"Spire Growth","floor":41,"turns":8},{"damage":7,"enemies":"Nemesis","floor":42,"turns":11},{"damage":3,"enemies":"Transient","floor":45,"turns":5},{"damage":12,"enemies":"Writhing Mass","floor":46,"turns":7},{"damage":0,"enemies":"Jaw Worm Horde","floor":48,"turns":2},{"damage":32,"enemies":"Time Eater","floor":50,"turns":17}],"seed_played":"8424221041219959349","potions_obtained":[{"floor":5.0,"key":"EssenceOfSteel"},{"floor":6.0,"key":"FearPotion"},{"floor":16.0,"key":"PowerPotion"},{"floor":18.0,"key":"Strength Potion"},{"floor":24,"key":"SteroidPotion"},{"floor":36,"key":"AttackPotion"},{"floor":42,"key":"Energy Potion"}],"is_trial":false,"path_per_floor":["M","?","$","?","M","E","M","R","T","$","?","E","M","?","R","B",null,"M","M","$","?","M","R","E","?","T","E","$","M","R","M","R","B",null,"M","M","T","$","?","E","M","E","T","R","M","M","R","M","R","B",null],"character_chosen":"THE_SILENT","items_purchased":["Dash","GhostInAJar","Well Laid Plans","Footwork","SmokeBomb","Infinite Blades"],"campfire_rested":6,"item_purchase_floors":[3,3,10,20,28,38],"current_hp_per_floor":[63,63,63,63,63,63,63,63,63,63,46,41,38,38,38,27,59,59,59,59,43,41,62,28,28,28,20,20,18,39,39,60,45,64,62,48,48,48,48,37,17,10,10,31,30,20,42,42,64,32],"gold":199,"neow_bonus":"THREE_ENEMY_KILL","is_prod":false,"is_daily":false,"chose_seed":false,"campfire_upgraded":2,"win_rate":0,"timestamp":1556822489,"path_taken":["M","?","$","?","M","E","?","R","T","$","?","E","M","?","R","BOSS","M","M","$","?","M","R","E","?","T","E","$","M","R","M","R","BOSS","M","M","?","$","?","E","M","E","T","R","?","M","R","?","R","BOSS"],"build_version":"2019-01-23","purchased_purges":5,"victory":true,"max_hp_per_floor":[70,70,70,70,70,70,70,70,70,70,70,70,70,70,70,70,70,70,70,70,70,70,70,70,70,70,70,70,70,70,70,70,70,70,70,70,70,70,70,70,70,70,70,70,72,74,74,74,74,74],"card_choices":[{"not_picked":["Deflect","Dodge and Roll"],"picked":"Quick Slash","floor":1.0},{"not_picked":["Bane","Slice"],"picked":"Endless Agony","floor":5.0},{"not_picked":["Calculated Gamble","Deflect"],"picked":"Glass Knife","floor":6.0},{"not_picked":["Riddle With Holes","Deflect"],"picked":"Acrobatics","floor":7.0},{"not_picked":["Flying Knee","Quick Slash"],"picked":"Predator","floor":12.0},{"not_picked":["Dagger Throw","Reflex"],"picked":"Caltrops","floor":13.0},{"not_picked":["Storm of Steel","Phantasmal Killer"],"picked":"Venomology","floor":16.0},{"not_picked":["Leg Sweep","Slice+1"],"picked":"Backflip","floor":18.0},{"not_picked":["Poisoned Stab","Flechettes"],"picked":"Footwork","floor":19.0},{"not_picked":["Outmaneuver+1","Cloak And Dagger"],"picked":"Leg Sweep+1","floor":22},{"not_picked":["Slice","Tools of the Trade"],"picked":"Corpse Explosion","floor":24},{"not_picked":["Deflect","Dodge and Roll","All Out Attack","Quick Slash+1"],"picked":"SKIP","floor":27},{"not_picked":["Catalyst","Deflect","Quick Slash+1","Flechettes+1"],"picked":"SKIP","floor":29},{"not_picked":["Underhanded Strike","Deflect+1","Backflip"],"picked":"Endless Agony","floor":31},{"not_picked":["Storm of Steel","Envenom","Phantasmal Killer"],"picked":"Glass Knife","floor":33},{"not_picked":["Blade Dance","Flying Knee+1","Eviscerate+1","Outmaneuver+1"],"picked":"SKIP","floor":35},{"not_picked":["Dagger Throw","Bane+1","Leg Sweep+1"],"picked":"Dodge and Roll+1","floor":36},{"not_picked":["Masterful Stab+1","Sucker Punch","Dagger Spray+1"],"picked":"Backflip","floor":41},{"not_picked":["Dash+1","Quick Slash","Catalyst+1"],"picked":"Blade Dance+1","floor":42},{"not_picked":["Dodge and Roll","Phantasmal Killer","Outmaneuver+1","Poisoned Stab+1"],"picked":"Singing Bowl","floor":45},{"not_picked":["Concentrate","Dagger Throw","Reflex","Outmaneuver"],"picked":"Singing Bowl","floor":46},{"not_picked":["Dagger Throw+1","Escape Plan+1","Quick Slash+1"],"picked":"PiercingWail+1","floor":48}],"player_experience":365319,"relics_obtained":[{"floor":6.0,"key":"Sundial"},{"floor":9.0,"key":"Smiling Mask"},{"floor":12.0,"key":"Kunai"},{"floor":24,"key":"Question Card"},{"floor":26,"key":"Blue Candle"},{"floor":27,"key":"Orichalcum"},{"floor":37,"key":"Omamori"},{"floor":42,"key":"Anchor"},{"floor":43,"key":"Singing Bowl"}],"event_choices":[{"damage_healed":0.0,"max_hp_gain":0.0,"max_hp_loss":0.0,"gold_gain":175.0,"event_name":"Liars Game","player_choice":"AGREE","floor":2.0,"gold_loss":0.0,"damage_taken":0.0,"cards_obtained":["Doubt"]},{"damage_healed":0.0,"max_hp_gain":0.0,"max_hp_loss":0.0,"gold_gain":0.0,"event_name":"Upgrade Shrine","player_choice":"Upgraded","floor":4.0,"gold_loss":0.0,"damage_taken":0.0,"cards_upgraded":["Neutralize"]},{"damage_healed":0.0,"max_hp_gain":0.0,"max_hp_loss":0.0,"gold_gain":0.0,"event_name":"Golden Idol","player_choice":"Take Damage","floor":11.0,"gold_loss":0.0,"damage_taken":17.0,"relics_obtained":["Golden Idol"]},{"damage_healed":0.0,"max_hp_gain":0.0,"max_hp_loss":0.0,"gold_gain":0.0,"event_name":"FaceTrader","player_choice":"Leave","floor":14.0,"gold_loss":0.0,"damage_taken":0.0},{"damage_healed":0,"gold_gain":0,"player_choice":"Fight","damage_taken":0,"max_hp_gain":0,"max_hp_loss":0,"event_name":"Colosseum","floor":21,"gold_loss":0},{"damage_healed":0,"gold_gain":0,"player_choice":"Fled From Nobs","damage_taken":0,"max_hp_gain":0,"max_hp_loss":0,"event_name":"Colosseum","floor":21,"gold_loss":0},{"cards_removed":["Strike_G"],"damage_healed":0,"gold_gain":0,"player_choice":"Upgrade and Remove","damage_taken":0,"max_hp_gain":0,"max_hp_loss":0,"event_name":"Designer","floor":25,"gold_loss":90,"cards_upgraded":["Defend_G"]},{"damage_healed":0,"gold_gain":0,"player_choice":"Gave Potion","damage_taken":0,"relics_obtained":["Happy Flower"],"max_hp_gain":0,"max_hp_loss":0,"event_name":"WeMeetAgain","floor":39,"gold_loss":0}],"is_beta":false,"boss_relics":[{"not_picked":["Black Star","Velvet Choker"],"picked":"Fusion Hammer"},{"not_picked":["Philosopher\u0027s Stone","Calling Bell"],"picked":"WristBlade"}],"items_purged_floors":[3,10,20,28,38],"is_endless":false,"potions_floor_spawned":[5,6,16,18,21,24,31,36,40,42,46],"ascension_level":10}