{"gold_per_floor":[118,118,131,4,22,37,37,56,81,101,120,120,149,24,24,129,129,146,71,85,17,17,17,17,17,17,116,133,30,44,57,57,156,156,166,185,185,60,60,60,160,160,186,198,212,226,246,21,21,21],"floor_reached":51,"playtime":6321,"items_purged":["Strike_G","Defend_G","Strike_G","Defend_G"],"score":601,"play_id":"06e9e528-129a-4bd6-a564-18cc16255ed7","local_time":"20180926230644","is_ascension_mode":false,"campfire_choices":[{"data":"Backflip","floor":7,"key":"SMITH"},{"data":"Crippling Poison","floor":15,"key":"SMITH"},{"data":"Noxious Fumes","floor":23,"key":"SMITH"},{"data":"Crippling Poison","floor":25,"key":"SMITH"},{"floor":32,"key":"REST"},{"data":"Footwork","floor":40,"key":"SMITH"},{"data":"Footwork","floor":42,"key":"SMITH"},{"floor":49,"key":"REST"}],"neow_cost":"NONE","seed_source_timestamp":457293200355308,"circlet_count":0,"master_deck":["Defend_G+1","Defend_G+1","Defend_G","Strike_G+1","Survivor","Neutralize+1","Backstab+1","Deadly Poison","Backflip+1","PiercingWail","All Out Attack","Crippling Poison+1","Crippling Poison+1","Dodge and Roll","Dodge and Roll","Deflect","Bullet Time","Deadly Poison","Endless Agony+1","Noxious Fumes+1","Blur+1","Footwork+1","PiercingWail","Masterful Stab+1","Footwork+1","Backflip+1","Dodge and Roll","Deflect+1","Skewer+1"],"relics":["Ring of the Snake","War Paint","Strawberry","Velvet Choker","Gambling Chip","WristBlade","Thread and Needle","Potion Belt"],"potions_floor_usage":[20,30,33,33,44,47,50,50],"damage_taken":[{"damage":0,"enemies":"2 Louse","floor":1,"turns":4},{"damage":0,"enemies":"Small Slimes","floor":3,"turns":3},{"damage":0,"enemies":"Cultist","floor":5,"turns":3},{"damage":0,"enemies":"3 Louse","floor":6,"turns":3},{"damage":0,"enemies":"Looter","floor":8,"turns":2},{"damage":5,"enemies":"Large Slime","floor":10,"turns":6},{"damage":0,"enemies":"Exordium Thugs","floor":11,"turns":3},{"damage":4,"enemies":"3 Sentries","floor":13,"turns":7},{"damage":14,"enemies":"Hexaghost","floor":16,"turns":11},{"damage":0,"enemies":"3 Byrds","floor":18,"turns":4},{"damage":11,"enemies":"Spheric Guardian","floor":20,"turns":5},{"damage":3,"enemies":"Snake Plant","floor":28,"turns":4},{"damage":8,"enemies":"3 Cultists","floor":30,"turns":5},{"damage":5,"enemies":"Centurion and Healer","floor":31,"turns":6},{"damage":12,"enemies":"Collector","floor":33,"turns":9},{"damage":0,"enemies":"3 Shapes","floor":35,"turns":4},{"damage":0,"enemies":"3 Darklings","floor":36,"turns":4},{"damage":0,"enemies":"Mind Bloom Boss Battle","floor":39,"turns":7},{"damage":27,"enemies":"Transient","floor":44,"turns":5},{"damage":9,"enemies":"Reptomancer","floor":45,"turns":5},{"damage":0,"enemies":"Maw","floor":46,"turns":9},{"damage":10,"enemies":"Transient","floor":47,"turns":5},{"damage":6,"enemies":"Awakened One","floor":50,"turns":22}],"seed_played":"-3104151504947191340","potions_obtained":[{"floor":6,"key":"SkillPotion"},{"floor":10,"key":"SteroidPotion"},{"floor":11,"key":"AttackPotion"},{"floor":28,"key":"Fire Potion"},{"floor":31,"key":"FearPotion"},{"floor":33,"key":"AttackPotion"},{"floor":35,"key":"SpeedPotion"},{"floor":37,"key":"Fire Potion"},{"floor":44,"key":"LiquidBronze"}],"is_trial":false,"path_per_floor":["M","?","M","$","M","M","R","M","T","M","M","?","E","$","R","B",null,"M","?","M","$","$","R","?","R","T","?","M","$","M","M","R","B",null,"M","M","?","$","?","R","?","R","T","M","M","M","M","$","R","B"],"character_chosen":"THE_SILENT","items_purchased":["Backflip","Deflect","Noxious Fumes","Footwork","PiercingWail","Regen Potion"],"campfire_rested":2,"item_purchase_floors":[4,14,21,29,29,48],"current_hp_per_floor":[70,56,56,56,56,56,56,56,56,51,51,51,54,54,54,40,77,77,77,66,66,66,66,52,52,52,52,49,49,41,36,60,48,82,82,82,82,82,82,82,82,82,82,55,46,46,36,36,60,69],"gold":21,"neow_bonus":"UPGRADE_CARD","is_prod":false,"is_daily":false,"chose_seed":false,"campfire_upgraded":6,"win_rate":0.0,"timestamp":1537996004,"path_taken":["M","?","M","$","M","M","R","M","T","M","M","?","E","$","R","BOSS","M","?","M","?","$","R","?","R","T","?","?","$","M","M","R","BOSS","M","M","?","$","?","R","?","R","T","M","M","M","M","?","R","BOSS"],"build_version":"2018-09-20","purchased_purges":4,"victory":true,"max_hp_per_floor":[70,70,70,70,70,70,70,70,70,70,70,70,77,77,77,77,77,77,77,77,77,77,77,82,82,82,82,82,82,82,82,82,82,82,82,82,82,82,82,82,82,82,82,82,82,82,82,82,82,82],"card_choices":[{"not_picked":["Acrobatics","Terror"],"picked":"Backstab","floor":1},{"not_picked":["Blade Dance","Slice"],"picked":"Deadly Poison","floor":3},{"not_picked":["Flechettes","Outmaneuver"],"picked":"PiercingWail","floor":5},{"not_picked":["Burst","Backstab"],"picked":"All Out Attack","floor":6},{"not_picked":["Backflip","Poisoned Stab"],"picked":"Crippling Poison","floor":8},{"not_picked":["Cloak And Dagger","Poisoned Stab"],"picked":"Crippling Poison","floor":10},{"not_picked":["Distraction","Sucker Punch"],"picked":"Dodge and Roll","floor":11},{"not_picked":["Quick Slash","Dagger Spray"],"picked":"Dodge and Roll","floor":13},{"not_picked":["Storm of Steel","Wraith Form v2"],"picked":"Bullet Time","floor":16},{"not_picked":["Slice","Terror"],"picked":"Deadly Poison","floor":18},{"not_picked":["Blade Dance+1","Poisoned Stab"],"picked":"Endless Agony+1","floor":20},{"not_picked":["Heel Hook","Dodge and Roll+1"],"picked":"Blur+1","floor":28},{"not_picked":["Cloak And Dagger","Tactician"],"picked":"Masterful Stab+1","floor":30},{"not_picked":["Dagger Spray+1","Underhanded Strike"],"picked":"Footwork","floor":31},{"not_picked":["Sucker Punch","Riddle With Holes","Deadly Poison"],"picked":"SKIP","floor":35},{"not_picked":["Blade Dance+1","Dagger Throw"],"picked":"Backflip+1","floor":36},{"not_picked":["Prepared+1","Poisoned Stab+1"],"picked":"Dodge and Roll","floor":39},{"not_picked":["Flying Knee","PiercingWail+1"],"picked":"Deflect+1","floor":44},{"not_picked":["PiercingWail","Masterful Stab+1","Footwork"],"picked":"SKIP","floor":45},{"not_picked":["Sucker Punch","Tools of the Trade","Crippling Poison"],"picked":"SKIP","floor":46},{"not_picked":["Riddle With Holes","Expertise+1"],"picked":"Skewer+1","floor":47}],"player_experience":28777,"relics_obtained":[{"floor":9,"key":"War Paint"},{"floor":13,"key":"Strawberry"},{"floor":26,"key":"Gambling Chip"},{"floor":39,"key":"Thread and Needle"},{"floor":43,"key":"Potion Belt"}],"event_choices":[{"event_name":"Shining Light","player_choice":"Entered Light","floor":2,"damage_taken":0},{"event_name":"Living Wall","player_choice":"Forget","floor":12,"damage_taken":0},{"event_name":"Beggar","player_choice":"Gave Gold","floor":19,"damage_taken":0},{"event_name":"Forgotten Altar","player_choice":"Shed Blood","floor":24,"damage_taken":0},{"event_name":"Nest","player_choice":"Stole From Cult","floor":27,"damage_taken":0},{"event_name":"The Lab","player_choice":"Got Potions","floor":37,"damage_taken":0},{"event_name":"MindBloom","player_choice":"Fight","floor":39,"damage_taken":0},{"event_name":"Golden Shrine","player_choice":"Pray","floor":41,"damage_taken":0}],"is_beta":false,"boss_relics":[{"not_picked":["Calling Bell","Cursed Key"],"picked":"Velvet Choker"},{"not_picked":["Snecko Eye","Philosopher\u0027s Stone"],"picked":"WristBlade"}],"items_purged_floors":[4,14,38,48],"is_endless":false,"potions_floor_spawned":[6,10,11,13,16,18,28,31,33,35,39,44],"ascension_level":0}