{"gold_per_floor":[119,44,44,61,79,113,113,127,150,160,160,160,173,188,188,287,287,256,268,268,283,293,293,208,226,308,323,323,68,80,95,95,199,199,214,89,104,4,4,4,24,24,47,47,63,63,63,83,83,83],"floor_reached":51,"playtime":4135,"items_purged":["Decay","Strike_G","Strike_G"],"score":605,"play_id":"5fac175d-a6a0-454d-96ca-c130daa4bb3e","local_time":"20190420181703","is_ascension_mode":false,"campfire_choices":[{"data":"Dodge and Roll","floor":7,"key":"SMITH"},{"floor":12,"key":"REST"},{"data":"Noxious Fumes","floor":15,"key":"SMITH"},{"data":"Adrenaline","floor":23,"key":"SMITH"},{"floor":32,"key":"REST"},{"data":"Burst","floor":40,"key":"SMITH"},{"data":"Underhanded Strike","floor":42,"key":"SMITH"},{"data":"Neutralize","floor":44,"key":"SMITH"},{"data":"Tools of the Trade","floor":47,"key":"SMITH"},{"data":"Tactician","floor":49,"key":"SMITH"}],"neow_cost":"CURSE","seed_source_timestamp":21465345955236,"circlet_count":0,"master_deck":["Defend_G","Defend_G+1","Defend_G","Defend_G","Defend_G+1","Strike_G","Strike_G","Strike_G","Survivor","Neutralize+1","Tools of the Trade+1","Dodge and Roll+1","Tactician+1","Burst+1","PiercingWail","Noxious Fumes+1","Deadly Poison","Calculated Gamble","Adrenaline+1","Reflex","Underhanded Strike+1","Backflip+1","Noxious Fumes+1","PiercingWail","Dagger Spray+1","Venomology","Malaise","Tools of the Trade+1","Dagger Throw+1","Underhanded Strike","PiercingWail","Skewer+1","Footwork+1"],"relics":["Ring of the Snake","Bag of Marbles","Orichalcum","Runic Pyramid","Boot","Bottled Lightning","Happy Flower","Lizard Tail","Art of War"],"potions_floor_usage":[10,10,30,50,50],"damage_taken":[{"damage":0,"enemies":"Small Slimes","floor":1,"turns":3},{"damage":0,"enemies":"Jaw Worm","floor":4,"turns":6},{"damage":0,"enemies":"Cultist","floor":5,"turns":5},{"damage":9,"enemies":"3 Sentries","floor":6,"turns":15},{"damage":18,"enemies":"Gremlin Gang","floor":8,"turns":11},{"damage":0,"enemies":"Looter","floor":10,"turns":4},{"damage":5,"enemies":"3 Louse","floor":13,"turns":5},{"damage":0,"enemies":"Lots of Slimes","floor":14,"turns":4},{"damage":29,"enemies":"Slime Boss","floor":16,"turns":13},{"damage":8,"enemies":"2 Thieves","floor":18,"turns":5},{"damage":0,"enemies":"Spheric Guardian","floor":19,"turns":5},{"damage":8,"enemies":"Cultist and Chosen","floor":21,"turns":7},{"damage":0,"enemies":"Centurion and Healer","floor":22,"turns":8},{"damage":2,"enemies":"Shelled Parasite and Fungi","floor":25,"turns":5},{"damage":2,"enemies":"Snecko","floor":27,"turns":5},{"damage":2,"enemies":"Centurion and Healer","floor":30,"turns":5},{"damage":2,"enemies":"Snake Plant","floor":31,"turns":5},{"damage":12,"enemies":"Champ","floor":33,"turns":14},{"damage":0,"enemies":"3 Darklings","floor":35,"turns":4},{"damage":1,"enemies":"Orb Walker","floor":37,"turns":6},{"damage":0,"enemies":"4 Shapes","floor":41,"turns":3},{"damage":0,"enemies":"Sphere and 2 Shapes","floor":45,"turns":7},{"damage":0,"enemies":"3 Darklings","floor":48,"turns":6},{"damage":39,"enemies":"Donu and Deca","floor":50,"turns":12}],"seed_played":"4476399178312925710","potions_obtained":[{"floor":1,"key":"Explosive Potion"},{"floor":8,"key":"AttackPotion"},{"floor":13,"key":"LiquidBronze"},{"floor":16,"key":"Dexterity Potion"},{"floor":18,"key":"LiquidBronze"},{"floor":22,"key":"GhostInAJar"},{"floor":27,"key":"Regen Potion"},{"floor":33,"key":"Regen Potion"}],"is_trial":false,"path_per_floor":["M","$","?","M","M","E","R","M","T","M","?","R","M","M","R","B",null,"M","M","?","M","M","R","?","M","T","M","?","$","M","M","R","B",null,"M","$","M","$","?","R","M","R","T","R","M","?","R","M","R","B",null],"character_chosen":"THE_SILENT","items_purchased":["Happy Flower","Underhanded Strike","PiercingWail"],"campfire_rested":2,"item_purchase_floors":[29,38,38],"current_hp_per_floor":[70,70,56,56,56,47,47,29,29,29,29,50,45,45,45,16,70,62,62,49,41,41,41,41,39,39,37,37,37,49,47,69,57,75,75,75,74,74,74,74,74,74,74,74,74,71,71,71,71,32],"gold":83,"neow_bonus":"THREE_RARE_CARDS","is_prod":false,"is_daily":false,"chose_seed":false,"campfire_upgraded":8,"win_rate":0,"timestamp":1555798623,"path_taken":["M","$","?","M","M","E","R","M","T","M","?","R","M","?","R","BOSS","M","?","?","M","M","R","?","M","T","M","?","$","M","M","R","BOSS","M","?","M","$","?","R","?","R","T","R","?","?","R","M","R","BOSS"],"build_version":"2019-01-23","purchased_purges":3,"victory":true,"max_hp_per_floor":[70,70,70,70,70,70,70,70,70,70,70,70,70,70,70,70,70,70,70,75,75,75,75,75,75,75,75,75,75,75,75,75,75,75,75,75,75,75,75,75,75,75,75,75,75,71,71,71,71,71],"card_choices":[{"not_picked":["Unload","Storm of Steel"],"picked":"Tools of the Trade","floor":0},{"not_picked":["Slice","Dash"],"picked":"Well Laid Plans","floor":1},{"not_picked":["Terror","All Out Attack"],"picked":"Dodge and Roll","floor":4},{"not_picked":["Dagger Throw","PiercingWail"],"picked":"Tactician","floor":5},{"not_picked":["Masterful Stab","Accuracy"],"picked":"Burst","floor":6},{"not_picked":["Blur","Eviscerate"],"picked":"PiercingWail","floor":8},{"not_picked":["Blade Dance","Flying Knee"],"picked":"Noxious Fumes","floor":10},{"not_picked":["Crippling Poison","Acrobatics"],"picked":"Deadly Poison","floor":13},{"not_picked":["PiercingWail","Deflect"],"picked":"Calculated Gamble","floor":14},{"not_picked":["Tools of the Trade","Envenom"],"picked":"Adrenaline","floor":16},{"not_picked":["Well Laid Plans+1","Prepared"],"picked":"Reflex","floor":18},{"not_picked":["Acrobatics","Finisher+1"],"picked":"Underhanded Strike","floor":19},{"not_picked":["Escape Plan+1","Distraction"],"picked":"Backflip+1","floor":21},{"not_picked":["Underhanded Strike+1","Crippling Poison"],"picked":"Noxious Fumes+1","floor":22},{"not_picked":["Slice","Deflect+1"],"picked":"PiercingWail","floor":25},{"not_picked":["Prepared","Deflect"],"picked":"Dagger Spray+1","floor":27},{"not_picked":["Riddle With Holes","Bane","Backflip"],"picked":"SKIP","floor":30},{"not_picked":["Accuracy","Deflect+1"],"picked":"Malaise","floor":31},{"not_picked":["Unload","Night Terror"],"picked":"Tools of the Trade","floor":33},{"not_picked":["Eviscerate+1","Flying Knee+1","Slice+1"],"picked":"SKIP","floor":35},{"not_picked":["Eviscerate+1","Deflect+1"],"picked":"Dagger Throw+1","floor":37},{"not_picked":["Backflip+1","PiercingWail+1","Finisher"],"picked":"SKIP","floor":41},{"not_picked":["Cloak And Dagger","PiercingWail+1"],"picked":"Skewer+1","floor":45},{"not_picked":["Flying Knee","Well Laid Plans"],"picked":"Footwork+1","floor":48}],"player_experience":149711,"relics_obtained":[{"floor":6,"key":"Bag of Marbles"},{"floor":9,"key":"Orichalcum"},{"floor":26,"key":"Bottled Lightning"},{"floor":43,"key":"Art of War"}],"event_choices":[{"damage_healed":0,"gold_gain":0,"player_choice":"Entered Light","damage_taken":14,"max_hp_gain":0,"max_hp_loss":0,"event_name":"Shining Light","floor":3,"gold_loss":0,"cards_upgraded":["Defend_G","Defend_G"]},{"damage_healed":0,"gold_gain":0,"player_choice":"Forge","damage_taken":0,"max_hp_gain":0,"max_hp_loss":0,"event_name":"Accursed Blacksmith","floor":11,"gold_loss":0,"cards_upgraded":["Tools of the Trade"]},{"damage_healed":0,"gold_gain":0,"player_choice":"Shed Blood","damage_taken":18,"max_hp_gain":5,"max_hp_loss":0,"event_name":"Forgotten Altar","floor":20,"gold_loss":0},{"damage_healed":0,"gold_gain":0,"player_choice":"Obtained Relic","damage_taken":0,"relics_obtained":["Boot"],"max_hp_gain":0,"max_hp_loss":0,"event_name":"Addict","floor":24,"gold_loss":85},{"damage_healed":0,"gold_gain":0,"cards_transformed":["Well Laid Plans"],"player_choice":"Transformed","damage_taken":0,"max_hp_gain":0,"max_hp_loss":0,"event_name":"Transmorgrifier","floor":28,"gold_loss":0,"cards_obtained":["Venomology"]},{"damage_healed":0,"gold_gain":0,"player_choice":"Ignored","damage_taken":0,"max_hp_gain":0,"max_hp_loss":0,"event_name":"NoteForYourself","floor":39,"gold_loss":0},{"damage_healed":0,"gold_gain":0,"player_choice":"Max HP","damage_taken":0,"max_hp_gain":0,"max_hp_loss":4,"event_name":"Winding Halls","floor":46,"gold_loss":0}],"is_beta":false,"boss_relics":[{"not_picked":["HoveringKite","Ring of the Serpent"],"picked":"Runic Pyramid"},{"not_picked":["Black Star","Fusion Hammer"],"picked":"Lizard Tail"}],"items_purged_floors":[2,29,36],"is_endless":false,"potions_floor_spawned":[1,8,13,16,18,22,27,30,33,41,48],"ascension_level":0}