{"gold_per_floor":[118,135,148,164,164,164,198,208,256,256,287,37,37,48,48,125,125,125,25,25,25,25,25,25,25,25,25,25,25,25,25,25,25,25,25,25,25,25,0,0,0,0,0,0],"floor_reached":44,"playtime":2697,"items_purged":["Strike_G","Strike_G"],"score":876,"play_id":"11ec8472-4613-4610-b371-85c9a2a307d4","local_time":"20190508150841","is_ascension_mode":true,"campfire_choices":[{"data":"Deadly Poison","floor":6,"key":"SMITH"},{"data":"Neutralize","floor":10,"key":"SMITH"},{"floor":15,"key":"REST"},{"floor":23,"key":"REST"},{"data":"Leg Sweep","floor":25,"key":"SMITH"},{"data":"Envenom","floor":32,"key":"SMITH"},{"floor":40,"key":"RECALL"},{"data":"Footwork","floor":42,"key":"SMITH"}],"neow_cost":"NONE","seed_source_timestamp":189070711797000,"circlet_count":0,"master_deck":["AscendersBane","Defend_G","Defend_G+1","Defend_G","Defend_G","Defend_G","Survivor","Neutralize+1","Dagger Spray","Quick Slash","Dash","Deadly Poison+1","Venomology","Dagger Spray","Cloak And Dagger","Caltrops","Backflip+1","Predator","Leg Sweep+1","After Image","PiercingWail","Poisoned Stab","Dodge and Roll","Backflip","Leg Sweep+1","Escape Plan","Envenom+1","Burst","Wraith Form v2+1","Dash+1","Burst+1","Footwork+1","PiercingWail"],"relics":["Ring of the Snake","Vajra","Blood Vial","Singing Bowl","Ectoplasm","Snake Skull","War Paint","Astrolabe","Boot","Red Mask","Du-Vu Doll"],"potions_floor_usage":[8,8,11,14,16,16,27,27,27,29,30,33,33,33,35,35,41,41,44,44,44],"damage_taken":[{"damage":1,"enemies":"2 Louse","floor":1,"turns":4},{"damage":2,"enemies":"Jaw Worm","floor":2,"turns":6},{"damage":1,"enemies":"Cultist","floor":3,"turns":4},{"damage":0,"enemies":"2 Fungi Beasts","floor":4,"turns":3},{"damage":15,"enemies":"3 Sentries","floor":7,"turns":8},{"damage":5,"enemies":"Large Slime","floor":8,"turns":5},{"damage":40,"enemies":"Gremlin Nob","floor":11,"turns":5},{"damage":1,"enemies":"Exordium Thugs","floor":14,"turns":6},{"damage":7,"enemies":"Hexaghost","floor":16,"turns":11},{"damage":19,"enemies":"Spheric Guardian","floor":18,"turns":7},{"damage":1,"enemies":"Shell Parasite","floor":20,"turns":7},{"damage":35,"enemies":"Book of Stabbing","floor":24,"turns":6},{"damage":0,"enemies":"3 Cultists","floor":27,"turns":4},{"damage":0,"enemies":"Chosen and Byrds","floor":29,"turns":5},{"damage":2,"enemies":"Snake Plant","floor":30,"turns":5},{"damage":36,"enemies":"Champ","floor":33,"turns":17},{"damage":23,"enemies":"3 Darklings","floor":35,"turns":13},{"damage":2,"enemies":"3 Shapes","floor":37,"turns":5},{"damage":7,"enemies":"Sphere and 2 Shapes","floor":41,"turns":13},{"damage":76,"enemies":"Giant Head","floor":44,"turns":11}],"seed_played":"-2102763392550544235","potions_obtained":[{"floor":0,"key":"AttackPotion"},{"floor":0,"key":"Ancient Potion"},{"floor":11,"key":"SpeedPotion"},{"floor":27,"key":"GhostInAJar"},{"floor":29,"key":"Regen Potion"},{"floor":33,"key":"Dexterity Potion"},{"floor":35,"key":"Regen Potion"},{"floor":41,"key":"Explosive Potion"}],"is_trial":false,"path_per_floor":["M","M","M","M","?","R","E","M","T","R","E","$","?","M","R","B",null,"M","$","M","?","T","R","E","R","T","M","?","M","M","?","R","B",null,"M","?","M","T","?","R","M","R","T","E"],"character_chosen":"THE_SILENT","items_purchased":["Caltrops","Backflip","Predator"],"campfire_rested":2,"item_purchase_floors":[12,12,12],"current_hp_per_floor":[58,56,55,55,60,60,45,40,40,40,2,2,2,3,24,19,58,41,41,42,42,42,63,30,30,30,32,32,34,49,49,49,15,57,36,38,38,38,38,38,50,50,50,0],"gold":0,"neow_bonus":"THREE_SMALL_POTIONS","is_prod":false,"is_daily":false,"chose_seed":false,"campfire_upgraded":5,"win_rate":0,"timestamp":1557295721,"path_taken":["M","M","M","M","?","R","E","M","T","R","E","$","?","M","R","BOSS","M","$","M","?","?","R","E","R","T","M","?","?","M","?","R","BOSS","M","?","M","?","?","R","M","R","T","E"],"build_version":"2019-01-23","purchased_purges":2,"victory":false,"max_hp_per_floor":[66,66,66,66,71,71,71,71,71,71,71,71,71,71,71,71,71,71,71,71,71,71,71,71,71,71,71,71,71,71,71,71,71,71,71,73,73,73,73,73,75,75,75,75],"card_choices":[{"not_picked":["Well Laid Plans","Distraction"],"picked":"Dagger Spray","floor":1},{"not_picked":["Prepared","Infinite Blades"],"picked":"Quick Slash","floor":2},{"not_picked":["Deflect","Cloak And Dagger"],"picked":"Dash","floor":3},{"not_picked":["Catalyst","Choke"],"picked":"Deadly Poison","floor":4},{"not_picked":["Choke","Deadly Poison"],"picked":"Venomology","floor":7},{"not_picked":["Quick Slash","Dash"],"picked":"Dagger Spray","floor":8},{"not_picked":["Setup","Dagger Throw"],"picked":"Cloak And Dagger","floor":11},{"not_picked":["Finisher","Prepared"],"picked":"Leg Sweep","floor":14},{"not_picked":["Night Terror","Storm of Steel"],"picked":"After Image","floor":16},{"not_picked":["Acrobatics","Reflex"],"picked":"PiercingWail","floor":18},{"not_picked":["Expertise","Sucker Punch"],"picked":"Poisoned Stab","floor":20},{"not_picked":["Predator","Masterful Stab"],"picked":"Dodge and Roll","floor":24},{"not_picked":["Sucker Punch","Slice"],"picked":"Backflip","floor":27},{"not_picked":["Deflect","Sucker Punch"],"picked":"Escape Plan","floor":29},{"not_picked":["Flying Knee","Slice"],"picked":"Envenom","floor":30},{"not_picked":["Venomology","Glass Knife"],"picked":"Burst","floor":33},{"not_picked":["Flying Knee","Flechettes+1"],"picked":"Footwork","floor":35},{"not_picked":["Mind Blast","Enlightenment","Madness"],"picked":"Singing Bowl","floor":36},{"not_picked":["Eviscerate","All Out Attack+1"],"picked":"PiercingWail","floor":37},{"not_picked":["Bane","Sucker Punch+1","Masterful Stab+1"],"picked":"Singing Bowl","floor":41}],"player_experience":1278563,"relics_obtained":[{"floor":7,"key":"Vajra"},{"floor":9,"key":"Blood Vial"},{"floor":11,"key":"Singing Bowl"},{"floor":22,"key":"Snake Skull"},{"floor":24,"key":"War Paint"},{"floor":38,"key":"Boot"},{"floor":43,"key":"Du-Vu Doll"}],"event_choices":[{"damage_healed":0,"gold_gain":0,"player_choice":"Donut","damage_taken":0,"max_hp_gain":5,"max_hp_loss":0,"event_name":"Big Fish","floor":5,"gold_loss":0},{"damage_healed":0,"gold_gain":0,"player_choice":"Ignored","damage_taken":0,"max_hp_gain":0,"max_hp_loss":0,"event_name":"Shining Light","floor":13,"gold_loss":0},{"damage_healed":0,"gold_gain":0,"player_choice":"Ignored","damage_taken":0,"max_hp_gain":0,"max_hp_loss":0,"event_name":"Cursed Tome","floor":21,"gold_loss":0},{"damage_healed":0,"gold_gain":0,"player_choice":"Copied","damage_taken":0,"max_hp_gain":0,"max_hp_loss":0,"event_name":"Duplicator","floor":28,"gold_loss":0,"cards_obtained":["Leg Sweep"]},{"damage_healed":0,"gold_gain":0,"player_choice":"Memory 1","damage_taken":0,"max_hp_gain":0,"max_hp_loss":0,"event_name":"SensoryStone","floor":36,"gold_loss":0},{"damage_healed":0,"gold_gain":0,"player_choice":"Paid","damage_taken":0,"relics_obtained":["Red Mask"],"max_hp_gain":0,"max_hp_loss":0,"event_name":"Tomb of Lord Red Mask","floor":39,"gold_loss":25}],"is_beta":false,"boss_relics":[{"not_picked":["Philosopher\u0027s Stone","Coffee Dripper"],"picked":"Ectoplasm"},{"not_picked":["Sozu","Busted Crown"],"picked":"Astrolabe"}],"items_purged_floors":[12,19],"is_endless":false,"potions_floor_spawned":[1,3,7,11,27,29,33,35,41],"killed_by":"Giant Head","ascension_level":20}