{"gold_per_floor":[111,126,143,143,143,143,170,170,170,170,187,187,220,50,50,126,126,143,160,185,205,217,217,229,256,256,256,286,302,302,352,352,426,426,437,537,537,555,567,567,581,8,34,52,85,85,85,98,98,98,98,98,98,44,79,79],"floor_reached":57,"playtime":4442,"items_purged":["Strike_G","Strike_G"],"score":2764,"play_id":"31d47d5a-a6f2-47c4-a715-eb7fe8d93c88","local_time":"20190430144819","is_ascension_mode":true,"campfire_choices":[{"data":"Dagger Spray","floor":6,"key":"SMITH"},{"floor":8,"key":"REST"},{"data":"Noxious Fumes","floor":10,"key":"SMITH"},{"data":"Adrenaline","floor":12,"key":"SMITH"},{"data":"Caltrops","floor":15,"key":"SMITH"},{"data":"Backflip","floor":23,"key":"SMITH"},{"floor":27,"key":"REST"},{"floor":32,"key":"REST"},{"floor":40,"key":"RECALL"},{"data":"Footwork","floor":49,"key":"SMITH"},{"data":"Adrenaline","floor":53,"key":"SMITH"}],"neow_cost":"NONE","seed_source_timestamp":117581900998900,"circlet_count":0,"master_deck":["AscendersBane","Defend_G+1","Defend_G","Defend_G","Defend_G","Defend_G","Strike_G","Survivor","Neutralize+1","Dagger Spray+1","Backflip+1","Predator","Storm of Steel+1","Noxious Fumes+1","Adrenaline+1","Caltrops+1","Noxious Fumes","Quick Slash","Tools of the Trade","Cloak And Dagger+1","Deflect","Backflip+1","Adrenaline+1","Footwork+1","Bouncing Flask+1","Dodge and Roll+1","Malaise","Backflip+1","Calculated Gamble","Escape Plan","Calculated Gamble","Dagger Throw+1","Poisoned Stab","Deflect"],"relics":["Ring of the Snake","Pen Nib","Mummified Hand","Bronze Scales","Runic Pyramid","Red Mask","Happy Flower","Juzu Bracelet","Blue Candle","Sozu","StoneCalendar","Oddly Smooth Stone","Chemical X","Ornamental Fan","Bag of Marbles","War Paint"],"potions_floor_usage":[7,19,20,28,33,56],"damage_taken":[{"damage":1,"enemies":"2 Louse","floor":1,"turns":3},{"damage":1,"enemies":"Cultist","floor":2,"turns":4},{"damage":0,"enemies":"Jaw Worm","floor":3,"turns":6},{"damage":33,"enemies":"Lagavulin","floor":7,"turns":8},{"damage":0,"enemies":"3 Louse","floor":11,"turns":4},{"damage":8,"enemies":"Gremlin Nob","floor":13,"turns":3},{"damage":18,"enemies":"Hexaghost","floor":16,"turns":7},{"damage":0,"enemies":"Chosen","floor":18,"turns":4},{"damage":0,"enemies":"2 Thieves","floor":19,"turns":2},{"damage":5,"enemies":"Masked Bandits","floor":20,"turns":3},{"damage":0,"enemies":"Centurion and Healer","floor":21,"turns":5},{"damage":5,"enemies":"Snecko","floor":22,"turns":4},{"damage":19,"enemies":"Cultist and Chosen","floor":24,"turns":6},{"damage":0,"enemies":"Book of Stabbing","floor":25,"turns":5},{"damage":33,"enemies":"Slavers","floor":28,"turns":4},{"damage":0,"enemies":"Snake Plant","floor":29,"turns":3},{"damage":21,"enemies":"Collector","floor":33,"turns":9},{"damage":0,"enemies":"3 Darklings","floor":35,"turns":4},{"damage":0,"enemies":"Mind Bloom Boss Battle","floor":36,"turns":7},{"damage":0,"enemies":"Orb Walker","floor":38,"turns":3},{"damage":11,"enemies":"Jaw Worm Horde","floor":39,"turns":4},{"damage":0,"enemies":"Transient","floor":41,"turns":6},{"damage":0,"enemies":"3 Darklings","floor":44,"turns":5},{"damage":0,"enemies":"Nemesis","floor":45,"turns":9},{"damage":0,"enemies":"Maw","floor":48,"turns":8},{"damage":4,"enemies":"Donu and Deca","floor":50,"turns":8},{"damage":0,"enemies":"Awakened One","floor":51,"turns":18},{"damage":2,"enemies":"Shield and Spear","floor":55,"turns":7},{"damage":21,"enemies":"The Heart","floor":56,"turns":11}],"seed_played":"6549462034455834397","potions_obtained":[{"floor":0,"key":"Regen Potion"},{"floor":0,"key":"Explosive Potion"},{"floor":11,"key":"Weak Potion"},{"floor":16,"key":"SteroidPotion"},{"floor":20,"key":"EssenceOfSteel"},{"floor":28,"key":"Explosive Potion"},{"floor":33,"key":"Ancient Potion"}],"is_trial":false,"path_per_floor":["M","M","M","?","?","R","E","R","T","R","M","R","E","$","R","B",null,"M","M","?","M","M","R","M","E","T","R","E","M","?","?","R","B",null,"M","?","?","M","M","R","M","$","T","M","E","T","$","M","R","B","B",null,"R","$","E","B",null],"character_chosen":"THE_SILENT","items_purchased":["Noxious Fumes","Quick Slash","Oddly Smooth Stone","Escape Plan","Chemical X","Poisoned Stab"],"campfire_rested":3,"item_purchase_floors":[14,14,42,42,42,54],"current_hp_per_floor":[58,57,57,37,37,37,19,38,38,38,38,38,30,30,30,12,53,53,53,48,48,43,43,24,24,24,43,10,10,10,10,29,8,52,52,52,52,52,41,41,41,41,41,41,41,41,41,41,41,37,37,59,59,59,57,36],"gold":79,"neow_bonus":"THREE_SMALL_POTIONS","is_prod":false,"is_daily":false,"chose_seed":false,"campfire_upgraded":7,"win_rate":0,"timestamp":1556603299,"path_taken":["M","M","M","?","?","R","E","R","T","R","?","R","E","$","R","BOSS","M","?","?","M","M","R","M","E","T","R","E","M","?","?","R","BOSS","M","?","?","M","M","R","M","?","T","M","E","?","$","M","R","BOSS","BOSS","R","$","E","BOSS"],"build_version":"2019-01-23","purchased_purges":2,"victory":true,"max_hp_per_floor":[66,66,66,66,66,66,66,66,66,66,66,66,66,66,66,66,66,66,66,66,66,66,66,66,66,66,66,66,66,66,66,66,66,66,66,66,66,66,66,66,66,66,66,66,66,66,66,66,66,66,66,66,66,66,66,66],"card_choices":[{"not_picked":["Bane","Underhanded Strike"],"picked":"Dagger Spray","floor":1},{"not_picked":["Sucker Punch","Caltrops"],"picked":"Backflip","floor":2},{"not_picked":["Caltrops","Eviscerate"],"picked":"Predator","floor":3},{"not_picked":["Dagger Throw","All Out Attack"],"picked":"Noxious Fumes","floor":7},{"not_picked":["Deadly Poison","Slice"],"picked":"Adrenaline","floor":11},{"not_picked":["Backflip","Finisher"],"picked":"Caltrops","floor":13},{"not_picked":["Storm of Steel","Envenom"],"picked":"Tools of the Trade","floor":16},{"not_picked":["Setup","Dodge and Roll"],"picked":"Cloak And Dagger","floor":18},{"not_picked":["Well Laid Plans","Dagger Spray"],"picked":"Deflect","floor":19},{"not_picked":["Escape Plan","Dagger Throw"],"picked":"Backflip+1","floor":21},{"not_picked":["Outmaneuver","Underhanded Strike"],"picked":"Adrenaline","floor":22},{"not_picked":["Dagger Spray","Cloak And Dagger"],"picked":"Footwork","floor":24},{"not_picked":["Dodge and Roll","Finisher"],"picked":"Bouncing Flask+1","floor":25},{"not_picked":["Slice","Deadly Poison","Underhanded Strike"],"picked":"SKIP","floor":28},{"not_picked":["Caltrops","Adrenaline"],"picked":"Dodge and Roll+1","floor":29},{"not_picked":["Burst","Venomology"],"picked":"Malaise","floor":33},{"not_picked":["Noxious Fumes","Cloak And Dagger"],"picked":"Backflip+1","floor":35},{"not_picked":["Reflex","Backflip","Cloak And Dagger"],"picked":"SKIP","floor":38},{"not_picked":["Bane","Predator"],"picked":"Calculated Gamble","floor":39},{"not_picked":["Phantasmal Killer","Outmaneuver+1","Heel Hook"],"picked":"SKIP","floor":41},{"not_picked":["Outmaneuver","Riddle With Holes+1"],"picked":"Calculated Gamble","floor":44},{"not_picked":["Flechettes","Venomology","Choke"],"picked":"SKIP","floor":45},{"not_picked":["Bouncing Flask","All Out Attack"],"picked":"Dagger Throw+1","floor":48},{"not_picked":["Backflip","Noxious Fumes"],"picked":"Deflect","floor":55}],"player_experience":1158991,"relics_obtained":[{"floor":7,"key":"Pen Nib"},{"floor":9,"key":"Mummified Hand"},{"floor":13,"key":"Bronze Scales"},{"floor":20,"key":"Red Mask"},{"floor":25,"key":"Happy Flower"},{"floor":26,"key":"Juzu Bracelet"},{"floor":28,"key":"Blue Candle"},{"floor":36,"key":"StoneCalendar"},{"floor":45,"key":"Ornamental Fan"},{"floor":46,"key":"Bag of Marbles"},{"floor":55,"key":"War Paint"}],"event_choices":[{"damage_healed":0,"gold_gain":0,"player_choice":"Entered Light","damage_taken":20,"max_hp_gain":0,"max_hp_loss":0,"event_name":"Shining Light","floor":4,"gold_loss":0,"cards_upgraded":["Neutralize","Defend_G"]},{"damage_healed":0,"gold_gain":0,"cards_transformed":["Strike_G"],"player_choice":"Transformed","damage_taken":0,"max_hp_gain":0,"max_hp_loss":0,"event_name":"Transmorgrifier","floor":5,"gold_loss":0,"cards_obtained":["Storm of Steel"]},{"damage_healed":0,"gold_gain":0,"player_choice":"Fought Bandits","damage_taken":0,"max_hp_gain":0,"max_hp_loss":0,"event_name":"Masked Bandits","floor":20,"gold_loss":0},{"damage_healed":0,"gold_gain":0,"player_choice":"Ignored","damage_taken":0,"max_hp_gain":0,"max_hp_loss":0,"event_name":"Cursed Tome","floor":30,"gold_loss":0},{"damage_healed":0,"gold_gain":50,"player_choice":"Stole From Cult","damage_taken":0,"max_hp_gain":0,"max_hp_loss":0,"event_name":"Nest","floor":31,"gold_loss":0},{"damage_healed":0,"gold_gain":0,"player_choice":"Fight","damage_taken":0,"max_hp_gain":0,"max_hp_loss":0,"event_name":"MindBloom","floor":36,"gold_loss":0},{"cards_removed":["Strike_G"],"damage_healed":0,"gold_gain":0,"player_choice":"Removed Attack","damage_taken":0,"max_hp_gain":0,"max_hp_loss":0,"event_name":"Falling","floor":37,"gold_loss":0}],"is_beta":false,"boss_relics":[{"not_picked":["Fusion Hammer","Velvet Choker"],"picked":"Runic Pyramid"},{"not_picked":["HoveringKite","Black Star"],"picked":"Sozu"}],"items_purged_floors":[14,42],"is_endless":false,"potions_floor_spawned":[3,11,16,18,20,28,33,35,38,41,45,55],"ascension_level":20}