{"gold_per_floor":[114,114,64,11,31,59,59,59,59,72,88,88,105,125,125,223,223,233,332,247,24,34,34,34,34,61,61,74,85,99,117,117,117],"floor_reached":33,"playtime":1112,"items_purged":["Strike_R"],"score":399,"play_id":"f79f5262-dd1e-4c02-9cce-ca2eb4f8ee52","local_time":"20181231225242","is_ascension_mode":true,"campfire_choices":[{"data":"Bash","floor":7.0,"key":"SMITH"},{"data":"Armaments","floor":12.0,"key":"SMITH"},{"data":"Seeing Red","floor":15.0,"key":"SMITH"},{"data":"Reaper","floor":23,"key":"SMITH"},{"data":"Infernal Blade","floor":25,"key":"SMITH"},{"data":"Whirlwind","floor":32,"key":"SMITH"}],"neow_cost":"NONE","seed_source_timestamp":511193583922498,"circlet_count":0,"master_deck":["Strike_R+1","Strike_R+1","Strike_R+1","Defend_R+1","Defend_R+1","Defend_R+1","Defend_R+1","Bash+1","Feed","Heavy Blade","Cleave","Armaments+1","Flex+1","Cleave","Rampage","Infernal Blade+1","Seeing Red+1","Impervious","Cleave","Reaper+1","Fiend Fire","Sentinel+1","Inflame","Whirlwind+1"],"special_seed":0,"relics":["Burning Blood","Unceasing Top","CultistMask","Pantograph","Sozu","Anchor","Art of War"],"potions_floor_usage":[16,29,33],"damage_taken":[{"damage":8.0,"enemies":"Small Slimes","floor":1.0,"turns":5.0},{"damage":1.0,"enemies":"Cultist","floor":5.0,"turns":3.0},{"damage":35.0,"enemies":"Lagavulin","floor":6.0,"turns":6.0},{"damage":7.0,"enemies":"Jaw Worm","floor":10.0,"turns":3.0},{"damage":1.0,"enemies":"3 Louse","floor":11.0,"turns":2.0},{"damage":13.0,"enemies":"Exordium Thugs","floor":13.0,"turns":3.0},{"damage":4.0,"enemies":"Blue Slaver","floor":14.0,"turns":3.0},{"damage":0,"enemies":"Slime Boss","floor":16,"turns":7},{"damage":8,"enemies":"3 Byrds","floor":18,"turns":6},{"damage":29,"enemies":"2 Thieves","floor":22,"turns":4},{"damage":0,"enemies":"Chosen and Byrds","floor":28,"turns":4},{"damage":0,"enemies":"Centurion and Healer","floor":29,"turns":5},{"damage":40,"enemies":"Snecko","floor":30,"turns":6},{"damage":18,"enemies":"Cultist and Chosen","floor":31,"turns":5},{"damage":105,"enemies":"Champ","floor":33,"turns":10}],"seed_played":"4133148181728349201","potions_obtained":[{"floor":1.0,"key":"Fire Potion"},{"floor":6.0,"key":"Energy Potion"},{"floor":13.0,"key":"Explosive Potion"},{"floor":16,"key":"LiquidBronze"}],"is_trial":false,"path_per_floor":["M","?","?","$","M","E","R","?","T","M","M","R","M","M","R","B",null,"M","?","?","$","M","R","?","R","T","?","M","M","M","M","R","B"],"character_chosen":"IRONCLAD","items_purchased":["Cleave","Reaper"],"campfire_rested":0,"item_purchase_floors":[4,21],"current_hp_per_floor":[81,64,64,64,72,43,43,43,43,42,50,50,43,45,45,76,86,88,88,88,88,72,72,72,72,72,72,88,99,65,67,67,0],"gold":117,"neow_bonus":"ONE_RANDOM_RARE_CARD","is_prod":false,"is_daily":false,"chose_seed":false,"campfire_upgraded":6,"win_rate":0,"timestamp":1546264362,"path_taken":["M","?","?","$","M","E","R","?","T","?","M","R","M","M","R","BOSS","M","?","?","$","?","R","?","R","T","?","?","M","M","M","R","BOSS"],"build_version":"2018-12-20","purchased_purges":1,"victory":false,"max_hp_per_floor":[83,83,83,83,86,86,86,86,86,86,89,89,89,89,89,89,89,93,93,93,93,93,93,93,93,93,93,96,99,99,99,99,99],"card_choices":[{"not_picked":["Rupture","Wild Strike"],"picked":"Heavy Blade","floor":1.0},{"not_picked":["Burning Pact","Cleave"],"picked":"Armaments","floor":5.0},{"not_picked":["Wild Strike","Feel No Pain"],"picked":"Flex","floor":6.0},{"not_picked":["Disarm","Clothesline"],"picked":"Cleave","floor":10.0},{"not_picked":["Havoc","Fire Breathing"],"picked":"Rampage","floor":11.0},{"not_picked":["Sentinel","Havoc"],"picked":"Infernal Blade","floor":13.0},{"not_picked":["Clothesline","Havoc"],"picked":"Seeing Red","floor":14.0},{"not_picked":["Bludgeon","Fiend Fire"],"picked":"Impervious","floor":16},{"not_picked":["Combust","Sentinel"],"picked":"Cleave","floor":18},{"not_picked":["Heavy Blade","Cleave","Pummel"],"picked":"SKIP","floor":22},{"not_picked":["Clash","Wild Strike"],"picked":"Fiend Fire","floor":28},{"not_picked":["Seeing Red","Burning Pact"],"picked":"Sentinel+1","floor":29},{"not_picked":["Dual Wield","Perfected Strike+1"],"picked":"Inflame","floor":30},{"not_picked":["Bloodletting+1","Intimidate"],"picked":"Whirlwind","floor":31}],"player_experience":293554,"relics_obtained":[{"floor":6.0,"key":"Unceasing Top"},{"floor":9.0,"key":"Pantograph"},{"floor":26,"key":"Art of War"}],"event_choices":[{"damage_healed":0.0,"max_hp_gain":0.0,"max_hp_loss":0.0,"gold_gain":0.0,"event_name":"Shining Light","player_choice":"Entered Light","floor":2.0,"gold_loss":0.0,"damage_taken":17.0,"cards_upgraded":["Strike_R","Strike_R"]},{"cards_removed":["Strike_R"],"damage_healed":0.0,"max_hp_gain":0.0,"max_hp_loss":0.0,"gold_gain":0.0,"event_name":"The Cleric","player_choice":"Card Removal","floor":3.0,"gold_loss":50.0,"damage_taken":0.0},{"damage_healed":0.0,"max_hp_gain":0.0,"max_hp_loss":0.0,"gold_gain":0.0,"event_name":"FaceTrader","player_choice":"Trade","floor":8.0,"gold_loss":0.0,"damage_taken":0.0,"relics_obtained":["CultistMask"]},{"damage_healed":0,"gold_gain":99,"player_choice":"Stole From Cult","damage_taken":0,"max_hp_gain":0,"max_hp_loss":0,"event_name":"Nest","floor":19,"gold_loss":0},{"damage_healed":0,"gold_gain":0,"player_choice":"Obtained Relic","damage_taken":0,"relics_obtained":["Anchor"],"max_hp_gain":0,"max_hp_loss":0,"event_name":"Addict","floor":20,"gold_loss":85},{"damage_healed":0,"gold_gain":0,"player_choice":"Simplicity","damage_taken":0,"max_hp_gain":0,"max_hp_loss":0,"event_name":"Back to Basics","floor":24,"gold_loss":0,"cards_upgraded":["Strike_R","Defend_R","Defend_R","Defend_R","Defend_R"]},{"damage_healed":0,"gold_gain":0,"player_choice":"Upgraded","damage_taken":0,"max_hp_gain":0,"max_hp_loss":0,"event_name":"Upgrade Shrine","floor":27,"gold_loss":0,"cards_upgraded":["Flex"]}],"is_beta":false,"boss_relics":[{"not_picked":["Calling Bell","Eternal Feather"],"picked":"Sozu"}],"items_purged_floors":[21],"is_endless":false,"potions_floor_spawned":[1,6,13,16,18,29],"killed_by":"Champ","ascension_level":5}