{"gold_per_floor":[112,128,144,14,33,33,59,59,59,88,101,120,13,13,13,90,90,107,107,157,173,185,185],"floor_reached":23,"playtime":1325,"items_purged":["Strike_B"],"score":406,"play_id":"b3c5257f-3f3a-43ea-b786-7fb5a6966e29","local_time":"20190512185813","is_ascension_mode":true,"campfire_choices":[{"data":"Zap","floor":6,"key":"SMITH"},{"data":"Coolheaded","floor":8,"key":"SMITH"},{"data":"Go for the Eyes","floor":15,"key":"SMITH"}],"neow_cost":"TEN_PERCENT_HP_LOSS","seed_source_timestamp":549807518739299,"circlet_count":0,"master_deck":["AscendersBane","Strike_B","Strike_B","Strike_B","Defend_B","Defend_B","Defend_B","Defend_B","Zap+1","Dualcast","Rebound","Coolheaded+1","Genetic Algorithm","Capacitor","Rip and Tear","Hologram","Go for the Eyes+1","Barrage","Biased Cognition","Self Repair","RitualDagger","Recycle"],"relics":["Cracked Core","Dead Branch","Meat on the Bone","Bird Faced Urn","Mango","Sozu"],"potions_floor_usage":[7,7,16,16],"damage_taken":[{"damage":2,"enemies":"Cultist","floor":1,"turns":4},{"damage":1,"enemies":"Small Slimes","floor":2,"turns":4},{"damage":4,"enemies":"Jaw Worm","floor":3,"turns":4},{"damage":7,"enemies":"3 Louse","floor":5,"turns":4},{"damage":5,"enemies":"3 Sentries","floor":7,"turns":5},{"damage":14,"enemies":"Lagavulin","floor":10,"turns":8},{"damage":24,"enemies":"Exordium Thugs","floor":11,"turns":5},{"damage":6,"enemies":"Large Slime","floor":12,"turns":7},{"damage":15,"enemies":"Hexaghost","floor":16,"turns":8},{"damage":0,"enemies":"3 Byrds","floor":18,"turns":5},{"damage":25,"enemies":"Shell Parasite","floor":21,"turns":5},{"damage":34,"enemies":"Cultist and Chosen","floor":22,"turns":7},{"damage":45,"enemies":"Gremlin Leader","floor":23,"turns":9}],"seed_played":"3443252301483308340","potions_obtained":[{"floor":3,"key":"Poison Potion"},{"floor":5,"key":"Energy Potion"},{"floor":12,"key":"AttackPotion"},{"floor":16,"key":"FocusPotion"}],"is_trial":false,"path_per_floor":["M","M","M","$","M","R","E","R","T","E","M","M","$","?","R","B",null,"M","?","?","M","M","E"],"character_chosen":"DEFECT","items_purchased":["PowerPotion","Barrage","Block Potion"],"campfire_rested":0,"item_purchase_floors":[4,13,13],"current_hp_per_floor":[62,61,57,57,50,50,45,45,45,49,41,51,51,51,51,50,71,75,69,69,55,37,0],"gold":185,"neow_bonus":"ONE_RARE_RELIC","is_prod":false,"is_daily":false,"chose_seed":false,"campfire_upgraded":3,"win_rate":0,"timestamp":1557655093,"path_taken":["M","?","M","$","M","R","E","R","T","E","M","M","?","?","R","BOSS","M","?","?","?","M","E"],"build_version":"2019-01-23","purchased_purges":1,"victory":false,"max_hp_per_floor":[64,64,64,64,64,64,64,64,64,78,78,78,78,78,78,78,78,78,78,78,78,78,78],"card_choices":[{"not_picked":["Go for the Eyes","Barrage"],"picked":"Rebound","floor":1},{"not_picked":["Force Field","Blizzard"],"picked":"Coolheaded","floor":2},{"not_picked":["Streamline","Aggregate","Fusion"],"picked":"SKIP","floor":3},{"not_picked":["Consume","Conserve Battery"],"picked":"Genetic Algorithm","floor":5},{"not_picked":["White Noise","Fission"],"picked":"Capacitor","floor":7},{"not_picked":["Beam Cell","Stack"],"picked":"Rip and Tear","floor":10},{"not_picked":["Redo","Beam Cell"],"picked":"Hologram","floor":11},{"not_picked":["Turbo","Redo"],"picked":"Go for the Eyes","floor":12},{"not_picked":["Core Surge","Meteor Strike"],"picked":"Biased Cognition","floor":16},{"not_picked":["Skim","Barrage"],"picked":"Self Repair","floor":18},{"not_picked":["Coolheaded","Hologram"],"picked":"Recycle","floor":21},{"not_picked":["Beam Cell","Steam","Blizzard"],"picked":"SKIP","floor":22}],"player_experience":1359201,"relics_obtained":[{"floor":7,"key":"Meat on the Bone"},{"floor":9,"key":"Bird Faced Urn"},{"floor":10,"key":"Mango"}],"event_choices":[{"damage_healed":0,"gold_gain":0,"player_choice":"Leave","damage_taken":0,"max_hp_gain":0,"max_hp_loss":0,"event_name":"The Cleric","floor":14,"gold_loss":0},{"damage_healed":0,"gold_gain":0,"player_choice":"Joined the Cult","damage_taken":6,"max_hp_gain":0,"max_hp_loss":0,"event_name":"Nest","floor":19,"gold_loss":0,"cards_obtained":["RitualDagger"]},{"damage_healed":0,"gold_gain":50,"player_choice":"Pray","damage_taken":0,"max_hp_gain":0,"max_hp_loss":0,"event_name":"Golden Shrine","floor":20,"gold_loss":0}],"is_beta":false,"boss_relics":[{"not_picked":["Coffee Dripper","Ectoplasm"],"picked":"Sozu"}],"items_purged_floors":[4],"is_endless":false,"potions_floor_spawned":[3,5,12,16,22],"killed_by":"Gremlin Leader","ascension_level":20}