{"path_per_floor":["M","M","M","M","$","R","E","R","T","?","?","?","R","?","R","B",null,"M","M","?","M","M","E","R","$","T","?","M","R","?","T","R","B",null,"M","M","M","$","M","R","$","E","T","M","E","M","M","M","R"],"character_chosen":"DEFECT","items_purchased":["Ball Lightning","Oddly Smooth Stone","Gash","Reprogram","Dramatic Entrance","Bag of Marbles","Weak Potion"],"gold_per_floor":[119,135,152,171,42,42,70,70,97,97,123,182,182,357,357,458,458,477,495,420,440,450,483,483,5,32,32,45,45,45,45,45,150,150,168,187,197,53,64,64,13,42,42,59,91,101,115,131,131,131],"floor_reached":50,"campfire_rested":6,"playtime":4638,"item_purchase_floors":[],"current_hp_per_floor":[75,74,72,72,72,72,56,56,56,56,46,38,38,38,60,28,75,73,73,73,43,25,11,33,33,33,33,35,59,45,45,71,40,84,75,61,55,55,57,82,82,71,71,73,36,27,29,17,42,0],"items_purged":["Strike_B","Defend_B"],"gold":131,"score":575,"play_id":"baabf639-808e-4446-ae9f-55813edf2cd5","local_time":"20180617085625","is_prod":false,"is_daily":false,"chose_seed":false,"is_ascension_mode":true,"campfire_upgraded":3,"win_rate":0.0,"timestamp":1529243785,"campfire_choices":[{"data":"Darkness","floor":6.0,"key":"SMITH"},{"data":"Streamline","floor":8.0,"key":"SMITH"},{"data":"Streamline","floor":13.0,"key":"SMITH"},{"floor":15.0,"key":"REST"},{"floor":24.0,"key":"REST"},{"floor":29,"key":"REST"},{"floor":32,"key":"REST"},{"floor":40,"key":"REST"},{"floor":49,"key":"REST"}],"path_taken":["M","M","M","M","$","R","E","R","T","?","?","?","R","?","R","BOSS","M","M","?","M","M","E","R","$","T","?","M","R","?","?","R","BOSS","M","M","M","$","M","R","$","E","T","M","E","M","M","M","R","BOSS"],"build_version":"2018-06-14v2","seed_source_timestamp":0,"purchased_purges":2,"victory":false,"master_deck":["Strike_B+1","Strike_B+1","Defend_B+1","Defend_B+1","Zap","Dualcast","Streamline+1","Darkness+1","Streamline+1","Go for the Eyes","Ball Lightning","BootSequence","Heatsinks","Ball Lightning","Leap","Electrodynamics","All For One","Hologram+1","Leap","Gash+1","Conserve Battery+1","Leap","Machine Learning","Gash","Reprogram","Dramatic Entrance","Melter+1","Biased Cognition","Hologram+1","Conserve Battery+1","Beam Cell+1","Buffer","Redo+1","BootSequence","Barrage+1","Barrage+1","Buffer","Static Discharge+1","Barrage+1","Self Repair+1"],"max_hp_per_floor":[75,75,75,75,75,75,75,75,75,75,75,75,75,75,75,75,75,75,75,75,75,75,75,75,75,75,75,75,77,82,82,84,84,84,84,84,84,84,84,84,84,84,84,84,84,84,84,84,84,84],"special_seed":17699,"relics":["Cracked Core","Omamori","Dream Catcher","Singing Bowl","Odd Mushroom","Orichalcum","Fusion Hammer","Vajra","Oddly Smooth Stone","Blood Vial","Pantograph","Runic Pyramid","Bag of Marbles","Du-Vu Doll","Dodecahedron","Bronze Scales"],"card_choices":[{"not_picked":["Chaos","Blizzard"],"picked":"Streamline","floor":1.0},{"not_picked":["Redo","Double Energy"],"picked":"Darkness","floor":2.0},{"not_picked":["Double Energy","Go for the Eyes"],"picked":"Streamline","floor":3.0},{"not_picked":["Fusion","Cold Snap"],"picked":"Go for the Eyes","floor":4.0},{"not_picked":["Compile Driver","Steam"],"picked":"BootSequence","floor":7.0},{"not_picked":["Streamline","Redo"],"picked":"Ball Lightning","floor":11.0},{"not_picked":["Ball Lightning","Streamline"],"picked":"Leap","floor":12.0},{"not_picked":["Stack","Beam Cell"],"picked":"Electrodynamics","floor":15.0},{"not_picked":["Reboot","Amplify"],"picked":"All For One","floor":16.0},{"not_picked":["Leap","Doom and Gloom"],"picked":"Hologram+1","floor":18.0},{"not_picked":["Blizzard","Compile Driver"],"picked":"Leap","floor":19.0},{"not_picked":["Compile Driver+1","Beam Cell"],"picked":"Gash+1","floor":21.0},{"not_picked":["Self Repair","Heatsinks"],"picked":"Conserve Battery+1","floor":22.0},{"not_picked":["Cold Snap+1","Rip and Tear"],"picked":"Leap","floor":23.0},{"not_picked":["Streamline","Glacier"],"picked":"Machine Learning","floor":24.0},{"not_picked":["Go for the Eyes","Cold Snap+1"],"picked":"Melter+1","floor":28},{"not_picked":["Leap","Compile Driver","Coolheaded"],"picked":"Singing Bowl","floor":29},{"not_picked":["Compile Driver","Stack","Go for the Eyes"],"picked":"Singing Bowl","floor":32},{"not_picked":["Seek","Multi-Cast"],"picked":"Biased Cognition","floor":33},{"not_picked":["Ball Lightning","Barrage+1"],"picked":"Hologram+1","floor":35},{"not_picked":["Steam Power","Fusion"],"picked":"Conserve Battery+1","floor":36},{"not_picked":["Leap","Barrage"],"picked":"Beam Cell+1","floor":37},{"not_picked":["Redo","Fusion"],"picked":"Buffer","floor":39},{"not_picked":["Hologram","Doom and Gloom+1"],"picked":"Redo+1","floor":40},{"not_picked":["Stack","Beam Cell+1"],"picked":"BootSequence","floor":42},{"not_picked":["Steam","Go for the Eyes"],"picked":"Barrage+1","floor":44},{"not_picked":["Streamline+1","Ball Lightning+1"],"picked":"Barrage+1","floor":45},{"not_picked":["Self Repair","Hello World+1"],"picked":"Buffer","floor":46},{"not_picked":["Fusion+1","Lockon"],"picked":"Static Discharge+1","floor":47},{"not_picked":["Auto Shields+1","Go for the Eyes"],"picked":"Barrage+1","floor":48},{"not_picked":["Stack+1","Melter"],"picked":"Self Repair+1","floor":49}],"player_experience":128726,"potions_floor_usage":[33,37,45,45,45,48],"damage_taken":[{"damage":0.0,"enemies":"Small Slimes","floor":1.0,"turns":4.0},{"damage":1.0,"enemies":"Cultist","floor":2.0,"turns":3.0},{"damage":2.0,"enemies":"2 Louse","floor":3.0,"turns":3.0},{"damage":0.0,"enemies":"Looter","floor":4.0,"turns":2.0},{"damage":16.0,"enemies":"Gremlin Nob","floor":7.0,"turns":3.0},{"damage":10.0,"floor":11.0,"turns":4.0},{"damage":8.0,"enemies":"3 Sentries","floor":12.0,"turns":5.0},{"damage":32.0,"enemies":"The Guardian","floor":16.0,"turns":8.0},{"damage":2.0,"enemies":"Shell Parasite","floor":18.0,"turns":4.0},{"damage":0.0,"enemies":"Chosen","floor":19.0,"turns":4.0},{"damage":30.0,"enemies":"3 Cultists","floor":21.0,"turns":6.0},{"damage":18.0,"enemies":"Snake Plant","floor":22.0,"turns":4.0},{"damage":14.0,"enemies":"Book of Stabbing","floor":23.0,"turns":5.0},{"damage":0,"enemies":"Centurion and Healer","floor":28,"turns":5},{"damage":44,"enemies":"Automaton","floor":33,"turns":10},{"damage":9,"enemies":"Orb Walker","floor":35,"turns":3},{"damage":16,"enemies":"3 Shapes","floor":36,"turns":4},{"damage":8,"enemies":"Maw","floor":37,"turns":7},{"damage":0,"enemies":"4 Shapes","floor":39,"turns":3},{"damage":13,"enemies":"Nemesis","floor":42,"turns":7},{"damage":0,"enemies":"Sphere and 2 Shapes","floor":44,"turns":3},{"damage":39,"enemies":"2 Orb Walkers","floor":45,"turns":6},{"damage":11,"enemies":"3 Darklings","floor":46,"turns":4},{"damage":0,"enemies":"Maw","floor":47,"turns":7},{"damage":14,"enemies":"4 Shapes","floor":48,"turns":4},{"damage":75,"enemies":"Donu and Deca","floor":50,"turns":6}],"relics_obtained":[{"floor":7.0,"key":"Dream Catcher"},{"floor":9.0,"key":"Singing Bowl"},{"floor":11.0,"key":"Odd Mushroom"},{"floor":12.0,"key":"Orichalcum"},{"floor":23.0,"key":"Vajra"},{"floor":26.0,"key":"Blood Vial"},{"floor":31,"key":"Pantograph"},{"floor":42,"key":"Du-Vu Doll"},{"floor":43,"key":"Dodecahedron"},{"floor":45,"key":"Bronze Scales"}],"event_choices":[{"event_name":"Transmorgrifier","player_choice":"Transform","floor":10.0,"damage_taken":0.0},{"event_name":"Mushrooms","player_choice":"Fought Mushrooms","floor":11.0,"damage_taken":0.0},{"event_name":"Dead Adventurer","player_choice":"Searched \u00272\u0027 times","floor":12.0,"damage_taken":0.0},{"event_name":"Liars Game","player_choice":"agreed","floor":14.0,"damage_taken":0.0},{"event_name":"Beggar","player_choice":"Gave Gold","floor":20.0,"damage_taken":0.0},{"event_name":"Back to Basics","player_choice":"Simplicity","floor":27,"damage_taken":0},{"event_name":"Forgotten Altar","player_choice":"Shed Blood","floor":30,"damage_taken":0}],"boss_relics":[{"not_picked":["Black Star","Inserter"],"picked":"Fusion Hammer"},{"not_picked":["Snecko Eye","Lizard Tail"],"picked":"Runic Pyramid"}],"items_purged_floors":[],"is_endless":false,"potions_floor_spawned":[2,3,16,19,36,39,44,47],"seed_played":"926898303789812271","killed_by":"Donu and Deca","ascension_level":1,"potions_obtained":[{"floor":2.0,"key":"Block Potion"},{"floor":3.0,"key":"Energy Potion"},{"floor":16.0,"key":"Dexterity Potion"},{"floor":19.0,"key":"Energy Potion"},{"floor":36,"key":"Dexterity Potion"},{"floor":39,"key":"Block Potion"},{"floor":44,"key":"SpeedPotion"},{"floor":47,"key":"SkillPotion"}],"is_trial":false}