{"gold_per_floor":[117,117,117,117,130,130,13,13,13,29,45,45,79,103,103,199,199,213,213,228,246,60,60,74,74,130,149,162,162,162,18,18,109,109,123,123,147,147,147,185,30,30,30,30,53,74,74,199,199,199,199],"floor_reached":51,"playtime":2245,"items_purged":["Strike_B","Strike_B"],"score":1275,"play_id":"5fac225f-e183-44a1-8970-6f3d221a2631","local_time":"20190407225302","is_ascension_mode":true,"campfire_choices":[{"data":"Zap","floor":6.0,"key":"SMITH"},{"data":"Conserve Battery","floor":8.0,"key":"SMITH"},{"floor":12.0,"key":"REST"},{"floor":15.0,"key":"REST"},{"floor":23.0,"key":"REST"},{"floor":29.0,"key":"REST"},{"floor":32.0,"key":"REST"},{"floor":42.0,"key":"REST"},{"floor":44.0,"key":"RECALL"},{"floor":47.0,"key":"REST"},{"floor":49.0,"key":"REST"}],"neow_cost":"PERCENT_DAMAGE","seed_source_timestamp":827401065859658,"circlet_count":0,"master_deck":["AscendersBane","Defend_B","Defend_B","Defend_B","Defend_B","Zap+1","Dualcast","Conserve Battery+1","Rebound","White Noise","Coolheaded","Cold Snap","Ball Lightning","Ball Lightning","Biased Cognition","Self Repair","Reprogram","Gash+1","Sweeping Beam","Apotheosis+1","Leap","Go for the Eyes","Steam+1","FTL","Core Surge","Sunder+1","Reinforced Body","Loop","Capacitor","Electrodynamics"],"special_seed":0,"relics":["Cracked Core","Du-Vu Doll","Golden Idol","Sundial","Meat on the Bone","Fusion Hammer","Tiny Chest","Runic Pyramid","PreservedInsect","Bottled Flame","StoneCalendar"],"potions_floor_usage":[50],"damage_taken":[{"damage":7.0,"enemies":"2 Louse","floor":1.0,"turns":3.0},{"damage":2.0,"enemies":"Jaw Worm","floor":5.0,"turns":4.0},{"damage":0.0,"enemies":"Cultist","floor":10.0,"turns":3.0},{"damage":46.0,"enemies":"Gremlin Gang","floor":11.0,"turns":4.0},{"damage":3.0,"enemies":"Lagavulin","floor":13.0,"turns":7.0},{"damage":21.0,"enemies":"Lots of Slimes","floor":14.0,"turns":3.0},{"damage":12.0,"enemies":"Slime Boss","floor":16.0,"turns":8.0},{"damage":25.0,"enemies":"Shell Parasite","floor":18.0,"turns":3.0},{"damage":20.0,"enemies":"2 Thieves","floor":20.0,"turns":3.0},{"damage":25.0,"enemies":"3 Cultists","floor":21.0,"turns":4.0},{"damage":36.0,"enemies":"Cultist and Chosen","floor":24.0,"turns":5.0},{"damage":9.0,"enemies":"Sentry and Sphere","floor":27.0,"turns":6.0},{"damage":27.0,"enemies":"Snake Plant","floor":28.0,"turns":4.0},{"damage":68.0,"enemies":"Automaton","floor":33.0,"turns":11.0},{"damage":7.0,"enemies":"3 Darklings","floor":35.0,"turns":5.0},{"damage":0.0,"enemies":"3 Shapes","floor":37.0,"turns":6.0},{"damage":57.0,"enemies":"Reptomancer","floor":40.0,"turns":5.0},{"damage":0.0,"enemies":"Sphere and 2 Shapes","floor":45.0,"turns":5.0},{"damage":11.0,"enemies":"Maw","floor":46.0,"turns":7.0},{"damage":0.0,"enemies":"Mind Bloom Boss Battle","floor":48.0,"turns":7.0},{"damage":62,"enemies":"Donu and Deca","floor":50,"turns":9},{"damage":26,"enemies":"Time Eater","floor":51,"turns":1}],"seed_played":"-8735944863234292783","potions_obtained":[{"floor":1.0,"key":"Strength Potion"},{"floor":11.0,"key":"FearPotion"},{"floor":14.0,"key":"FairyPotion"},{"floor":20.0,"key":"Strength Potion"},{"floor":28.0,"key":"Regen Potion"},{"floor":35.0,"key":"FocusPotion"},{"floor":37.0,"key":"SteroidPotion"},{"floor":40.0,"key":"LiquidBronze"},{"floor":48.0,"key":"Dexterity Potion"}],"is_trial":false,"path_per_floor":["M","?","?","?","M","R","$","R","T","M","M","R","E","M","R","B",null,"M","?","M","M","$","R","M","?","T","M","M","R","?","$","R","B",null,"M","T","M","?","?","E","$","R","T","R","M","M","R","?","R","B","B"],"character_chosen":"DEFECT","items_purchased":["White Noise","Apotheosis","FTL","Reinforced Body","Loop"],"campfire_rested":8,"item_purchase_floors":[7,22,31,41,41],"current_hp_per_floor":[39,62,62,62,60,60,60,60,60,60,14,33,30,21,40,40,58,33,33,32,19,19,38,24,24,24,37,32,51,51,51,64,33,56,59,59,64,64,64,29,29,48,48,48,58,57,64,64,64,24,0],"gold":199,"neow_bonus":"ONE_RARE_RELIC","is_prod":false,"is_daily":false,"chose_seed":false,"campfire_upgraded":2,"win_rate":0,"timestamp":1554645182,"path_taken":["M","?","?","?","M","R","?","R","T","M","M","R","E","?","R","BOSS","M","?","?","?","?","R","M","?","T","M","M","R","?","$","R","BOSS","M","?","?","?","?","E","$","R","T","R","?","M","R","?","R","BOSS","BOSS"],"build_version":"2019-01-23","purchased_purges":2,"victory":false,"max_hp_per_floor":[71,71,71,64,64,64,64,64,64,64,64,64,64,64,64,64,64,64,64,64,64,64,64,64,64,64,64,64,64,64,64,64,64,64,64,64,64,64,64,64,64,64,64,64,64,64,64,64,64,64,64],"card_choices":[{"not_picked":["Streamline","Auto Shields"],"picked":"Conserve Battery","floor":1.0},{"not_picked":["Stack","Sunder"],"picked":"Rebound","floor":5.0},{"not_picked":["Compile Driver","Chill"],"picked":"Coolheaded","floor":10.0},{"not_picked":["Compile Driver","Barrage"],"picked":"Cold Snap","floor":11.0},{"not_picked":["Reprogram","Steam"],"picked":"Ball Lightning","floor":13.0},{"not_picked":["Streamline","Auto Shields"],"picked":"Ball Lightning","floor":14.0},{"not_picked":["Electrodynamics","Buffer"],"picked":"Biased Cognition","floor":16.0},{"not_picked":["Hologram","Beam Cell"],"picked":"Self Repair","floor":18.0},{"not_picked":["Self Repair+1","Chaos"],"picked":"Gash+1","floor":20.0},{"not_picked":["Rebound","Aggregate"],"picked":"Sweeping Beam","floor":21.0},{"not_picked":["Ball Lightning","Rebound"],"picked":"Leap","floor":24.0},{"not_picked":["Leap+1","Beam Cell"],"picked":"Go for the Eyes","floor":27.0},{"not_picked":["Meteor Strike","Lockon+1"],"picked":"Steam+1","floor":28.0},{"not_picked":["Seek","Thunder Strike"],"picked":"Core Surge","floor":33.0},{"not_picked":["Conserve Battery","Beam Cell","Steam Power+1"],"picked":"SKIP","floor":35.0},{"not_picked":["Coolheaded+1","Stack"],"picked":"Sunder+1","floor":37.0},{"not_picked":["Chaos+1","Streamline","Sweeping Beam"],"picked":"SKIP","floor":40.0},{"not_picked":["Rebound","Melter"],"picked":"Capacitor","floor":45.0},{"not_picked":["Steam","Turbo","Beam Cell"],"picked":"SKIP","floor":46.0},{"not_picked":["Streamline+1","Beam Cell"],"picked":"Electrodynamics","floor":48.0}],"player_experience":856627,"relics_obtained":[{"floor":9.0,"key":"Sundial"},{"floor":13.0,"key":"Meat on the Bone"},{"floor":26.0,"key":"Tiny Chest"},{"floor":40.0,"key":"PreservedInsect"},{"floor":43.0,"key":"Bottled Flame"},{"floor":48.0,"key":"StoneCalendar"}],"event_choices":[{"damage_healed":23.0,"max_hp_gain":0.0,"max_hp_loss":0.0,"gold_gain":0.0,"event_name":"Big Fish","player_choice":"Banana","floor":2.0,"gold_loss":0.0,"damage_taken":0.0},{"damage_healed":0.0,"max_hp_gain":0.0,"max_hp_loss":0.0,"gold_gain":0.0,"event_name":"Liars Game","player_choice":"Ignored","floor":3.0,"gold_loss":0.0,"damage_taken":0.0},{"damage_healed":0.0,"max_hp_gain":0.0,"max_hp_loss":7.0,"gold_gain":0.0,"event_name":"Golden Idol","player_choice":"Lose Max HP","floor":4.0,"gold_loss":0.0,"damage_taken":0.0,"relics_obtained":["Golden Idol"]},{"damage_healed":0.0,"max_hp_gain":0.0,"max_hp_loss":0.0,"gold_gain":0.0,"cards_transformed":["Strike_B"],"event_name":"Transmorgrifier","player_choice":"Transformed","floor":19.0,"gold_loss":0.0,"damage_taken":0.0,"cards_obtained":["Reprogram"]},{"damage_healed":0.0,"max_hp_gain":0.0,"max_hp_loss":0.0,"gold_gain":0.0,"event_name":"Ghosts","player_choice":"Ignored","floor":25.0,"gold_loss":0.0,"damage_taken":0.0},{"cards_removed":["Strike_B"],"damage_healed":0.0,"max_hp_gain":0.0,"max_hp_loss":0.0,"gold_gain":0.0,"event_name":"Bonfire Elementals","player_choice":"Offered Basic","floor":30.0,"gold_loss":0.0,"damage_taken":0.0},{"damage_healed":0.0,"max_hp_gain":0.0,"max_hp_loss":0.0,"gold_gain":0.0,"event_name":"Tomb of Lord Red Mask","player_choice":"Ignored","floor":38.0,"gold_loss":0.0,"damage_taken":0.0},{"damage_healed":0.0,"max_hp_gain":0.0,"max_hp_loss":0.0,"gold_gain":0.0,"event_name":"Upgrade Shrine","player_choice":"Upgraded","floor":39.0,"gold_loss":0.0,"damage_taken":0.0,"cards_upgraded":["Apotheosis"]},{"damage_healed":0.0,"max_hp_gain":0.0,"max_hp_loss":0.0,"gold_gain":0.0,"event_name":"MindBloom","player_choice":"Fight","floor":48.0,"gold_loss":0.0,"damage_taken":0.0}],"is_beta":false,"boss_relics":[{"not_picked":["White Beast Statue","Runic Dome"],"picked":"Fusion Hammer"},{"not_picked":["Velvet Choker","Lizard Tail"],"picked":"Runic Pyramid"}],"items_purged_floors":[7,31],"is_endless":false,"potions_floor_spawned":[1,11,14,20,24,28,35,37,40,48],"killed_by":"Time Eater","ascension_level":20}