{"gold_per_floor":[114,132,57,57,71,246,263,263,263,6,23,48,62,12,12,115,115,129,4,4,17,17],"floor_reached":22,"playtime":896,"items_purged":["Strike_B","Doubt","Cold Snap"],"score":186,"play_id":"20dbc91a-da12-4626-8d3f-3f1e3e4049b8","local_time":"20190422222031","is_ascension_mode":false,"campfire_choices":[{"data":"Zap","floor":8.0,"key":"SMITH"},{"floor":15,"key":"REST"}],"neow_cost":"NONE","seed_source_timestamp":0,"circlet_count":0,"master_deck":["Strike_B+1","Strike_B+1","Defend_B","Defend_B","Defend_B","Defend_B","Zap+1","Dualcast","Heatsinks","Static Discharge","Sunder","Static Discharge","Hologram","Defragment","Capacitor","Creative AI","Cold Snap+1","Leap","Skim+1"],"special_seed":0,"relics":["Cracked Core","Cables","Whetstone","Thread and Needle","Busted Crown"],"potions_floor_usage":[11,11,12,13,16,22],"damage_taken":[{"damage":6.0,"enemies":"Cultist","floor":1.0,"turns":3.0},{"damage":4.0,"enemies":"2 Louse","floor":2.0,"turns":3.0},{"damage":11.0,"enemies":"Jaw Worm","floor":5.0,"turns":3.0},{"damage":30.0,"enemies":"Exordium Thugs","floor":7.0,"turns":5.0},{"damage":0,"enemies":"3 Louse","floor":11,"turns":2},{"damage":23,"enemies":"Gremlin Nob","floor":12,"turns":4},{"damage":0,"enemies":"Gremlin Gang","floor":13,"turns":2},{"damage":21,"enemies":"The Guardian","floor":16,"turns":8},{"damage":11,"enemies":"Spheric Guardian","floor":18,"turns":4},{"damage":12,"enemies":"2 Thieves","floor":21,"turns":4},{"damage":34,"enemies":"Colosseum Slavers","floor":22,"turns":4},{"damage":27,"enemies":"Colosseum Nobs","floor":22,"turns":3}],"seed_played":"-710362719444835618","potions_obtained":[{"floor":1.0,"key":"SteroidPotion"},{"floor":7.0,"key":"FearPotion"},{"floor":11,"key":"Poison Potion"},{"floor":12,"key":"Energy Potion"},{"floor":18,"key":"GamblersBrew"}],"is_trial":false,"path_per_floor":["M","M","$","?","M","?","M","R","T","$","M","E","M","$","R","B",null,"M","$","?","M","?"],"character_chosen":"DEFECT","items_purchased":["Whetstone","Explosive Potion"],"campfire_rested":1,"item_purchase_floors":[10,14],"current_hp_per_floor":[69,65,65,65,54,54,24,24,24,24,24,1,1,1,23,2,75,64,64,64,52,0],"gold":17,"neow_bonus":"THREE_CARDS","is_prod":false,"is_daily":false,"chose_seed":false,"campfire_upgraded":1,"win_rate":0,"timestamp":1555942831,"path_taken":["M","M","$","?","?","?","M","R","T","?","?","E","M","$","R","BOSS","M","$","?","?","?"],"build_version":"2019-01-23","purchased_purges":3,"victory":false,"max_hp_per_floor":[75,75,75,75,75,75,75,75,75,75,75,75,75,75,75,75,75,75,75,75,75,75],"card_choices":[{"not_picked":["Go for the Eyes","Leap"],"picked":"Heatsinks","floor":0.0},{"not_picked":["Compile Driver","Auto Shields"],"picked":"Static Discharge","floor":1.0},{"not_picked":["Leap","Turbo"],"picked":"Sunder","floor":2.0},{"not_picked":["Steam","Rip and Tear"],"picked":"Cold Snap","floor":5.0},{"not_picked":["Hyperbeam","Turbo"],"picked":"Static Discharge","floor":7.0},{"not_picked":["Reinforced Body","Streamline"],"picked":"Hologram","floor":11},{"not_picked":["Streamline","FTL"],"picked":"Defragment","floor":12},{"not_picked":["Cold Snap","Aggregate"],"picked":"Capacitor","floor":13},{"not_picked":["All For One","Amplify"],"picked":"Creative AI","floor":16},{"not_picked":[],"picked":"Cold Snap+1","floor":18},{"not_picked":[],"picked":"Skim+1","floor":21}],"player_experience":465513,"relics_obtained":[{"floor":9.0,"key":"Cables"},{"floor":12,"key":"Thread and Needle"}],"event_choices":[{"cards_removed":["Strike_B"],"damage_healed":0.0,"max_hp_gain":0.0,"max_hp_loss":0.0,"gold_gain":0.0,"event_name":"Wheel of Change","player_choice":"Card Removal","floor":4.0,"gold_loss":0.0,"damage_taken":0.0},{"damage_healed":0.0,"max_hp_gain":0.0,"max_hp_loss":0.0,"gold_gain":175.0,"event_name":"Liars Game","player_choice":"AGREE","floor":6.0,"gold_loss":0.0,"damage_taken":0.0,"cards_obtained":["Doubt"]},{"damage_healed":0,"gold_gain":0,"player_choice":"1 cards matched","damage_taken":0,"max_hp_gain":0,"max_hp_loss":0,"event_name":"Match and Keep!","floor":20,"gold_loss":0,"cards_obtained":["Leap"]},{"damage_healed":0,"gold_gain":0,"player_choice":"Fight","damage_taken":0,"max_hp_gain":0,"max_hp_loss":0,"event_name":"Colosseum","floor":22,"gold_loss":0},{"damage_healed":0,"gold_gain":0,"player_choice":"Fought Nobs","damage_taken":0,"max_hp_gain":0,"max_hp_loss":0,"event_name":"Colosseum","floor":22,"gold_loss":0}],"is_beta":false,"boss_relics":[{"not_picked":["Pandora\u0027s Box","Runic Dome"],"picked":"Busted Crown"}],"items_purged_floors":[3,10,19],"is_endless":false,"potions_floor_spawned":[1,7,11,12,18],"killed_by":"Colosseum Nobs","ascension_level":0}