{"gold_per_floor":[115,115,134,134,4,35,35,51,51,51,51,68,84,84,84,157,157,172,172,36,36],"floor_reached":21,"playtime":327,"items_purged":["Defend_B"],"score":404,"play_id":"aacd52ba-bec5-40e4-ab55-480988399db4","local_time":"20190420163102","is_ascension_mode":true,"campfire_choices":[{"data":"Zap","floor":7.0,"key":"SMITH"},{"data":"Dualcast","floor":15.0,"key":"SMITH"}],"neow_cost":"NONE","seed_source_timestamp":239448031699800,"circlet_count":0,"master_deck":["AscendersBane","Strike_B","Strike_B","Strike_B","Strike_B","Defend_B","Defend_B+1","Defend_B+1","Zap+1","Dualcast+1","Coolheaded+1","Leap","Compile Driver","Rebound","Regret","Leap+1","Darkness+1","White Noise+1","Creative AI","Steam Power+1","Writhe","Defragment","Conserve Battery+1"],"special_seed":0,"relics":["Cracked Core","NeowsBlessing","Singing Bowl","Toxic Egg 2","Shuriken","Cursed Key","Torii"],"potions_floor_usage":[21],"damage_taken":[{"damage":0.0,"enemies":"2 Louse","floor":1.0,"turns":1.0},{"damage":0.0,"enemies":"Small Slimes","floor":3.0,"turns":1.0},{"damage":0.0,"enemies":"Gremlin Nob","floor":6.0,"turns":1.0},{"damage":0.0,"enemies":"Cultist","floor":8.0,"turns":3.0},{"damage":2.0,"enemies":"Looter","floor":12.0,"turns":3.0},{"damage":0.0,"enemies":"Exordium Wildlife","floor":13.0,"turns":2.0},{"damage":28.0,"enemies":"Slime Boss","floor":16.0,"turns":6.0},{"damage":50,"enemies":"2 Thieves","floor":18,"turns":4},{"damage":9,"enemies":"Colosseum Slavers","floor":21,"turns":1}],"seed_played":"8431373961844287701","potions_obtained":[{"floor":12.0,"key":"EssenceOfSteel"},{"floor":16.0,"key":"SpeedPotion"}],"is_trial":false,"path_per_floor":["M","?","M","?","$","E","R","M","T","?","?","M","M","?","R","B",null,"M","?","$","?"],"character_chosen":"DEFECT","items_purchased":["Compile Driver","Defragment","Conserve Battery+1"],"campfire_rested":0,"item_purchase_floors":[5,20,20],"current_hp_per_floor":[64,64,64,43,43,43,43,45,45,45,45,43,43,43,43,15,59,9,9,9,0],"gold":36,"neow_bonus":"THREE_ENEMY_KILL","is_prod":false,"is_daily":false,"chose_seed":false,"campfire_upgraded":2,"win_rate":0,"timestamp":1555770662,"path_taken":["M","?","M","?","$","E","R","M","T","?","?","?","M","?","R","BOSS","M","?","$","?"],"build_version":"2019-01-23","purchased_purges":1,"victory":false,"max_hp_per_floor":[71,71,71,71,71,71,71,73,73,73,73,73,73,73,73,73,73,73,73,73,73],"card_choices":[{"not_picked":["Sweeping Beam","Go for the Eyes"],"picked":"Coolheaded","floor":1.0},{"not_picked":["Sweeping Beam","Conserve Battery"],"picked":"Leap","floor":3.0},{"not_picked":["Loop","Gash"],"picked":"Rebound","floor":6.0},{"not_picked":["Beam Cell","Compile Driver","Streamline"],"picked":"Singing Bowl","floor":8.0},{"not_picked":["Turbo+1","White Noise+1"],"picked":"Darkness+1","floor":12.0},{"not_picked":["Turbo+1","Cold Snap"],"picked":"White Noise+1","floor":13.0},{"not_picked":["Amplify+1","Buffer"],"picked":"Creative AI","floor":16.0},{"not_picked":["Sweeping Beam","Turbo+1"],"picked":"Steam Power+1","floor":18}],"player_experience":575118,"relics_obtained":[{"floor":6.0,"key":"Singing Bowl"},{"floor":9.0,"key":"Toxic Egg 2"}],"event_choices":[{"damage_healed":0.0,"max_hp_gain":0.0,"max_hp_loss":0.0,"gold_gain":0.0,"event_name":"Living Wall","player_choice":"Grow","floor":2.0,"gold_loss":0.0,"damage_taken":0.0,"cards_upgraded":["Coolheaded"]},{"damage_healed":0.0,"max_hp_gain":0.0,"max_hp_loss":0.0,"gold_gain":0.0,"event_name":"Shining Light","player_choice":"Entered Light","floor":4.0,"gold_loss":0.0,"damage_taken":21.0,"cards_upgraded":["Defend_B","Defend_B"]},{"damage_healed":0.0,"max_hp_gain":0.0,"max_hp_loss":0.0,"gold_gain":0.0,"event_name":"Big Fish","player_choice":"Box","floor":10.0,"gold_loss":0.0,"damage_taken":0.0,"relics_obtained":["Shuriken"],"cards_obtained":["Regret"]},{"damage_healed":0.0,"max_hp_gain":0.0,"max_hp_loss":0.0,"gold_gain":0.0,"event_name":"Match and Keep!","player_choice":"1 cards matched","floor":11.0,"gold_loss":0.0,"damage_taken":0.0,"cards_obtained":["Leap"]},{"damage_healed":0.0,"max_hp_gain":0.0,"max_hp_loss":0.0,"gold_gain":0.0,"event_name":"Dead Adventurer","player_choice":"Searched \u00271\u0027 times","floor":14.0,"gold_loss":0.0,"damage_taken":0.0},{"damage_healed":0,"gold_gain":0,"player_choice":"Opened","damage_taken":0,"relics_obtained":["Torii"],"max_hp_gain":0,"max_hp_loss":0,"event_name":"The Mausoleum","floor":19,"gold_loss":0,"cards_obtained":["Writhe"]},{"damage_healed":0,"gold_gain":0,"player_choice":"Fight","damage_taken":0,"max_hp_gain":0,"max_hp_loss":0,"event_name":"Colosseum","floor":21,"gold_loss":0}],"is_beta":false,"boss_relics":[{"not_picked":["Runic Dome","Empty Cage"],"picked":"Cursed Key"}],"items_purged_floors":[5],"is_endless":false,"potions_floor_spawned":[12,16],"killed_by":"Colosseum Slavers","ascension_level":20}