{"gold_per_floor":[113,63,80,91,109,109,30,65,88,88,43,43,62,90,90,189,189,208,223,233,78,90,123,123,123,123,83,99,99,132,132,132,231,231,244,244,71,71,87,119,135,135,186,201,201,211,211,240,240,240],"floor_reached":51,"playtime":2296,"items_purged":["Strike_R","Strike_R"],"score":880,"play_id":"9b228501-faff-44ff-8c20-14bb2db90957","local_time":"20190507230836","is_ascension_mode":false,"campfire_choices":[{"data":"Armaments","floor":6,"key":"SMITH"},{"data":"Shockwave","floor":10,"key":"SMITH"},{"data":"True Grit","floor":12,"key":"SMITH"},{"data":"Headbutt","floor":15,"key":"SMITH"},{"data":"Fiend Fire","floor":24,"key":"SMITH"},{"data":"Corruption","floor":29,"key":"SMITH"},{"floor":32,"key":"REST"},{"data":"Inflame","floor":47,"key":"SMITH"},{"data":"Spot Weakness","floor":49,"key":"SMITH"}],"neow_cost":"TEN_PERCENT_HP_LOSS","seed_source_timestamp":98703586316175,"circlet_count":0,"master_deck":["Strike_R+1","Strike_R","Defend_R","Defend_R+1","Defend_R","Defend_R+1","Bash","Shockwave+1","Thunderclap+1","Carnage","Armaments+1","Feel No Pain+1","Flame Barrier","True Grit+1","Fiend Fire+1","Headbutt+1","Impervious","Burning Pact+1","Corruption+1","Heavy Blade+1","J.A.X.+1","Warcry+1","Necronomicurse","Reaper","Shrug It Off+1","Inflame+1","Reaper","Rampage","Spot Weakness+1","Seeing Red+1","Battle Trance+1","True Grit+1"],"relics":["Burning Blood","Calipers","Centennial Puzzle","PreservedInsect","Whetstone","Snecko Eye","Question Card","Paper Frog","Mummified Hand","Necronomicon","Philosopher\u0027s Stone","War Paint","Frozen Egg 2"],"potions_floor_usage":[50],"damage_taken":[{"damage":6,"enemies":"2 Louse","floor":1,"turns":3},{"damage":10,"enemies":"Jaw Worm","floor":3,"turns":5},{"damage":4,"enemies":"Cultist","floor":4,"turns":3},{"damage":8,"enemies":"3 Louse","floor":5,"turns":4},{"damage":13,"enemies":"Lagavulin","floor":8,"turns":5},{"damage":10,"enemies":"Blue Slaver","floor":13,"turns":3},{"damage":17,"enemies":"Gremlin Nob","floor":14,"turns":4},{"damage":30,"enemies":"Hexaghost","floor":16,"turns":9},{"damage":0,"enemies":"2 Thieves","floor":18,"turns":3},{"damage":5,"enemies":"3 Byrds","floor":19,"turns":4},{"damage":10,"enemies":"Shelled Parasite and Fungi","floor":20,"turns":3},{"damage":3,"enemies":"Snake Plant","floor":22,"turns":3},{"damage":10,"enemies":"Slavers","floor":23,"turns":3},{"damage":9,"enemies":"Cultist and Chosen","floor":28,"turns":3},{"damage":14,"enemies":"Book of Stabbing","floor":30,"turns":5},{"damage":24,"enemies":"Automaton","floor":33,"turns":9},{"damage":3,"enemies":"3 Darklings","floor":35,"turns":4},{"damage":11,"enemies":"Orb Walker","floor":39,"turns":2},{"damage":3,"enemies":"Giant Head","floor":40,"turns":5},{"damage":0,"enemies":"4 Shapes","floor":41,"turns":3},{"damage":3,"enemies":"Maw","floor":44,"turns":5},{"damage":9,"enemies":"3 Darklings","floor":46,"turns":3},{"damage":3,"enemies":"Reptomancer","floor":48,"turns":2},{"damage":6,"enemies":"Awakened One","floor":50,"turns":7}],"seed_played":"7491636184699405302","potions_obtained":[{"floor":1,"key":"Fire Potion"},{"floor":4,"key":"SteroidPotion"},{"floor":14,"key":"SpeedPotion"},{"floor":23,"key":"SmokeBomb"},{"floor":28,"key":"Swift Potion"}],"is_trial":false,"path_per_floor":["M","?","M","M","M","R","$","E","T","R","$","R","M","E","R","B",null,"M","M","M","$","M","E","R","?","T","?","M","R","E","?","R","B",null,"M","?","$","?","M","E","M","?","T","M","?","M","R","E","R","B",null],"character_chosen":"IRONCLAD","items_purchased":["Feel No Pain","True Grit","Corruption","Inflame"],"campfire_rested":1,"item_purchase_floors":[7,11,21,37],"current_hp_per_floor":[72,72,68,70,68,68,68,61,61,61,61,61,57,46,46,22,72,72,72,68,68,71,67,67,67,67,67,64,64,56,40,61,43,72,72,72,72,72,72,72,72,72,72,72,72,72,72,72,72,72],"gold":240,"neow_bonus":"ONE_RARE_RELIC","is_prod":false,"is_daily":false,"chose_seed":false,"campfire_upgraded":8,"win_rate":0,"timestamp":1557284916,"path_taken":["M","?","M","M","M","R","$","E","T","R","$","R","M","E","R","BOSS","M","M","M","$","M","E","R","?","T","?","?","R","E","?","R","BOSS","M","?","$","?","M","E","?","?","T","?","?","M","R","E","R","BOSS"],"build_version":"2019-01-23","purchased_purges":2,"victory":true,"max_hp_per_floor":[72,72,72,72,72,72,72,72,72,72,72,72,72,72,72,72,72,72,72,72,72,72,72,72,72,72,72,72,72,72,72,72,72,72,72,72,72,72,72,72,72,72,72,72,72,72,72,72,72,72],"card_choices":[{"not_picked":["Ghostly Armor","Anger"],"picked":"Shockwave","floor":1},{"not_picked":["Sword Boomerang","Flex"],"picked":"Thunderclap","floor":3},{"not_picked":["Headbutt","Clothesline"],"picked":"Carnage","floor":4},{"not_picked":["Flex","Clothesline"],"picked":"Armaments","floor":5},{"not_picked":["Wild Strike","Heavy Blade"],"picked":"Flame Barrier","floor":8},{"not_picked":["Body Slam","Entrench"],"picked":"Fiend Fire","floor":13},{"not_picked":["Flex","Iron Wave"],"picked":"Headbutt","floor":14},{"not_picked":["Brutality","Berserk"],"picked":"Impervious","floor":16},{"not_picked":["Searing Blow+1","Havoc","Pommel Strike"],"picked":"SKIP","floor":18},{"not_picked":["Armaments","Headbutt","Intimidate"],"picked":"SKIP","floor":19},{"not_picked":["Clash","Searing Blow"],"picked":"Burning Pact+1","floor":20},{"not_picked":["Hemokinesis","Sword Boomerang"],"picked":"Heavy Blade+1","floor":22},{"not_picked":["Reckless Charge","Thunderclap+1","Rupture"],"picked":"SKIP","floor":23},{"not_picked":["Havoc","Headbutt+1","Heavy Blade","Corruption"],"picked":"SKIP","floor":28},{"not_picked":["Armaments","Wild Strike","Dropkick+1"],"picked":"Warcry+1","floor":30},{"not_picked":["Impervious","Exhume","Juggernaut"],"picked":"Reaper","floor":33},{"not_picked":["Reckless Charge","Sentinel+1","Whirlwind+1"],"picked":"Shrug It Off+1","floor":35},{"not_picked":["Infernal Blade","Warcry","Searing Blow+1"],"picked":"Rampage","floor":39},{"not_picked":["Clash","Shrug It Off+1","Armaments+1"],"picked":"Spot Weakness","floor":40},{"not_picked":["Cleave","Headbutt","Body Slam"],"picked":"Seeing Red+1","floor":41},{"not_picked":["Pommel Strike+1","Ghostly Armor+1","Clash+1"],"picked":"Battle Trance+1","floor":44},{"not_picked":["Twin Strike+1","Berserk","Warcry"],"picked":"True Grit+1","floor":46},{"not_picked":["Blood for Blood+1","Pummel","Hemokinesis+1","Warcry+1"],"picked":"SKIP","floor":48}],"player_experience":107954,"relics_obtained":[{"floor":8,"key":"Centennial Puzzle"},{"floor":9,"key":"PreservedInsect"},{"floor":14,"key":"Whetstone"},{"floor":23,"key":"Question Card"},{"floor":26,"key":"Paper Frog"},{"floor":30,"key":"Mummified Hand"},{"floor":31,"key":"Necronomicon"},{"floor":40,"key":"War Paint"},{"floor":48,"key":"Frozen Egg 2"}],"event_choices":[{"cards_removed":["Strike_R"],"damage_healed":0,"gold_gain":0,"player_choice":"Card Removal","damage_taken":0,"max_hp_gain":0,"max_hp_loss":0,"event_name":"The Cleric","floor":2,"gold_loss":50},{"damage_healed":0,"gold_gain":0,"player_choice":"Obtain J.A.X.","damage_taken":0,"max_hp_gain":0,"max_hp_loss":0,"event_name":"Drug Dealer","floor":25,"gold_loss":0,"cards_obtained":["J.A.X."]},{"damage_healed":0,"gold_gain":0,"player_choice":"Upgraded Two","damage_taken":0,"max_hp_gain":0,"max_hp_loss":0,"event_name":"Designer","floor":27,"gold_loss":40,"cards_upgraded":["Feel No Pain","Defend_R"]},{"damage_healed":0,"gold_gain":0,"player_choice":"Obtained Book","damage_taken":16,"max_hp_gain":0,"max_hp_loss":0,"event_name":"Cursed Tome","floor":31,"gold_loss":0},{"damage_healed":0,"gold_gain":0,"player_choice":"Ignored","damage_taken":0,"max_hp_gain":0,"max_hp_loss":0,"event_name":"Tomb of Lord Red Mask","floor":36,"gold_loss":0},{"damage_healed":0,"gold_gain":0,"player_choice":"Copied","damage_taken":0,"max_hp_gain":0,"max_hp_loss":0,"event_name":"Duplicator","floor":38,"gold_loss":0,"cards_obtained":["Reaper"]},{"damage_healed":0,"gold_gain":0,"player_choice":"Full Heal","damage_taken":0,"max_hp_gain":0,"max_hp_loss":0,"event_name":"Wheel of Change","floor":42,"gold_loss":0},{"damage_healed":0,"gold_gain":0,"player_choice":"Ignored","damage_taken":0,"max_hp_gain":0,"max_hp_loss":0,"event_name":"SecretPortal","floor":45,"gold_loss":0}],"is_beta":false,"boss_relics":[{"not_picked":["Fusion Hammer","Runic Pyramid"],"picked":"Snecko Eye"},{"not_picked":["Tiny House","Astrolabe"],"picked":"Philosopher\u0027s Stone"}],"items_purged_floors":[21,37],"is_endless":false,"potions_floor_spawned":[1,4,14,23,28,40,46],"ascension_level":0}