{"path_per_floor":["M","M","$","M","$","R","E","M","T","R","M","M","M","M","R","B",null,"M","?","$","M","M","?","R","?","T","M","M","M","M","M","R"],"character_chosen":"IRONCLAD","items_purchased":["Thunderclap","Inflame","Bottled Lightning","Pommel Strike+1"],"gold_per_floor":[367,380,267,278,19,19,53,71,119,119,136,146,164,182,182,284,284,284,284,159,159,159,159,159,84,84,84,84,84,84,84,84,84],"floor_reached":33,"campfire_rested":1,"playtime":2082,"item_purchase_floors":[3,3,5,20],"current_hp_per_floor":[72,72,72,72,72,72,57,54,54,54,52,44,41,37,58,64,72,53,53,53,42,47,47,47,47,47,42,48,43,49,45,45,0],"items_purged":["Regret"],"gold":84,"score":307,"play_id":"d8eeb9fa-5465-46b8-a6d1-b9729426637d","local_time":"20180527223155","is_prod":false,"is_daily":false,"chose_seed":false,"is_ascension_mode":false,"campfire_upgraded":4,"win_rate":0.0,"timestamp":1527478315,"campfire_choices":[{"data":"Shockwave","floor":6,"key":"SMITH"},{"data":"Rupture","floor":10,"key":"SMITH"},{"floor":15,"key":"REST"},{"data":"Inflame","floor":24,"key":"SMITH"},{"data":"Berserk","floor":32,"key":"SMITH"}],"path_taken":["M","M","?","M","$","R","E","?","T","R","M","M","M","?","R","BOSS","M","?","$","M","M","?","R","?","T","M","M","M","M","M","R","BOSS"],"build_version":"2018-05-24","seed_source_timestamp":426692520572167,"purchased_purges":1,"victory":false,"master_deck":["Strike_R","Strike_R","Strike_R","Strike_R","Strike_R","Defend_R","Defend_R","Defend_R","Defend_R","Dropkick","Shockwave+1","Thunderclap","Inflame","Rupture+1","Perfected Strike+1","Clash+1","Heavy Blade+1","Flex","Feed+1","Inflame+1","Pommel Strike+1","Wild Strike+1","Perfected Strike+1","Blood for Blood+1","Berserk+1"],"max_hp_per_floor":[72,72,72,72,72,72,72,72,72,72,72,72,72,72,72,72,72,72,72,72,72,72,72,72,72,72,72,72,76,76,76,76,76],"relics":["Burning Blood","Bottled Lightning","Molten Egg 2","Bag of Preparation","Ectoplasm","Gremlin Horn"],"card_choices":[{"not_picked":["Warcry","Body Slam"],"picked":"Dropkick","floor":1},{"not_picked":["Twin Strike","Burning Pact"],"picked":"Shockwave","floor":2},{"not_picked":["Evolve","Cleave","Anger"],"picked":"SKIP","floor":4},{"not_picked":["Corruption","Reckless Charge"],"picked":"Rupture","floor":7},{"not_picked":["Body Slam+1","Pummel+1","Clothesline+1"],"picked":"SKIP","floor":8},{"not_picked":["Armaments","Hemokinesis+1"],"picked":"Perfected Strike+1","floor":11},{"not_picked":["Second Wind","Carnage+1"],"picked":"Clash+1","floor":12},{"not_picked":["Fire Breathing","Uppercut+1"],"picked":"Heavy Blade+1","floor":13},{"not_picked":["Blood for Blood+1","Wild Strike+1"],"picked":"Flex","floor":14},{"not_picked":["Impervious","Juggernaut"],"picked":"Feed+1","floor":16},{"not_picked":["Rupture+1","Pommel Strike+1"],"picked":"Inflame","floor":18},{"not_picked":["Clothesline+1","Disarm","Uppercut+1"],"picked":"SKIP","floor":21},{"not_picked":["Corruption","Carnage+1"],"picked":"Wild Strike+1","floor":22},{"not_picked":["Body Slam+1","Rampage+1","Anger+1"],"picked":"SKIP","floor":27},{"not_picked":["Carnage+1","Clash+1"],"picked":"Perfected Strike+1","floor":28},{"not_picked":["Heavy Blade+1","Carnage+1"],"picked":"Blood for Blood+1","floor":29},{"not_picked":["Uppercut+1","Rage","Shockwave"],"picked":"SKIP","floor":30},{"not_picked":["Armaments","Perfected Strike+1"],"picked":"Berserk","floor":31}],"player_experience":31787,"potions_floor_usage":[16,16,21,28,33],"damage_taken":[{"damage":6,"enemies":"Cultist","floor":1,"turns":3},{"damage":0,"enemies":"Small Slimes","floor":2,"turns":3},{"damage":6,"enemies":"2 Louse","floor":4,"turns":2},{"damage":21,"enemies":"Lagavulin","floor":7,"turns":5},{"damage":9,"enemies":"Exordium Thugs","floor":8,"turns":4},{"damage":8,"enemies":"Large Slime","floor":11,"turns":4},{"damage":14,"enemies":"Exordium Wildlife","floor":12,"turns":3},{"damage":9,"enemies":"Blue Slaver","floor":13,"turns":2},{"damage":10,"enemies":"Looter","floor":14,"turns":2},{"damage":0,"enemies":"Slime Boss","floor":16,"turns":4},{"damage":25,"enemies":"Spheric Guardian","floor":18,"turns":4},{"damage":17,"enemies":"Shell Parasite","floor":21,"turns":4},{"damage":1,"enemies":"Centurion and Healer","floor":22,"turns":3},{"damage":11,"enemies":"Cultist and Chosen","floor":27,"turns":3},{"damage":0,"enemies":"Snecko","floor":28,"turns":2},{"damage":15,"enemies":"Snake Plant","floor":29,"turns":2},{"damage":0,"enemies":"Chosen and Byrds","floor":30,"turns":3},{"damage":10,"enemies":"Slaver and Parasite","floor":31,"turns":3},{"damage":88,"enemies":"Automaton","floor":33,"turns":6}],"relics_obtained":[{"floor":7,"key":"Molten Egg 2"},{"floor":9,"key":"Bag of Preparation"},{"floor":26,"key":"Gremlin Horn"}],"event_choices":[{"event_name":"Golden Shrine","player_choice":"Desecrate","floor":19,"damage_taken":0},{"event_name":"Ghosts","player_choice":"Ignored","floor":23,"damage_taken":0},{"event_name":"Beggar","player_choice":"Gave Gold","floor":25,"damage_taken":0}],"boss_relics":[{"not_picked":["White Beast Statue","Runic Cube"],"picked":"Ectoplasm"}],"items_purged_floors":[20],"potions_floor_spawned":[1,4,13,27,29],"seed_played":"-8460823554199689327","killed_by":"Automaton","ascension_level":0,"potions_obtained":[{"floor":1,"key":"AttackPotion"},{"floor":4,"key":"Poison Potion"},{"floor":13,"key":"Ancient Potion"},{"floor":27,"key":"SkillPotion"},{"floor":29,"key":"Swift Potion"}],"is_trial":false}