{"gold_per_floor":[210,210,220,240,55,55,90,90,90,120,138,217,142,122],"floor_reached":14,"playtime":371,"items_purged":["Strike_R"],"score":196,"play_id":"927e6f52-98af-4910-b383-c47dfe443323","local_time":"20190509032625","is_ascension_mode":true,"campfire_choices":[{"data":"Juggernaut","floor":6,"key":"SMITH"},{"data":"Inflame","floor":8,"key":"SMITH"}],"neow_cost":"NONE","seed_source_timestamp":13815273129800,"circlet_count":0,"master_deck":["AscendersBane","Strike_R","Strike_R","Strike_R","Strike_R","Defend_R","Defend_R","Defend_R","Defend_R","Bash+1","Headbutt","Inflame+1","Twin Strike","Thunderclap","Juggernaut+1","Impervious","Heavy Blade+1","Armaments"],"relics":["Burning Blood","Molten Egg 2","Sundial","PreservedInsect"],"potions_floor_usage":[11,14],"damage_taken":[{"damage":2,"enemies":"2 Louse","floor":1,"turns":4},{"damage":1,"enemies":"Cultist","floor":3,"turns":3},{"damage":6,"enemies":"Small Slimes","floor":4,"turns":3},{"damage":30,"enemies":"Lagavulin","floor":7,"turns":7},{"damage":40,"enemies":"3 Sentries","floor":10,"turns":9},{"damage":13,"enemies":"Exordium Wildlife","floor":11,"turns":4},{"damage":11,"enemies":"Exordium Thugs","floor":14,"turns":1}],"seed_played":"-7442952582654798795","potions_obtained":[{"floor":7,"key":"Strength Potion"},{"floor":10,"key":"EssenceOfSteel"}],"is_trial":false,"path_per_floor":["M","?","M","M","$","R","E","R","T","E","M","?","$","M"],"character_chosen":"IRONCLAD","items_purchased":["Thunderclap","Juggernaut"],"campfire_rested":0,"item_purchase_floors":[5,5],"current_hp_per_floor":[72,72,75,75,75,75,51,51,51,17,10,10,10,0],"gold":122,"neow_bonus":"HUNDRED_GOLD","is_prod":false,"is_daily":false,"chose_seed":false,"campfire_upgraded":2,"win_rate":0,"timestamp":1557365185,"path_taken":["M","?","?","M","$","R","E","R","T","E","M","?","$","M"],"build_version":"2019-01-23","purchased_purges":1,"victory":false,"max_hp_per_floor":[75,75,75,75,75,75,75,75,75,75,75,75,75,75],"card_choices":[{"not_picked":["Havoc","Clash"],"picked":"Headbutt","floor":1},{"not_picked":["Feel No Pain","Wild Strike"],"picked":"Inflame","floor":3},{"not_picked":["Flex","Entrench"],"picked":"Twin Strike","floor":4},{"not_picked":["Anger","Heavy Blade"],"picked":"Impervious","floor":7},{"not_picked":["Warcry","Ghostly Armor"],"picked":"Heavy Blade+1","floor":10},{"not_picked":["Warcry","Reckless Charge+1"],"picked":"Armaments","floor":11}],"player_experience":651405,"relics_obtained":[{"floor":7,"key":"Molten Egg 2"},{"floor":9,"key":"Sundial"},{"floor":10,"key":"PreservedInsect"}],"event_choices":[{"damage_healed":0,"gold_gain":0,"player_choice":"Upgraded","damage_taken":0,"max_hp_gain":0,"max_hp_loss":0,"event_name":"Upgrade Shrine","floor":2,"gold_loss":0,"cards_upgraded":["Bash"]},{"damage_healed":0,"gold_gain":79,"player_choice":"Gained Gold","damage_taken":0,"max_hp_gain":0,"max_hp_loss":0,"event_name":"Golden Wing","floor":12,"gold_loss":0}],"is_beta":false,"boss_relics":[],"items_purged_floors":[13],"is_endless":false,"potions_floor_spawned":[7,10],"killed_by":"Exordium Thugs","ascension_level":20}