{"gold_per_floor":[11,29,29,29,29,64,82,82,109,128,146,116,116,129,129,129],"floor_reached":16,"playtime":479,"items_purged":[],"score":102,"play_id":"cb88924d-4eb7-429f-8f6c-51764c592392","local_time":"20190511194137","is_ascension_mode":false,"campfire_choices":[{"floor":13,"key":"REST"},{"data":"Strike_R","floor":15,"key":"SMITH"}],"neow_cost":"NO_GOLD","seed_source_timestamp":433710517883996,"circlet_count":0,"master_deck":["Strike_R","Strike_R","Strike_R","Strike_R+1","Defend_R","Defend_R","Defend_R","Bash","Entrench","Shrug It Off","Shockwave"],"relics":["Burning Blood","Oddly Smooth Stone","Art of War"],"potions_floor_usage":[6,11,14,16],"damage_taken":[{"damage":10,"enemies":"Cultist","floor":1,"turns":4},{"damage":13,"enemies":"Jaw Worm","floor":2,"turns":3},{"damage":35,"enemies":"Gremlin Nob","floor":6,"turns":4},{"damage":11,"enemies":"Small Slimes","floor":7,"turns":4},{"damage":12,"enemies":"3 Louse","floor":10,"turns":4},{"damage":18,"enemies":"Gremlin Gang","floor":11,"turns":5},{"damage":0,"enemies":"Looter","floor":12,"turns":4},{"damage":17,"enemies":"Large Slime","floor":14,"turns":7},{"damage":45,"enemies":"Slime Boss","floor":16,"turns":9}],"seed_played":"-7845323862695818696","potions_obtained":[{"floor":1,"key":"SkillPotion"},{"floor":6,"key":"Fire Potion"},{"floor":11,"key":"SpeedPotion"},{"floor":14,"key":"Fruit Juice"}],"is_trial":false,"path_per_floor":["M","M","$","?","$","E","M","?","T","M","M","M","R","M","R","B"],"character_chosen":"IRONCLAD","items_purchased":[],"campfire_rested":1,"item_purchase_floors":[],"current_hp_per_floor":[76,69,69,74,74,45,40,32,32,26,14,20,45,39,39,0],"gold":129,"neow_bonus":"REMOVE_TWO","is_prod":false,"is_daily":false,"chose_seed":false,"campfire_upgraded":1,"win_rate":0,"timestamp":1557618097,"path_taken":["M","?","$","?","?","E","M","?","T","M","M","M","R","?","R","BOSS"],"build_version":"2019-01-23","purchased_purges":0,"victory":false,"max_hp_per_floor":[80,80,80,85,85,85,85,85,85,85,85,85,85,90,90,90],"card_choices":[{"not_picked":["Battle Trance","Warcry","Power Through"],"picked":"SKIP","floor":1},{"not_picked":["Anger","Clothesline"],"picked":"Entrench","floor":2},{"not_picked":["Infernal Blade","Rupture","Battle Trance"],"picked":"SKIP","floor":6},{"not_picked":["Infernal Blade","Havoc","Pommel Strike"],"picked":"SKIP","floor":7},{"not_picked":["Shockwave","Entrench","Metallicize"],"picked":"SKIP","floor":10},{"not_picked":["Double Tap","Carnage"],"picked":"Shrug It Off","floor":11},{"not_picked":["Wild Strike","Thunderclap","Havoc"],"picked":"SKIP","floor":12},{"not_picked":["Seeing Red","Dropkick"],"picked":"Shockwave","floor":14}],"player_experience":125843,"relics_obtained":[{"floor":6,"key":"Oddly Smooth Stone"},{"floor":9,"key":"Art of War"}],"event_choices":[{"damage_healed":0,"gold_gain":0,"player_choice":"Donut","damage_taken":0,"max_hp_gain":5,"max_hp_loss":0,"event_name":"Big Fish","floor":4,"gold_loss":0},{"damage_healed":0,"gold_gain":0,"player_choice":"Damaged","damage_taken":8,"max_hp_gain":0,"max_hp_loss":0,"event_name":"Wheel of Change","floor":8,"gold_loss":0}],"is_beta":false,"boss_relics":[],"items_purged_floors":[],"is_endless":false,"potions_floor_spawned":[1,6,11,14],"killed_by":"Slime Boss","ascension_level":0}