{"gold_per_floor":[113,37,48,48,125,151,151,170,197,197,167,182,199,227,227,329,329,345,361,375,387,47,74,89,89,89,121,121,121,154,72,72,72],"floor_reached":33,"playtime":1881,"items_purged":[],"score":331,"play_id":"f55b1fe6-1906-4b83-bc07-22a2680f9dd9","local_time":"20190502002840","is_ascension_mode":true,"campfire_choices":[{"data":"Zap","floor":7,"key":"SMITH"},{"data":"Dualcast","floor":10,"key":"SMITH"},{"data":"Consume","floor":15,"key":"SMITH"},{"data":"Rainbow","floor":25,"key":"SMITH"},{"floor":28,"key":"REST"},{"data":"Static Discharge","floor":32,"key":"SMITH"}],"neow_cost":"NONE","seed_source_timestamp":265824514869400,"circlet_count":0,"master_deck":["Strike_B","Strike_B","Defend_B","Defend_B","Defend_B","Zap+1","Dualcast+1","Cold Snap","Self Repair","Consume+1","Rainbow+1","Compile Driver+1","Amplify+1","FTL+1","Force Field","Coolheaded","Echo Form","Glacier","Double Energy","Reinforced Body","Static Discharge+1"],"relics":["Busted Crown","Darkstone Periapt","Dodecahedron","Pen Nib","Orichalcum","Astrolabe","OrangePellets","Regal Pillow","Pantograph","Oddly Smooth Stone","Bottled Tornado"],"potions_floor_usage":[14,16,21,23,27,27,33],"damage_taken":[{"damage":3,"enemies":"Jaw Worm","floor":1,"turns":3},{"damage":0,"enemies":"Small Slimes","floor":3,"turns":5},{"damage":21,"enemies":"Lagavulin","floor":6,"turns":7},{"damage":0,"enemies":"Cultist","floor":8,"turns":4},{"damage":3,"enemies":"Looter","floor":12,"turns":4},{"damage":10,"enemies":"Exordium Thugs","floor":13,"turns":4},{"damage":9,"enemies":"Gremlin Nob","floor":14,"turns":4},{"damage":45,"enemies":"Hexaghost","floor":16,"turns":11},{"damage":6,"enemies":"Chosen","floor":18,"turns":5},{"damage":2,"enemies":"3 Byrds","floor":19,"turns":4},{"damage":12,"enemies":"Snecko","floor":20,"turns":6},{"damage":28,"enemies":"Centurion and Healer","floor":21,"turns":5},{"damage":34,"enemies":"Gremlin Leader","floor":23,"turns":8},{"damage":0,"enemies":"Sentry and Sphere","floor":24,"turns":6},{"damage":27,"enemies":"Slavers","floor":27,"turns":9},{"damage":16,"enemies":"Book of Stabbing","floor":30,"turns":7},{"damage":96,"enemies":"Automaton","floor":33,"turns":10}],"seed_played":"7969465089686837488","potions_obtained":[{"floor":6,"key":"SpeedPotion"},{"floor":11,"key":"FairyPotion"},{"floor":11,"key":"SkillPotion"},{"floor":14,"key":"GamblersBrew"},{"floor":18,"key":"Strength Potion"},{"floor":21,"key":"SpeedPotion"},{"floor":23,"key":"SneckoOil"},{"floor":27,"key":"Swift Potion"}],"is_trial":false,"path_per_floor":["M","$","M","?","T","E","R","M","T","R","?","M","M","E","R","B",null,"M","M","M","M","$","E","M","R","T","E","R","?","E","$","R","B"],"character_chosen":"DEFECT","items_purchased":["Self Repair","Echo Form","OrangePellets","Static Discharge"],"campfire_rested":1,"item_purchase_floors":[2,22,22,31],"current_hp_per_floor":[72,72,75,75,75,61,61,68,68,68,68,72,69,67,67,29,75,75,75,75,54,54,27,34,34,34,14,51,51,42,42,42,0],"gold":72,"neow_bonus":"BOSS_RELIC","is_prod":false,"is_daily":false,"chose_seed":false,"campfire_upgraded":5,"win_rate":0,"timestamp":1556771320,"path_taken":["M","$","M","?","?","E","R","M","T","R","?","M","M","E","R","BOSS","M","?","M","M","$","E","M","R","T","E","R","?","E","?","R","BOSS"],"build_version":"2019-01-23","purchased_purges":0,"victory":false,"max_hp_per_floor":[75,75,75,75,75,75,75,75,75,75,75,75,75,75,75,75,75,75,75,75,75,75,75,75,75,75,75,75,75,75,75,75,75],"card_choices":[{"not_picked":[],"picked":"Cold Snap","floor":1},{"not_picked":["Barrage"],"picked":"SKIP","floor":3},{"not_picked":["Stack"],"picked":"SKIP","floor":6},{"not_picked":["Compile Driver"],"picked":"SKIP","floor":8},{"not_picked":["Reprogram"],"picked":"SKIP","floor":12},{"not_picked":[],"picked":"Consume","floor":13},{"not_picked":["Hologram"],"picked":"SKIP","floor":14},{"not_picked":[],"picked":"Rainbow","floor":16},{"not_picked":[],"picked":"Force Field","floor":18},{"not_picked":["Stack"],"picked":"SKIP","floor":19},{"not_picked":["Rebound"],"picked":"SKIP","floor":20},{"not_picked":[],"picked":"Coolheaded","floor":21},{"not_picked":[],"picked":"Glacier","floor":23},{"not_picked":[],"picked":"Double Energy","floor":24},{"not_picked":[],"picked":"Reinforced Body","floor":27},{"not_picked":["Stack"],"picked":"SKIP","floor":30}],"player_experience":63072,"relics_obtained":[{"floor":5,"key":"Darkstone Periapt"},{"floor":6,"key":"Dodecahedron"},{"floor":9,"key":"Pen Nib"},{"floor":14,"key":"Orichalcum"},{"floor":23,"key":"Regal Pillow"},{"floor":26,"key":"Pantograph"},{"floor":27,"key":"Oddly Smooth Stone"},{"floor":30,"key":"Bottled Tornado"}],"event_choices":[{"damage_healed":0,"gold_gain":0,"player_choice":"Leave","damage_taken":0,"max_hp_gain":0,"max_hp_loss":0,"event_name":"The Cleric","floor":4,"gold_loss":0},{"damage_healed":0,"gold_gain":0,"player_choice":"Bought 2 Potions","damage_taken":0,"max_hp_gain":0,"max_hp_loss":0,"event_name":"The Woman in Blue","floor":11,"gold_loss":0},{"damage_healed":0,"gold_gain":0,"player_choice":"Ignored","damage_taken":0,"max_hp_gain":0,"max_hp_loss":0,"event_name":"Ghosts","floor":29,"gold_loss":0}],"is_beta":false,"boss_relics":[{"not_picked":["Snecko Eye","Lizard Tail"],"picked":"Astrolabe"}],"items_purged_floors":[],"is_endless":false,"potions_floor_spawned":[6,14,18,21,23,27],"killed_by":"Automaton","ascension_level":1}