{"gold_per_floor":[112,112,126,150,160,160,160,5,32,32,62,82,98,115,115,193,193,211,229,229,229,244,244,244],"floor_reached":24,"playtime":970,"items_purged":["Regret"],"score":396,"play_id":"4dec5d15-ecb6-47c5-8a1b-8d1ce30df5ec","local_time":"20190422132458","is_ascension_mode":true,"campfire_choices":[{"data":"Footwork","floor":7.0,"key":"SMITH"},{"floor":15.0,"key":"REST"},{"data":"Footwork","floor":23.0,"key":"SMITH"}],"neow_cost":"NONE","seed_source_timestamp":140008720938799,"circlet_count":0,"master_deck":["AscendersBane","Defend_G","Defend_G","Defend_G","Defend_G","Defend_G","Strike_G","Strike_G","Strike_G","Survivor","Neutralize","Crippling Poison","Footwork+1","PiercingWail","Well Laid Plans","Skewer","Noxious Fumes","Calculated Gamble","Dodge and Roll","Footwork+1","Envenom","Leg Sweep"],"special_seed":0,"relics":["Ring of the Snake","NeowsBlessing","Dream Catcher","Strawberry","Bag of Marbles","Oddly Smooth Stone","Smiling Mask","Empty Cage"],"potions_floor_usage":[24,24],"damage_taken":[{"damage":0.0,"enemies":"Jaw Worm","floor":1.0,"turns":1.0},{"damage":0.0,"enemies":"Cultist","floor":3.0,"turns":1.0},{"damage":0.0,"enemies":"2 Louse","floor":5.0,"turns":1.0},{"damage":38.0,"enemies":"Gremlin Nob","floor":11.0,"turns":6.0},{"damage":10.0,"enemies":"Exordium Thugs","floor":12.0,"turns":9.0},{"damage":0.0,"enemies":"Exordium Wildlife","floor":13.0,"turns":4.0},{"damage":0.0,"enemies":"2 Fungi Beasts","floor":14.0,"turns":4.0},{"damage":7.0,"enemies":"The Guardian","floor":16.0,"turns":16.0},{"damage":3.0,"enemies":"Shell Parasite","floor":18.0,"turns":10.0},{"damage":0.0,"enemies":"Spheric Guardian","floor":19.0,"turns":7.0},{"damage":10.0,"enemies":"Shelled Parasite and Fungi","floor":22.0,"turns":13.0},{"damage":33,"enemies":"Slavers","floor":24,"turns":4}],"seed_played":"4479395674243753054","potions_obtained":[{"floor":1.0,"key":"Block Potion"},{"floor":12.0,"key":"Explosive Potion"},{"floor":14.0,"key":"EssenceOfSteel"},{"floor":21.0,"key":"EssenceOfSteel"}],"is_trial":false,"path_per_floor":["M","?","M","T","M","?","R","$","T","$","E","M","M","M","R","B",null,"M","M","?","?","M","R","E"],"character_chosen":"THE_SILENT","items_purchased":["Well Laid Plans"],"campfire_rested":1,"item_purchase_floors":[8],"current_hp_per_floor":[59,59,59,66,66,66,66,66,66,66,28,18,18,18,39,32,63,60,60,39,39,29,29,0],"gold":244,"neow_bonus":"THREE_ENEMY_KILL","is_prod":false,"is_daily":false,"chose_seed":false,"campfire_upgraded":2,"win_rate":0,"timestamp":1555932298,"path_taken":["M","?","M","?","M","?","R","$","T","$","E","M","?","M","R","BOSS","M","M","?","?","M","R","E"],"build_version":"2019-01-23","purchased_purges":1,"victory":false,"max_hp_per_floor":[66,66,66,73,73,73,73,73,73,73,73,73,73,73,73,73,73,73,73,78,78,78,78,78],"card_choices":[{"not_picked":["Flechettes","Cloak And Dagger"],"picked":"Crippling Poison","floor":1.0},{"not_picked":["Underhanded Strike","Slice"],"picked":"Footwork","floor":3.0},{"not_picked":["Blade Dance","Acrobatics"],"picked":"PiercingWail","floor":5.0},{"not_picked":["Quick Slash","Endless Agony"],"picked":"Skewer","floor":11.0},{"not_picked":["Accuracy","Bouncing Flask"],"picked":"Noxious Fumes","floor":12.0},{"not_picked":["Blade Dance","Flying Knee"],"picked":"Calculated Gamble","floor":13.0},{"not_picked":["Die Die Die","Outmaneuver"],"picked":"Dodge and Roll","floor":14.0},{"not_picked":["Choke","Prepared"],"picked":"Footwork","floor":15.0},{"not_picked":["Wraith Form v2","Grand Finale"],"picked":"Envenom","floor":16.0},{"not_picked":["Accuracy","Blade Dance","Sucker Punch"],"picked":"SKIP","floor":18.0},{"not_picked":["Caltrops","Flechettes","Crippling Poison"],"picked":"SKIP","floor":19.0},{"not_picked":["Quick Slash","Caltrops"],"picked":"Leg Sweep","floor":22.0}],"player_experience":588979,"relics_obtained":[{"floor":4.0,"key":"Strawberry"},{"floor":9.0,"key":"Oddly Smooth Stone"},{"floor":11.0,"key":"Smiling Mask"}],"event_choices":[{"damage_healed":0.0,"max_hp_gain":0.0,"max_hp_loss":0.0,"gold_gain":0.0,"event_name":"Big Fish","player_choice":"Box","floor":2.0,"gold_loss":0.0,"damage_taken":0.0,"relics_obtained":["Dream Catcher"],"cards_obtained":["Regret"]},{"damage_healed":0.0,"max_hp_gain":0.0,"max_hp_loss":0.0,"gold_gain":0.0,"event_name":"WeMeetAgain","player_choice":"Gave Potion","floor":6.0,"gold_loss":0.0,"damage_taken":0.0,"relics_obtained":["Bag of Marbles"]},{"damage_healed":0.0,"max_hp_gain":5.0,"max_hp_loss":0.0,"gold_gain":0.0,"event_name":"Forgotten Altar","player_choice":"Shed Blood","floor":20.0,"gold_loss":0.0,"damage_taken":26.0},{"damage_healed":0.0,"max_hp_gain":0.0,"max_hp_loss":0.0,"gold_gain":0.0,"event_name":"Lab","player_choice":"Got Potions","floor":21.0,"gold_loss":0.0,"damage_taken":0.0}],"is_beta":false,"boss_relics":[{"not_picked":["Astrolabe","Tiny House"],"picked":"Empty Cage"}],"items_purged_floors":[8],"is_endless":false,"potions_floor_spawned":[1,12,14],"killed_by":"Slavers","ascension_level":20}