{"gold_per_floor":[119,134,59,59,59,59,84,100,152,152,102,112,12,29,29,134,134,148,148,160,172,47,60,60,60,60,87,87,62,93,107,107,107],"floor_reached":33,"playtime":1164,"items_purged":["Strike_R","Defend_R","Defend_R"],"score":285,"play_id":"943bdb22-ca77-420c-9c45-68b76dacdba0","local_time":"20180912152946","is_ascension_mode":false,"campfire_choices":[{"data":"Pommel Strike","floor":6.0,"key":"SMITH"},{"data":"Clash","floor":15.0,"key":"SMITH"},{"floor":24.0,"key":"REST"},{"floor":32,"key":"REST"}],"neow_cost":"NONE","seed_source_timestamp":3043475614167,"circlet_count":0,"master_deck":["Strike_R","Strike_R","Defend_R+1","Bash+1","Pommel Strike+1","Clash+1","Warcry+1","Writhe","Flex"],"special_seed":0,"relics":["Burning Blood","Lantern","Orichalcum","Black Star","MutagenicStrength","Ornamental Fan","Dream Catcher","War Paint","Ancient Tea Set","Boot","PreservedInsect"],"potions_floor_usage":[33],"damage_taken":[{"damage":6.0,"enemies":"Jaw Worm","floor":1.0,"turns":3.0},{"damage":0.0,"enemies":"Small Slimes","floor":2.0,"turns":3.0},{"damage":36.0,"enemies":"Lagavulin","floor":7.0,"turns":5.0},{"damage":0.0,"enemies":"Cultist","floor":8.0,"turns":2.0},{"damage":4.0,"enemies":"Looter","floor":12.0,"turns":2.0},{"damage":0.0,"enemies":"Exordium Thugs","floor":14.0,"turns":2.0},{"damage":44.0,"enemies":"The Guardian","floor":16.0,"turns":7.0},{"damage":20.0,"enemies":"2 Thieves","floor":18.0,"turns":3.0},{"damage":18.0,"enemies":"Colosseum Slavers","floor":19.0,"turns":4.0},{"damage":6.0,"enemies":"3 Byrds","floor":20.0,"turns":3.0},{"damage":12.0,"enemies":"Centurion and Healer","floor":21.0,"turns":4.0},{"damage":9.0,"enemies":"Shelled Parasite and Fungi","floor":23.0,"turns":3.0},{"damage":34,"enemies":"Slavers","floor":27,"turns":5},{"damage":15,"enemies":"Gremlin Leader","floor":30,"turns":3},{"damage":13,"enemies":"3 Cultists","floor":31,"turns":5},{"damage":59,"enemies":"Collector","floor":33,"turns":5}],"seed_played":"5017658514384155239","potions_obtained":[{"floor":2.0,"key":"Explosive Potion"},{"floor":8.0,"key":"AttackPotion"},{"floor":12.0,"key":"LiquidBronze"},{"floor":14.0,"key":"Regen Potion"},{"floor":18.0,"key":"LiquidBronze"},{"floor":27,"key":"LiquidBronze"}],"is_trial":false,"path_per_floor":["M","M","$","?","?","R","E","M","T","?","?","M","$","M","R","B",null,"M","?","M","M","$","M","R","?","T","E","?","$","E","M","R"],"character_chosen":"IRONCLAD","items_purchased":["Flex"],"campfire_rested":2,"item_purchase_floors":[29],"current_hp_per_floor":[80,80,80,80,80,80,50,56,56,56,56,58,58,64,64,38,80,66,54,54,48,48,45,69,69,69,41,41,41,32,25,49,0],"gold":107,"neow_bonus":"UPGRADE_CARD","is_prod":false,"is_daily":false,"chose_seed":false,"campfire_upgraded":2,"win_rate":0,"timestamp":1536737386,"path_taken":["M","M","$","?","?","R","E","M","T","?","?","M","$","?","R","BOSS","M","?","M","?","$","M","R","?","T","E","?","?","E","?","R","BOSS"],"build_version":"2018-09-06","purchased_purges":3,"victory":false,"max_hp_per_floor":[80,80,80,80,80,80,80,80,80,80,80,80,80,80,80,80,80,80,80,80,80,80,80,80,80,80,80,80,80,80,80,80,80],"card_choices":[{"not_picked":["Iron Wave","Shrug It Off"],"picked":"Pommel Strike","floor":1.0},{"not_picked":["Sword Boomerang","Havoc","Flex"],"picked":"SKIP","floor":2.0},{"not_picked":["Heavy Blade","Intimidate","Hemokinesis"],"picked":"SKIP","floor":7.0},{"not_picked":["Havoc","Pummel","Second Wind"],"picked":"SKIP","floor":8.0},{"not_picked":["Pommel Strike","Wild Strike"],"picked":"Clash","floor":12.0},{"not_picked":["Pummel","Warcry","Flame Barrier"],"picked":"SKIP","floor":14.0},{"not_picked":["Sentinel","Shockwave+1","Clothesline+1"],"picked":"SKIP","floor":18.0},{"not_picked":["Body Slam","Flex"],"picked":"Warcry","floor":20.0},{"not_picked":["Havoc","Shrug It Off","Sever Soul"],"picked":"SKIP","floor":21.0},{"not_picked":["Whirlwind+1","Blood for Blood","Fire Breathing"],"picked":"SKIP","floor":23.0},{"not_picked":["Whirlwind+1","Blood for Blood","Fire Breathing"],"picked":"SKIP","floor":23.0},{"not_picked":["Entrench","Whirlwind+1","Exhume"],"picked":"SKIP","floor":27},{"not_picked":["Heavy Blade","Feed","Shrug It Off"],"picked":"SKIP","floor":30},{"not_picked":["Body Slam+1","Iron Wave","Shrug It Off"],"picked":"SKIP","floor":31}],"player_experience":352083,"relics_obtained":[{"floor":7.0,"key":"Lantern"},{"floor":9.0,"key":"Orichalcum"},{"floor":26.0,"key":"Ornamental Fan"},{"floor":27,"key":"Dream Catcher"},{"floor":27,"key":"War Paint"},{"floor":30,"key":"Boot"},{"floor":30,"key":"PreservedInsect"}],"event_choices":[{"event_name":"Living Wall","player_choice":"Forget","floor":4.0,"damage_taken":0.0},{"event_name":"The Woman in Blue","player_choice":"Bought 0 Potions","floor":5.0,"damage_taken":0.0},{"event_name":"Bonfire Elementals","player_choice":"BASIC","floor":10.0,"damage_taken":0.0},{"event_name":"The Cleric","player_choice":"Card Removal","floor":11.0,"damage_taken":0.0},{"event_name":"Colosseum","player_choice":"Fight","floor":19.0,"damage_taken":0.0},{"event_name":"Colosseum","player_choice":"Fled From Nobs","floor":19.0,"damage_taken":0.0},{"event_name":"Drug Dealer","player_choice":"Inject Mutagens","floor":25.0,"damage_taken":0.0},{"event_name":"The Mausoleum","player_choice":"Yes","floor":28,"damage_taken":0}],"is_beta":false,"boss_relics":[{"not_picked":["Pandora\u0027s Box","White Beast Statue"],"picked":"Black Star"}],"items_purged_floors":[3,13,22],"is_endless":false,"potions_floor_spawned":[2,8,12,14,18,19,27],"killed_by":"Collector","ascension_level":0}