{"gold_per_floor":[118,133,144,144,94,94,129,9,39,71,71,82,10,43,43,142,142,161,179,179,279,290,290],"floor_reached":23,"playtime":1279,"items_purged":["Strike_B"],"score":334,"play_id":"d0403d85-e562-4c23-b5c3-e2f368268252","local_time":"20190412005631","is_ascension_mode":true,"campfire_choices":[{"data":"Defragment","floor":6,"key":"SMITH"},{"floor":11,"key":"REST"},{"data":"Barrage","floor":15,"key":"SMITH"}],"neow_cost":"NONE","seed_source_timestamp":123009280809600,"circlet_count":0,"master_deck":["AscendersBane","Defend_B","Zap","Dualcast","Leap","Compile Driver","Defragment+1","Genetic Algorithm","Coolheaded","Streamline","Cold Snap","BootSequence","Cold Snap","Barrage+1","Buffer","Barrage+1","Sweeping Beam+1","Skim+1","Steam","Turbo","Ball Lightning"],"relics":["Cracked Core","Kunai","Tiny Chest","Pen Nib","Anchor","Astrolabe"],"potions_floor_usage":[7,10,12,23,23,23,23],"damage_taken":[{"damage":0,"enemies":"Cultist","floor":1,"turns":3},{"damage":3,"enemies":"Small Slimes","floor":2,"turns":4},{"damage":9,"enemies":"Jaw Worm","floor":3,"turns":4},{"damage":16,"enemies":"Gremlin Nob","floor":7,"turns":3},{"damage":13,"enemies":"3 Sentries","floor":10,"turns":7},{"damage":13,"enemies":"Lots of Slimes","floor":12,"turns":4},{"damage":14,"enemies":"Gremlin Nob","floor":14,"turns":3},{"damage":1,"enemies":"The Guardian","floor":16,"turns":12},{"damage":19,"enemies":"Chosen","floor":18,"turns":5},{"damage":0,"enemies":"Spheric Guardian","floor":19,"turns":6},{"damage":26,"enemies":"Snake Plant","floor":22,"turns":6},{"damage":43,"enemies":"Gremlin Leader","floor":23,"turns":6}],"seed_played":"5632501430111293180","potions_obtained":[{"floor":2,"key":"Fire Potion"},{"floor":3,"key":"Poison Potion"},{"floor":7,"key":"FocusPotion"},{"floor":18,"key":"EntropicBrew"},{"floor":22,"key":"LiquidBronze"}],"is_trial":false,"path_per_floor":["M","M","M","?","?","R","E","$","T","E","R","M","$","E","R","B",null,"M","M","?","?","M","E"],"character_chosen":"DEFECT","items_purchased":["Streamline","Cold Snap","Barrage"],"campfire_rested":1,"item_purchase_floors":[8,13,13],"current_hp_per_floor":[68,65,56,56,56,56,40,40,40,27,49,36,36,22,22,21,62,43,43,43,43,17,0],"gold":290,"neow_bonus":"REMOVE_CARD","is_prod":false,"is_daily":false,"chose_seed":false,"campfire_upgraded":2,"win_rate":0,"timestamp":1555023391,"path_taken":["M","?","M","?","?","R","E","?","T","E","R","?","?","E","R","BOSS","M","?","?","?","?","E"],"build_version":"2019-01-23","purchased_purges":1,"victory":false,"max_hp_per_floor":[75,75,75,75,75,75,75,75,75,75,75,75,75,75,75,75,75,75,75,75,75,75,75],"card_choices":[{"not_picked":["Gash","Stack"],"picked":"Leap","floor":1},{"not_picked":["Darkness","Stack"],"picked":"Compile Driver","floor":2},{"not_picked":["Coolheaded","BootSequence"],"picked":"Defragment","floor":3},{"not_picked":["Barrage","Go for the Eyes"],"picked":"Coolheaded","floor":7},{"not_picked":["Creative AI","Turbo"],"picked":"Cold Snap","floor":10},{"not_picked":["Force Field","Ball Lightning"],"picked":"BootSequence","floor":12},{"not_picked":["Aggregate","Stack","Fusion"],"picked":"SKIP","floor":14},{"not_picked":["Creative AI","Fission"],"picked":"Buffer","floor":16},{"not_picked":["Barrage","Steam","Leap"],"picked":"SKIP","floor":18},{"not_picked":["Barrage","Leap"],"picked":"Steam","floor":18},{"not_picked":["Tempest","Auto Shields"],"picked":"Turbo","floor":19},{"not_picked":["Compile Driver+1","Rebound"],"picked":"Ball Lightning","floor":22}],"player_experience":541041,"relics_obtained":[{"floor":7,"key":"Kunai"},{"floor":9,"key":"Tiny Chest"},{"floor":10,"key":"Pen Nib"},{"floor":14,"key":"Anchor"}],"event_choices":[{"damage_healed":0,"gold_gain":0,"cards_transformed":["Strike_B"],"player_choice":"Change","damage_taken":0,"max_hp_gain":0,"max_hp_loss":0,"event_name":"Living Wall","floor":4,"gold_loss":0,"cards_obtained":["Genetic Algorithm"]},{"cards_removed":["Defend_B"],"damage_healed":0,"gold_gain":0,"player_choice":"Card Removal","damage_taken":0,"max_hp_gain":0,"max_hp_loss":0,"event_name":"The Cleric","floor":5,"gold_loss":50},{"damage_healed":0,"gold_gain":0,"player_choice":"Ignored","damage_taken":0,"max_hp_gain":0,"max_hp_loss":0,"event_name":"Vampires","floor":20,"gold_loss":0},{"damage_healed":0,"gold_gain":100,"player_choice":"Pray","damage_taken":0,"max_hp_gain":0,"max_hp_loss":0,"event_name":"Golden Shrine","floor":21,"gold_loss":0}],"is_beta":false,"boss_relics":[{"not_picked":["Pandora\u0027s Box","Eternal Feather"],"picked":"Astrolabe"}],"items_purged_floors":[8],"is_endless":false,"potions_floor_spawned":[2,3,7,18,22],"killed_by":"Gremlin Leader","ascension_level":12}