{"gold_per_floor":[115,115,183,183,195,195,230,249,249,269,332,66,66,83,83,154,154,174,96,96,107,126,126],"floor_reached":23,"playtime":818,"items_purged":["Strike_G"],"score":452,"play_id":"99429d68-c992-4af8-ac8b-bcd6d6258f4d","local_time":"20190409003455","is_ascension_mode":true,"campfire_choices":[{"data":"Setup","floor":6,"key":"SMITH"},{"floor":13,"key":"REST"},{"data":"Footwork","floor":15,"key":"SMITH"}],"neow_cost":"NONE","seed_source_timestamp":781975630056200,"circlet_count":0,"master_deck":["AscendersBane","Defend_G","Defend_G","Defend_G","Defend_G+1","Defend_G","Strike_G","Strike_G","Strike_G","Strike_G","Survivor+1","Neutralize","Sucker Punch","Setup+1","Deadly Poison","Acrobatics+1","Malaise+1","Dodge and Roll+1","Night Terror+1","Footwork+1","Bouncing Flask+1","Calculated Gamble+1","Dodge and Roll+1","Adrenaline+1","Writhe","Injury","Injury","PiercingWail+1","Catalyst+1","Dodge and Roll+1","Cloak And Dagger+1"],"relics":["Ring of the Snake","NeowsBlessing","Letter Opener","Toxic Egg 2","Ancient Tea Set","Tiny Chest","Calling Bell","Anchor","Shuriken","Bird Faced Urn","Shovel"],"potions_floor_usage":[11,16,18,18,21,23,23],"damage_taken":[{"damage":0,"enemies":"2 Louse","floor":1,"turns":1},{"damage":0,"enemies":"Jaw Worm","floor":5,"turns":1},{"damage":0,"enemies":"Gremlin Nob","floor":7,"turns":1},{"damage":0,"enemies":"Cultist","floor":8,"turns":4},{"damage":5,"enemies":"Red Slaver","floor":10,"turns":4},{"damage":28,"enemies":"Lagavulin","floor":11,"turns":13},{"damage":0,"enemies":"3 Louse","floor":14,"turns":3},{"damage":21,"enemies":"Slime Boss","floor":16,"turns":10},{"damage":30,"enemies":"3 Byrds","floor":18,"turns":6},{"damage":1,"enemies":"Chosen","floor":21,"turns":5},{"damage":9,"enemies":"Snake Plant","floor":22,"turns":3},{"damage":28,"enemies":"Slavers","floor":23,"turns":3}],"seed_played":"-4999211116431697119","potions_obtained":[{"floor":1,"key":"EntropicBrew"},{"floor":5,"key":"GhostInAJar"},{"floor":14,"key":"Fire Potion"},{"floor":18,"key":"GhostInAJar"},{"floor":22,"key":"Block Potion"}],"is_trial":false,"path_per_floor":["M","?","T","?","M","R","E","M","T","M","E","$","R","M","R","B",null,"M","$","T","M","M","E"],"character_chosen":"THE_SILENT","items_purchased":["Footwork","Bouncing Flask+1","Calculated Gamble+1","Catalyst+1"],"campfire_rested":1,"item_purchase_floors":[12,12,12,19],"current_hp_per_floor":[59,39,39,39,39,39,39,39,39,34,6,6,25,25,25,4,51,25,25,25,26,19,0],"gold":126,"neow_bonus":"THREE_ENEMY_KILL","is_prod":false,"is_daily":false,"chose_seed":false,"campfire_upgraded":2,"win_rate":0,"timestamp":1554762895,"path_taken":["M","?","?","?","M","R","E","M","T","M","E","$","R","?","R","BOSS","M","$","?","?","M","E"],"build_version":"2019-01-23","purchased_purges":1,"victory":false,"max_hp_per_floor":[66,66,66,66,66,66,66,66,66,66,66,66,66,66,66,66,66,66,66,66,66,66,66],"card_choices":[{"not_picked":["Eviscerate","Heel Hook","Riddle With Holes"],"picked":"SKIP","floor":1},{"not_picked":["Flechettes","Outmaneuver"],"picked":"Deadly Poison","floor":5},{"not_picked":["Outmaneuver","Poisoned Stab"],"picked":"Acrobatics","floor":7},{"not_picked":["Backflip+1","Blade Dance+1"],"picked":"Malaise+1","floor":8},{"not_picked":["Underhanded Strike","Prepared+1"],"picked":"Dodge and Roll+1","floor":10},{"not_picked":["Dodge and Roll+1","Cloak And Dagger+1"],"picked":"Night Terror+1","floor":11},{"not_picked":["Deflect+1","Riddle With Holes"],"picked":"Dodge and Roll+1","floor":14},{"not_picked":["Burst+1","Corpse Explosion+1"],"picked":"Adrenaline+1","floor":16},{"not_picked":["Blade Dance+1","Dagger Throw"],"picked":"PiercingWail+1","floor":18},{"not_picked":["Caltrops","Flying Knee"],"picked":"Dodge and Roll+1","floor":21},{"not_picked":["Flechettes","Bane"],"picked":"Cloak And Dagger+1","floor":22}],"player_experience":521031,"relics_obtained":[{"floor":3,"key":"Letter Opener"},{"floor":7,"key":"Toxic Egg 2"},{"floor":9,"key":"Ancient Tea Set"},{"floor":11,"key":"Tiny Chest"},{"floor":17,"key":"Anchor"},{"floor":17,"key":"Shuriken"},{"floor":17,"key":"Bird Faced Urn"},{"floor":20,"key":"Shovel"}],"event_choices":[{"damage_healed":0,"gold_gain":0,"player_choice":"Entered Light","damage_taken":20,"max_hp_gain":0,"max_hp_loss":0,"event_name":"Shining Light","floor":2,"gold_loss":0,"cards_upgraded":["Defend_G","Survivor"]},{"damage_healed":0,"gold_gain":0,"player_choice":"2 cards matched","damage_taken":0,"max_hp_gain":0,"max_hp_loss":0,"event_name":"Match and Keep!","floor":4,"gold_loss":0,"cards_obtained":["Sucker Punch","Setup"]}],"is_beta":false,"boss_relics":[{"not_picked":["Coffee Dripper","Ectoplasm"],"picked":"Calling Bell"}],"items_purged_floors":[12],"is_endless":false,"potions_floor_spawned":[1,5,8,14,18,22],"killed_by":"Slavers","ascension_level":20}