{"gold_per_floor":[115,115,130,7,18,18,45,10,33,33,66,86,86,112,112,212,212,229,242,242,259,161,161],"floor_reached":23,"playtime":1680,"items_purged":["Strike_R"],"score":324,"play_id":"a2e4c4d7-baba-4d84-b259-60da2e55b31c","local_time":"20190503164443","is_ascension_mode":true,"campfire_choices":[{"data":"Twin Strike","floor":6.0,"key":"SMITH"},{"data":"Armaments","floor":13.0,"key":"SMITH"},{"data":"Barricade","floor":15,"key":"SMITH"}],"neow_cost":"NONE","seed_source_timestamp":1735890213351557,"circlet_count":0,"master_deck":["AscendersBane","Strike_R","Strike_R","Strike_R","Strike_R","Defend_R","Defend_R","Defend_R","Defend_R","Bash","Twin Strike+1","Ghostly Armor","Headbutt","Metallicize","Heavy Blade","Armaments+1","Barricade+1","Offering","Anger+1","Battle Trance+1"],"special_seed":0,"relics":["Velvet Choker","Smiling Mask","Omamori","Incense Burner","Blood Vial","Cursed Key"],"potions_floor_usage":[14,14,16,19,23],"damage_taken":[{"damage":0.0,"enemies":"2 Louse","floor":1.0,"turns":3.0},{"damage":0.0,"enemies":"Small Slimes","floor":3.0,"turns":3.0},{"damage":12.0,"enemies":"Jaw Worm","floor":5.0,"turns":2.0},{"damage":9.0,"enemies":"3 Sentries","floor":7.0,"turns":6.0},{"damage":26.0,"enemies":"Gremlin Nob","floor":11.0,"turns":4.0},{"damage":3.0,"enemies":"3 Louse","floor":12.0,"turns":3.0},{"damage":4,"enemies":"Lagavulin","floor":14,"turns":6},{"damage":3,"enemies":"The Guardian","floor":16,"turns":11},{"damage":7,"enemies":"Spheric Guardian","floor":18,"turns":5},{"damage":7,"enemies":"Chosen","floor":19,"turns":4},{"damage":35,"enemies":"Sentry and Sphere","floor":21,"turns":8},{"damage":16,"enemies":"Book of Stabbing","floor":23,"turns":3}],"seed_played":"6889565869189276127","potions_obtained":[{"floor":12.0,"key":"SteroidPotion"},{"floor":14,"key":"Swift Potion"},{"floor":16,"key":"Fire Potion"},{"floor":18,"key":"FearPotion"}],"is_trial":false,"path_per_floor":["M","?","M","$","M","R","E","?","T","$","E","M","R","E","R","B",null,"M","M","?","M","$","E"],"character_chosen":"IRONCLAD","items_purchased":["Headbutt","Strength Potion","Energy Potion","Swift Potion"],"campfire_rested":0,"item_purchase_floors":[4,4,4,22],"current_hp_per_floor":[72,72,72,72,60,60,51,71,71,71,45,42,42,38,38,37,69,64,59,44,11,11,0],"gold":161,"neow_bonus":"BOSS_RELIC","is_prod":false,"is_daily":false,"chose_seed":false,"campfire_upgraded":3,"win_rate":0,"timestamp":1556919883,"path_taken":["M","?","M","$","M","R","E","?","T","?","E","M","R","E","R","BOSS","M","M","?","M","$","E"],"build_version":"2019-01-23","purchased_purges":1,"victory":false,"max_hp_per_floor":[80,80,80,80,80,80,80,80,80,80,80,80,80,80,80,80,80,80,80,85,85,85,85],"card_choices":[{"not_picked":["Cleave","Second Wind"],"picked":"Twin Strike","floor":1.0},{"not_picked":["Wild Strike","Corruption"],"picked":"Ghostly Armor","floor":3.0},{"not_picked":["Combust","Thunderclap"],"picked":"Metallicize","floor":5.0},{"not_picked":["Havoc","Clash"],"picked":"Heavy Blade","floor":7.0},{"not_picked":["Body Slam","Fire Breathing","Perfected Strike"],"picked":"SKIP","floor":11.0},{"not_picked":["Iron Wave","Entrench"],"picked":"Armaments","floor":12.0},{"not_picked":["Sentinel","Carnage"],"picked":"Barricade","floor":14},{"not_picked":["Brutality","Feed"],"picked":"Offering","floor":16},{"not_picked":["Clothesline","Sword Boomerang"],"picked":"Anger+1","floor":18},{"not_picked":["Clothesline","Anger+1","Havoc"],"picked":"SKIP","floor":19},{"not_picked":["Body Slam","Pummel+1"],"picked":"Battle Trance+1","floor":21}],"player_experience":376253,"relics_obtained":[{"floor":7.0,"key":"Smiling Mask"},{"floor":9.0,"key":"Omamori"},{"floor":11.0,"key":"Incense Burner"},{"floor":14,"key":"Blood Vial"}],"event_choices":[{"damage_healed":0.0,"max_hp_gain":0.0,"max_hp_loss":0.0,"gold_gain":0.0,"event_name":"Scrap Ooze","player_choice":"Fled","floor":2.0,"gold_loss":0.0,"damage_taken":0.0},{"damage_healed":20.0,"max_hp_gain":0.0,"max_hp_loss":0.0,"gold_gain":0.0,"event_name":"The Cleric","player_choice":"Healed","floor":8.0,"gold_loss":35.0,"damage_taken":0.0},{"damage_healed":0,"gold_gain":0,"player_choice":"Shed Blood","damage_taken":20,"max_hp_gain":5,"max_hp_loss":0,"event_name":"Forgotten Altar","floor":20,"gold_loss":0}],"is_beta":false,"boss_relics":[{"not_picked":["Astrolabe","Lizard Tail"],"picked":"Cursed Key"}],"items_purged_floors":[22],"is_endless":false,"potions_floor_spawned":[5,12,14,16,18],"killed_by":"Book of Stabbing","ascension_level":11}