{"gold_per_floor":[117,42,117,14,30,57,3,32,56,56,56,80,80],"floor_reached":13,"playtime":346,"items_purged":["Strike_R"],"score":228,"play_id":"e44575a1-bd86-4c2b-afa1-31a1e3c03dd1","local_time":"20190511142751","is_ascension_mode":true,"campfire_choices":[{"data":"Hemokinesis","floor":10,"key":"SMITH"}],"neow_cost":"NONE","seed_source_timestamp":365616770849706,"circlet_count":0,"master_deck":["AscendersBane","Strike_R","Strike_R","Strike_R","Defend_R","Defend_R","Defend_R","Defend_R","Bash","Wild Strike","Hemokinesis+1","Offering"],"relics":["Burning Blood","Smiling Mask","Regal Pillow","Omamori","Pen Nib","Golden Idol","Juzu Bracelet"],"potions_floor_usage":[6,8,8],"damage_taken":[{"damage":1,"enemies":"Cultist","floor":1,"turns":4},{"damage":9,"enemies":"Small Slimes","floor":5,"turns":4},{"damage":31,"enemies":"Lagavulin","floor":6,"turns":6},{"damage":9,"enemies":"Gremlin Nob","floor":8,"turns":2},{"damage":48,"enemies":"Lagavulin","floor":13,"turns":5}],"seed_played":"-4971498804077037130","potions_obtained":[{"floor":6,"key":"Swift Potion"}],"is_trial":false,"path_per_floor":["M","?","?","$","M","E","$","E","T","R","?","T","E"],"character_chosen":"IRONCLAD","items_purchased":["Weak Potion","SteroidPotion"],"campfire_rested":0,"item_purchase_floors":[4,7],"current_hp_per_floor":[73,73,62,62,59,34,34,31,31,31,31,31,0],"gold":80,"neow_bonus":"RANDOM_COMMON_RELIC","is_prod":false,"is_daily":false,"chose_seed":false,"campfire_upgraded":1,"win_rate":0,"timestamp":1557610071,"path_taken":["M","?","?","?","?","E","$","E","T","R","?","?","E"],"build_version":"2019-05-07","purchased_purges":1,"victory":false,"max_hp_per_floor":[75,75,75,75,75,75,75,75,75,75,75,75,75],"card_choices":[{"not_picked":["Burning Pact","Body Slam"],"picked":"Wild Strike","floor":1},{"not_picked":["Sever Soul","Headbutt"],"picked":"Hemokinesis","floor":5},{"not_picked":["Armaments","Searing Blow"],"picked":"Offering","floor":6},{"not_picked":["Corruption","Clash","Havoc"],"picked":"SKIP","floor":8}],"player_experience":6369320,"relics_obtained":[{"floor":6,"key":"Regal Pillow"},{"floor":8,"key":"Omamori"},{"floor":9,"key":"Pen Nib"},{"floor":12,"key":"Juzu Bracelet"}],"event_choices":[{"cards_removed":["Strike_R"],"damage_healed":0,"gold_gain":0,"player_choice":"Card Removal","damage_taken":0,"max_hp_gain":0,"max_hp_loss":0,"event_name":"The Cleric","floor":2,"gold_loss":75},{"damage_healed":0,"gold_gain":75,"player_choice":"Gather Gold","damage_taken":11,"max_hp_gain":0,"max_hp_loss":0,"event_name":"World of Goop","floor":3,"gold_loss":0},{"damage_healed":0,"gold_gain":0,"player_choice":"Take Wound","damage_taken":0,"relics_obtained":["Golden Idol"],"max_hp_gain":0,"max_hp_loss":0,"event_name":"Golden Idol","floor":11,"gold_loss":0,"cards_obtained":["Injury"]}],"is_beta":true,"boss_relics":[],"items_purged_floors":[4],"is_endless":false,"potions_floor_spawned":[6],"killed_by":"Lagavulin","ascension_level":20}