{"gold_per_floor":[116,136,51,69,69,69,110,110,410,451,431,452,377,427,427,520,520,520,520,520,520,370,370,370,370,370,370,370,370,370,370,370,370,370,370,370,370,370,370,370,370,370,370,90,90,0,0,0,0,0,0,0,0,0,0,0],"floor_reached":56,"playtime":5412,"items_purged":["Bite","Bite"],"score":2052,"play_id":"5d1e4599-68cb-49c4-8fb3-7845e926ae04","local_time":"20190511173537","is_ascension_mode":true,"campfire_choices":[{"data":"Combust","floor":6,"key":"SMITH"},{"data":"Armaments","floor":15,"key":"SMITH"},{"data":"Whirlwind","floor":23,"key":"SMITH"},{"floor":27,"key":"REST"},{"data":"Demon Form","floor":32,"key":"SMITH"},{"data":"Disarm","floor":41,"key":"SMITH"},{"floor":49,"key":"RECALL"},{"floor":53,"key":"REST"}],"neow_cost":"NONE","seed_source_timestamp":371823403257696,"circlet_count":0,"master_deck":["AscendersBane","Defend_R","Defend_R","Defend_R","Defend_R+1","Bash","Armaments+1","Battle Trance","Combust+1","Uppercut","Carnage","Whirlwind+1","Feed","Thunderclap","Bite","Bite","Bite","Exhume","Burning Pact+1","Demon Form+1","Spot Weakness+1","Disarm+1","Heavy Blade","Limit Break","Reaper","Evolve+1","Shockwave+1","Burning Pact+1"],"relics":["Burning Blood","Bloody Idol","Pocketwatch","Old Coin","Juzu Bracelet","Ectoplasm","Mummified Hand","Art of War","Regal Pillow","Lizard Tail","Lantern","Potion Belt","Smiling Mask","ClockworkSouvenir","Red Mask","Ancient Tea Set","War Paint"],"potions_floor_usage":[7,25,31,37,47,51,56,56],"damage_taken":[{"damage":9,"enemies":"Jaw Worm","floor":1,"turns":4},{"damage":9,"enemies":"Small Slimes","floor":2,"turns":5},{"damage":1,"enemies":"Cultist","floor":4,"turns":3},{"damage":26,"enemies":"Gremlin Nob","floor":7,"turns":4},{"damage":20,"enemies":"3 Sentries","floor":10,"turns":8},{"damage":13,"enemies":"Large Slime","floor":12,"turns":5},{"damage":15,"enemies":"The Guardian","floor":16,"turns":14},{"damage":17,"enemies":"Shell Parasite","floor":18,"turns":7},{"damage":12,"enemies":"Chosen","floor":24,"turns":5},{"damage":54,"enemies":"Slavers","floor":25,"turns":7},{"damage":24,"enemies":"Centurion and Healer","floor":28,"turns":10},{"damage":47,"enemies":"Gremlin Leader","floor":29,"turns":7},{"damage":23,"enemies":"Cultist and Chosen","floor":30,"turns":7},{"damage":52,"enemies":"Slavers","floor":31,"turns":5},{"damage":48,"enemies":"Champ","floor":33,"turns":12},{"damage":84,"enemies":"3 Darklings","floor":35,"turns":35},{"damage":42,"enemies":"Orb Walker","floor":36,"turns":5},{"damage":137,"enemies":"Sphere and 2 Shapes","floor":37,"turns":33},{"damage":25,"enemies":"4 Shapes","floor":39,"turns":23},{"damage":27,"enemies":"Reptomancer","floor":40,"turns":5},{"damage":42,"enemies":"Nemesis","floor":42,"turns":7},{"damage":58,"enemies":"Writhing Mass","floor":45,"turns":11},{"damage":50,"enemies":"Reptomancer","floor":47,"turns":6},{"damage":89,"enemies":"Time Eater","floor":50,"turns":9},{"damage":134,"enemies":"Awakened One","floor":51,"turns":13},{"damage":129,"enemies":"Shield and Spear","floor":55,"turns":9},{"damage":86,"enemies":"The Heart","floor":56,"turns":6}],"seed_played":"-8921822903464032613","potions_obtained":[{"floor":2,"key":"Fire Potion"},{"floor":4,"key":"Poison Potion"},{"floor":10,"key":"PowerPotion"},{"floor":18,"key":"Strength Potion"},{"floor":28,"key":"Block Potion"},{"floor":37,"key":"SkillPotion"},{"floor":39,"key":"Poison Potion"},{"floor":45,"key":"LiquidBronze"},{"floor":55,"key":"EssenceOfSteel"}],"is_trial":false,"path_per_floor":["M","M","$","M","?","R","E","?","T","E","?","M","?","?","R","B",null,"M","?","?","?","$","R","M","E","T","R","M","E","M","E","R","B",null,"M","M","M","?","M","E","R","E","T","$","M","?","E","?","R","B","B",null,"R","$","E","B"],"character_chosen":"IRONCLAD","items_purchased":["Combust","Exhume","ClockworkSouvenir"],"campfire_rested":2,"item_purchase_floors":[3,22,44],"current_hp_per_floor":[72,69,69,74,74,74,54,47,47,33,33,26,26,19,19,10,58,51,51,51,51,51,51,55,26,26,44,70,54,60,27,27,25,71,90,66,64,97,104,89,89,104,104,104,88,88,89,89,89,60,12,90,116,116,84,0],"gold":0,"neow_bonus":"TEN_PERCENT_HP_BONUS","is_prod":false,"is_daily":false,"chose_seed":false,"campfire_upgraded":5,"win_rate":0,"timestamp":1557621337,"path_taken":["M","M","$","M","?","R","E","?","T","E","?","M","?","?","R","BOSS","M","?","?","?","$","R","M","E","T","R","M","E","M","E","R","BOSS","M","M","M","?","M","E","R","E","T","$","M","?","E","?","R","BOSS","BOSS","R","$","E","BOSS"],"build_version":"2019-05-07","purchased_purges":2,"victory":false,"max_hp_per_floor":[82,82,82,82,74,74,74,74,74,74,74,74,74,74,74,74,74,78,54,54,54,54,54,58,62,62,62,70,70,78,82,82,86,86,90,93,97,97,104,104,104,104,104,104,108,108,112,112,112,116,116,116,116,116,119,119],"card_choices":[{"not_picked":["Body Slam","Flex"],"picked":"Armaments","floor":1},{"not_picked":["Sentinel","Whirlwind"],"picked":"Battle Trance","floor":2},{"not_picked":["Reckless Charge","Heavy Blade"],"picked":"Uppercut","floor":4},{"not_picked":["Entrench","Pommel Strike"],"picked":"Carnage","floor":7},{"not_picked":["Heavy Blade","Second Wind","Cleave"],"picked":"SKIP","floor":10},{"not_picked":["Uppercut","Clash"],"picked":"Whirlwind","floor":12},{"not_picked":["Brutality","Limit Break"],"picked":"Feed","floor":16},{"not_picked":["Cleave","Intimidate"],"picked":"Thunderclap","floor":18},{"not_picked":["Evolve","Pommel Strike"],"picked":"Burning Pact","floor":24},{"not_picked":["Dropkick","Combust"],"picked":"Demon Form","floor":25},{"not_picked":["Cleave","Inflame"],"picked":"Spot Weakness+1","floor":28},{"not_picked":["Clothesline","Dropkick+1"],"picked":"Disarm","floor":29},{"not_picked":["Iron Wave","Second Wind"],"picked":"Heavy Blade","floor":30},{"not_picked":["Rupture","Cleave","Anger"],"picked":"SKIP","floor":31},{"not_picked":["Dark Embrace","Immolate"],"picked":"Limit Break","floor":33},{"not_picked":["Sword Boomerang","Rampage+1","Searing Blow+1"],"picked":"SKIP","floor":35},{"not_picked":["Dual Wield","Pommel Strike","Warcry"],"picked":"SKIP","floor":36},{"not_picked":["Body Slam","Pommel Strike","Heavy Blade"],"picked":"SKIP","floor":37},{"not_picked":["Dropkick+1","Fire Breathing","Clothesline"],"picked":"SKIP","floor":39},{"not_picked":["Pummel","Twin Strike+1"],"picked":"Reaper","floor":40},{"not_picked":["Intimidate","Carnage"],"picked":"Evolve+1","floor":42},{"not_picked":["Combust+1","Carnage+1"],"picked":"Shockwave","floor":45},{"not_picked":["Dropkick","Shrug It Off"],"picked":"Burning Pact+1","floor":47},{"not_picked":["Flex+1","Perfected Strike","Combust"],"picked":"SKIP","floor":55}],"player_experience":6375485,"relics_obtained":[{"floor":7,"key":"Pocketwatch"},{"floor":9,"key":"Old Coin"},{"floor":10,"key":"Juzu Bracelet"},{"floor":25,"key":"Mummified Hand"},{"floor":29,"key":"Art of War"},{"floor":31,"key":"Regal Pillow"},{"floor":40,"key":"Lantern"},{"floor":42,"key":"Potion Belt"},{"floor":43,"key":"Smiling Mask"},{"floor":47,"key":"Ancient Tea Set"},{"floor":55,"key":"War Paint"}],"event_choices":[{"damage_healed":0,"gold_gain":0,"player_choice":"Lose Max HP","damage_taken":0,"relics_obtained":["Golden Idol"],"max_hp_gain":0,"max_hp_loss":8,"event_name":"Golden Idol","floor":5,"gold_loss":0},{"cards_removed":["Strike_R"],"damage_healed":0,"gold_gain":0,"player_choice":"Card Removal","damage_taken":7,"max_hp_gain":0,"max_hp_loss":0,"event_name":"Golden Wing","floor":8,"gold_loss":0},{"damage_healed":0,"gold_gain":0,"player_choice":"Bought 1 Potion","damage_taken":0,"max_hp_gain":0,"max_hp_loss":0,"event_name":"The Woman in Blue","floor":11,"gold_loss":0},{"cards_removed":["Strike_R"],"damage_healed":0,"gold_gain":0,"player_choice":"Card Removal","damage_taken":0,"max_hp_gain":0,"max_hp_loss":0,"event_name":"The Cleric","floor":13,"gold_loss":75},{"damage_healed":0,"gold_gain":50,"player_choice":"Touch","damage_taken":7,"max_hp_gain":0,"max_hp_loss":0,"event_name":"FaceTrader","floor":14,"gold_loss":0},{"damage_healed":0,"gold_gain":0,"player_choice":"Became a vampire","damage_taken":0,"max_hp_gain":0,"max_hp_loss":24,"event_name":"Vampires","floor":19,"gold_loss":0,"cards_obtained":["Bite","Bite","Bite","Bite","Bite"]},{"damage_healed":0,"gold_gain":0,"player_choice":"Got Potions","damage_taken":0,"max_hp_gain":0,"max_hp_loss":0,"event_name":"Lab","floor":20,"gold_loss":0},{"damage_healed":0,"gold_gain":0,"player_choice":"Gave Idol","damage_taken":0,"relics_obtained":["Bloody Idol"],"max_hp_gain":0,"max_hp_loss":0,"event_name":"Forgotten Altar","floor":21,"relics_lost":["Golden Idol"],"gold_loss":0},{"damage_healed":33,"gold_gain":0,"player_choice":"Full Heal","damage_taken":0,"max_hp_gain":0,"max_hp_loss":0,"event_name":"Wheel of Change","floor":38,"gold_loss":0},{"damage_healed":0,"gold_gain":0,"player_choice":"Paid","damage_taken":0,"relics_obtained":["Red Mask"],"max_hp_gain":0,"max_hp_loss":0,"event_name":"Tomb of Lord Red Mask","floor":46,"gold_loss":90},{"damage_healed":0,"gold_gain":0,"player_choice":"Upgraded","damage_taken":0,"max_hp_gain":0,"max_hp_loss":0,"event_name":"Upgrade Shrine","floor":48,"gold_loss":0,"cards_upgraded":["Burning Pact"]}],"is_beta":true,"boss_relics":[{"not_picked":["Astrolabe","Black Star"],"picked":"Ectoplasm"},{"not_picked":["Calling Bell","Philosopher\u0027s Stone"],"picked":"Lizard Tail"}],"items_purged_floors":[22,44],"is_endless":false,"potions_floor_spawned":[2,4,10,18,28,30,37,39,40,45,55],"killed_by":"The Heart","ascension_level":20}