{"gold_per_floor":[212,212,36,36,8,8,49,49,73,106,119,144,183,203,203,299,299,319,319,319,13,29,29],"floor_reached":23,"playtime":1151,"items_purged":["Injury"],"score":441,"play_id":"e788531c-b5e4-4d72-89ca-fcefbd529d60","local_time":"20190328211741","is_ascension_mode":true,"campfire_choices":[{"data":"Zap","floor":6.0,"key":"SMITH"},{"floor":8.0,"key":"REST"},{"data":"Defragment","floor":15.0,"key":"SMITH"}],"neow_cost":"NONE","seed_source_timestamp":0,"circlet_count":0,"master_deck":["AscendersBane","Strike_B","Strike_B+1","Strike_B","Strike_B+1","Defend_B","Defend_B","Defend_B","Defend_B","Zap+1","Dualcast","Steam Power","Flash of Steel","Go for the Eyes","Leap","Auto Shields","Capacitor","Defragment+1","Ball Lightning","Buffer","Leap","Static Discharge","Hello World","Storm"],"special_seed":0,"relics":["Cracked Core","Golden Idol","Meat on the Bone","The Courier","Whetstone","Oddly Smooth Stone","Pen Nib","Nuclear Battery","Potion Belt"],"potions_floor_usage":[22,23],"damage_taken":[{"damage":4.0,"enemies":"Jaw Worm","floor":1.0,"turns":4.0},{"damage":35.0,"enemies":"Lagavulin","floor":7.0,"turns":7.0},{"damage":27.0,"enemies":"Gremlin Nob","floor":10.0,"turns":4.0},{"damage":0.0,"enemies":"Small Slimes","floor":11.0,"turns":3.0},{"damage":0.0,"enemies":"Cultist","floor":12.0,"turns":2.0},{"damage":0.0,"enemies":"3 Sentries","floor":13.0,"turns":8.0},{"damage":3.0,"enemies":"Blue Slaver","floor":14.0,"turns":4.0},{"damage":31.0,"enemies":"The Guardian","floor":16.0,"turns":10.0},{"damage":9.0,"enemies":"Chosen","floor":18.0,"turns":6.0},{"damage":12,"enemies":"3 Byrds","floor":22,"turns":5},{"damage":44,"enemies":"Gremlin Leader","floor":23,"turns":2}],"seed_played":"-3331282437724287548","potions_obtained":[{"floor":10.0,"key":"Strength Potion"},{"floor":11.0,"key":"EssenceOfSteel"},{"floor":13.0,"key":"SpeedPotion"},{"floor":16.0,"key":"Ancient Potion"},{"floor":18.0,"key":"SkillPotion"}],"is_trial":false,"path_per_floor":["M","?","$","?","$","R","E","R","T","E","M","M","E","M","R","B",null,"M","?","?","$","M","E"],"character_chosen":"DEFECT","items_purchased":["Flash of Steel","Go for the Eyes","Potion Belt","Fire Potion","Static Discharge","Hello World"],"campfire_rested":1,"item_purchase_floors":[3,5,21,21,21,21],"current_hp_per_floor":[60,60,60,42,42,42,19,40,40,25,37,37,37,46,46,27,60,51,51,51,51,39,0],"gold":29,"neow_bonus":"HUNDRED_GOLD","is_prod":false,"is_daily":false,"chose_seed":false,"campfire_upgraded":2,"win_rate":0,"timestamp":1553825861,"path_taken":["M","?","$","?","?","R","E","R","T","E","M","M","E","?","R","BOSS","M","?","?","$","?","E"],"build_version":"2019-01-23","purchased_purges":1,"victory":false,"max_hp_per_floor":[71,71,71,71,71,71,71,71,71,71,71,71,71,71,71,71,71,71,71,71,71,71,71],"card_choices":[{"not_picked":["Rebound","Fusion"],"picked":"Steam Power","floor":1.0},{"not_picked":["Rebound","Redo"],"picked":"Leap","floor":7.0},{"not_picked":["Beam Cell","Double Energy"],"picked":"Auto Shields","floor":10.0},{"not_picked":["Doom and Gloom","Compile Driver"],"picked":"Capacitor","floor":11.0},{"not_picked":["Recycle","Rebound","Steam Power"],"picked":"SKIP","floor":12.0},{"not_picked":["Ball Lightning","Echo Form"],"picked":"Defragment","floor":13.0},{"not_picked":["Compile Driver","Conserve Battery"],"picked":"Ball Lightning","floor":14.0},{"not_picked":["Rainbow","Amplify"],"picked":"Buffer","floor":16.0},{"not_picked":["Scrape","Beam Cell"],"picked":"Leap","floor":18.0},{"not_picked":["Ball Lightning","Barrage"],"picked":"Storm","floor":22}],"player_experience":1181227,"relics_obtained":[{"floor":7.0,"key":"The Courier"},{"floor":9.0,"key":"Whetstone"},{"floor":10.0,"key":"Oddly Smooth Stone"},{"floor":13.0,"key":"Pen Nib"}],"event_choices":[{"damage_healed":0.0,"max_hp_gain":0.0,"max_hp_loss":0.0,"gold_gain":0.0,"event_name":"Golden Idol","player_choice":"Take Wound","floor":2.0,"gold_loss":0.0,"damage_taken":0.0,"relics_obtained":["Golden Idol"],"cards_obtained":["Injury"]},{"damage_healed":0.0,"max_hp_gain":0.0,"max_hp_loss":0.0,"gold_gain":0.0,"event_name":"Scrap Ooze","player_choice":"Success","floor":4.0,"gold_loss":0.0,"damage_taken":18.0,"relics_obtained":["Meat on the Bone"]},{"damage_healed":0.0,"max_hp_gain":0.0,"max_hp_loss":0.0,"gold_gain":0.0,"event_name":"Beggar","player_choice":"Ignored","floor":19.0,"gold_loss":0.0,"damage_taken":0.0},{"damage_healed":0,"gold_gain":0,"player_choice":"0 cards matched","damage_taken":0,"max_hp_gain":0,"max_hp_loss":0,"event_name":"Match and Keep!","floor":20,"gold_loss":0,"cards_obtained":[]}],"is_beta":false,"boss_relics":[{"not_picked":["Tiny House","Snecko Eye"],"picked":"Nuclear Battery"}],"items_purged_floors":[3],"is_endless":false,"potions_floor_spawned":[10,11,13,16,18],"killed_by":"Gremlin Leader","ascension_level":18}