{"gold_per_floor":[118,136,149,164,339,364,364,376,376,376,376],"floor_reached":11,"playtime":437,"items_purged":[],"score":124,"play_id":"061370ca-2249-492a-9583-6c9bc4157aa1","local_time":"20190323135627","is_ascension_mode":true,"campfire_choices":[{"floor":7.0,"key":"REST"},{"floor":10.0,"key":"REST"}],"neow_cost":"NONE","seed_source_timestamp":0,"circlet_count":0,"master_deck":["AscendersBane","Strike_B","Strike_B","Strike_B","Strike_B","Defend_B","Defend_B","Defend_B","Defend_B","Zap","Dualcast+1","Panacea+1","Rip and Tear","Sweeping Beam","Cold Snap","Capacitor","Doubt","Static Discharge","Self Repair"],"special_seed":0,"relics":["Cracked Core","Centennial Puzzle","War Paint"],"potions_floor_usage":[11],"damage_taken":[{"damage":0.0,"enemies":"Small Slimes","floor":1.0,"turns":3.0},{"damage":2.0,"enemies":"Jaw Worm","floor":2.0,"turns":3.0},{"damage":1.0,"enemies":"Cultist","floor":3.0,"turns":3.0},{"damage":8.0,"enemies":"Blue Slaver","floor":4.0,"turns":2.0},{"damage":35.0,"enemies":"3 Sentries","floor":6.0,"turns":10.0},{"damage":42.0,"enemies":"Gremlin Gang","floor":8.0,"turns":4.0},{"damage":44,"enemies":"Gremlin Nob","floor":11,"turns":4}],"seed_played":"9074023654366511327","potions_obtained":[{"floor":2.0,"key":"FocusPotion"},{"floor":6.0,"key":"SneckoOil"}],"is_trial":false,"path_per_floor":["M","M","M","M","?","E","R","M","T","R","E"],"character_chosen":"DEFECT","items_purchased":[],"campfire_rested":2,"item_purchase_floors":[],"current_hp_per_floor":[68,66,65,57,57,22,44,2,2,24,0],"gold":376,"neow_bonus":"RANDOM_COLORLESS","is_prod":false,"is_daily":false,"chose_seed":false,"campfire_upgraded":0,"win_rate":0,"timestamp":1553367387,"path_taken":["M","M","M","M","?","E","R","M","T","R","E"],"build_version":"2019-01-23","purchased_purges":0,"victory":false,"max_hp_per_floor":[75,75,75,75,75,75,75,75,75,75,75],"card_choices":[{"not_picked":["Barrage","Leap"],"picked":"Rip and Tear","floor":1.0},{"not_picked":["Conserve Battery","Gash"],"picked":"Sweeping Beam","floor":2.0},{"not_picked":["Hologram","Streamline"],"picked":"Cold Snap","floor":3.0},{"not_picked":["Turbo","Stack"],"picked":"Capacitor","floor":4.0},{"not_picked":["Blizzard","Turbo"],"picked":"Static Discharge","floor":6.0},{"not_picked":["Beam Cell","Melter"],"picked":"Self Repair","floor":8.0}],"player_experience":1136355,"relics_obtained":[{"floor":6.0,"key":"Centennial Puzzle"},{"floor":9.0,"key":"War Paint"}],"event_choices":[{"damage_healed":0.0,"max_hp_gain":0.0,"max_hp_loss":0.0,"gold_gain":175.0,"event_name":"Liars Game","player_choice":"AGREE","floor":5.0,"gold_loss":0.0,"damage_taken":0.0,"cards_obtained":["Doubt"]}],"is_beta":false,"boss_relics":[],"items_purged_floors":[],"is_endless":false,"potions_floor_spawned":[2,6],"killed_by":"Gremlin Nob","ascension_level":13}