{"gold_per_floor":[113,4,4,0,0,0,0,0,0,25,25,42,42,76,76,155,155,174,188,113,129,49,49,79,96,96,127,127,144,163,179,179,256,256,274,285,41,57,57,57,86,102,128,159,34,34,45,0,0,0,0,0,0,0,29,29],"floor_reached":57,"playtime":4345,"items_purged":["Combust"],"score":2716,"play_id":"3a28b539-a7cd-4806-8eac-89cc33f12d13","local_time":"20190410181629","is_ascension_mode":true,"campfire_choices":[{"data":"Demon Form","floor":6,"key":"SMITH"},{"floor":8,"key":"REST"},{"floor":11,"key":"REST"},{"data":"Bash","floor":13,"key":"SMITH"},{"data":"Disarm","floor":15,"key":"SMITH"},{"data":"Offering","floor":23,"key":"SMITH"},{"data":"Flame Barrier","floor":28,"key":"SMITH"},{"data":"Disarm","floor":32,"key":"SMITH"},{"floor":40,"key":"RECALL"},{"data":"Heavy Blade","floor":46,"key":"SMITH"},{"data":"Dual Wield","floor":49,"key":"SMITH"},{"data":"Feel No Pain","floor":53,"key":"SMITH"}],"neow_cost":"PERCENT_DAMAGE","seed_source_timestamp":1068049760641169,"circlet_count":0,"master_deck":["AscendersBane","Strike_R+1","Defend_R","Defend_R","Defend_R","Defend_R+1","Bash+1","Demon Form+1","Shrug It Off","Sword Boomerang","Disarm+1","Offering+1","Reaper","Flame Barrier+1","Battle Trance","Corruption","Shrug It Off","Armaments","Burning Pact","Burning Pact","Disarm+1","Double Tap","Reaper","Warcry+1","Double Tap+1","True Grit+1","Shrug It Off","Feel No Pain+1","Flame Barrier","Corruption","Dual Wield+1","Heavy Blade+1"],"relics":["Burning Blood","Omamori","Blue Candle","Bag of Marbles","Snecko Eye","Gremlin Horn","Pear","Bag of Preparation","Astrolabe","Oddly Smooth Stone","Darkstone Periapt","Unceasing Top","Red Mask","Pantograph"],"potions_floor_usage":[10,14,19,24,31,33,36,56],"damage_taken":[{"damage":4,"enemies":"2 Louse","floor":1,"turns":4},{"damage":44,"enemies":"3 Sentries","floor":10,"turns":8},{"damage":3,"enemies":"Jaw Worm","floor":12,"turns":4},{"damage":31,"enemies":"Gremlin Nob","floor":14,"turns":4},{"damage":20,"enemies":"Hexaghost","floor":16,"turns":8},{"damage":15,"enemies":"Chosen","floor":18,"turns":5},{"damage":24,"enemies":"Spheric Guardian","floor":19,"turns":5},{"damage":36,"enemies":"Cultist and Chosen","floor":21,"turns":7},{"damage":10,"enemies":"Gremlin Leader","floor":24,"turns":6},{"damage":16,"enemies":"Snecko","floor":25,"turns":5},{"damage":36,"enemies":"Slavers","floor":27,"turns":4},{"damage":24,"enemies":"3 Cultists","floor":29,"turns":4},{"damage":9,"enemies":"Centurion and Healer","floor":30,"turns":4},{"damage":14,"enemies":"Sentry and Sphere","floor":31,"turns":5},{"damage":45,"enemies":"Automaton","floor":33,"turns":7},{"damage":12,"enemies":"3 Darklings","floor":35,"turns":3},{"damage":45,"enemies":"3 Shapes","floor":36,"turns":6},{"damage":30,"enemies":"Transient","floor":38,"turns":6},{"damage":72,"enemies":"Nemesis","floor":41,"turns":11},{"damage":18,"enemies":"Jaw Worm Horde","floor":42,"turns":4},{"damage":67,"enemies":"Reptomancer","floor":44,"turns":6},{"damage":8,"enemies":"Writhing Mass","floor":47,"turns":6},{"damage":29,"enemies":"Time Eater","floor":50,"turns":9},{"damage":51,"enemies":"Donu and Deca","floor":51,"turns":8},{"damage":61,"enemies":"Shield and Spear","floor":55,"turns":7},{"damage":107,"enemies":"The Heart","floor":56,"turns":9}],"seed_played":"4224788625608386957","potions_obtained":[{"floor":10,"key":"Fire Potion"},{"floor":14,"key":"SneckoOil"},{"floor":16,"key":"GamblersBrew"},{"floor":18,"key":"Weak Potion"},{"floor":21,"key":"EssenceOfSteel"},{"floor":29,"key":"Energy Potion"},{"floor":31,"key":"AttackPotion"},{"floor":39,"key":"SteroidPotion"},{"floor":39,"key":"FairyPotion"},{"floor":41,"key":"LiquidBronze"}],"is_trial":false,"path_per_floor":["M","$","?","?","$","R","?","R","T","E","R","M","R","E","R","B",null,"M","M","?","M","$","R","E","M","T","E","R","M","M","M","R","B",null,"M","M","$","M","?","R","E","M","T","E","$","R","M","?","R","B","B",null,"R","$","E","B",null],"character_chosen":"IRONCLAD","items_purchased":["Sword Boomerang","Energy Potion","Shrug It Off","Armaments","Feel No Pain","Oddly Smooth Stone","Heavy Blade"],"campfire_rested":2,"item_purchase_floors":[2,2,22,22,37,37,45],"current_hp_per_floor":[52,52,57,57,57,57,33,57,57,19,43,46,46,21,21,7,62,72,64,64,55,55,55,80,80,90,84,84,87,90,89,89,83,88,90,90,90,89,89,89,67,90,90,89,89,89,87,87,87,90,90,90,90,90,90,64],"gold":29,"neow_bonus":"THREE_RARE_CARDS","is_prod":false,"is_daily":false,"chose_seed":false,"campfire_upgraded":9,"win_rate":0,"timestamp":1554887789,"path_taken":["M","$","?","?","?","R","?","R","T","E","R","?","R","E","R","BOSS","M","M","?","?","$","R","E","M","T","E","R","M","M","M","R","BOSS","M","M","$","?","?","R","E","M","T","E","$","R","?","?","R","BOSS","BOSS","R","$","E","BOSS"],"build_version":"2019-01-23","purchased_purges":1,"victory":true,"max_hp_per_floor":[75,75,80,80,80,80,80,80,80,80,80,80,80,80,80,80,80,80,80,80,80,80,80,80,80,90,90,90,90,90,90,90,90,90,90,90,90,90,90,90,90,90,90,90,90,90,90,90,90,90,90,90,90,90,90,90],"card_choices":[{"not_picked":["Dark Embrace","Brutality"],"picked":"Demon Form","floor":0},{"not_picked":["Headbutt","Combust"],"picked":"Shrug It Off","floor":1},{"not_picked":["Havoc","Warcry"],"picked":"Disarm","floor":10},{"not_picked":["Flex","Cleave"],"picked":"Warcry","floor":12},{"not_picked":["Power Through","Thunderclap"],"picked":"Offering","floor":14},{"not_picked":["Dark Embrace","Brutality"],"picked":"Reaper","floor":16},{"not_picked":["Infernal Blade","Pommel Strike","Seeing Red"],"picked":"SKIP","floor":18},{"not_picked":["Perfected Strike+1","Thunderclap"],"picked":"Flame Barrier","floor":19},{"not_picked":["Thunderclap","Clash"],"picked":"Corruption","floor":21},{"not_picked":["Fiend Fire","Wild Strike"],"picked":"Burning Pact","floor":24},{"not_picked":["Flex","True Grit","Thunderclap"],"picked":"SKIP","floor":25},{"not_picked":["Perfected Strike","Metallicize"],"picked":"Burning Pact","floor":27},{"not_picked":["Havoc","Sword Boomerang","Evolve"],"picked":"SKIP","floor":29},{"not_picked":["Perfected Strike","Iron Wave"],"picked":"Disarm","floor":30},{"not_picked":["Blood for Blood","Reckless Charge"],"picked":"Double Tap","floor":31},{"not_picked":["Brutality","Offering"],"picked":"Reaper","floor":33},{"not_picked":["Bloodletting","Body Slam","Thunderclap"],"picked":"SKIP","floor":35},{"not_picked":["Combust","Inflame"],"picked":"Shrug It Off","floor":36},{"not_picked":["Clash","Intimidate"],"picked":"Flame Barrier","floor":38},{"not_picked":["Headbutt","Offering"],"picked":"Corruption","floor":41},{"not_picked":["Pommel Strike","Perfected Strike","Anger"],"picked":"SKIP","floor":42},{"not_picked":["Fire Breathing","Combust"],"picked":"Dual Wield","floor":44},{"not_picked":["Fire Breathing+1","Armaments","Pommel Strike+1"],"picked":"SKIP","floor":47},{"not_picked":["Fiend Fire","Dropkick","Warcry"],"picked":"SKIP","floor":55}],"player_experience":884456,"relics_obtained":[{"floor":9,"key":"Omamori"},{"floor":10,"key":"Blue Candle"},{"floor":14,"key":"Bag of Marbles"},{"floor":24,"key":"Gremlin Horn"},{"floor":26,"key":"Pear"},{"floor":27,"key":"Bag of Preparation"},{"floor":41,"key":"Darkstone Periapt"},{"floor":44,"key":"Unceasing Top"},{"floor":55,"key":"Pantograph"}],"event_choices":[{"damage_healed":0,"gold_gain":0,"player_choice":"Donut","damage_taken":0,"max_hp_gain":5,"max_hp_loss":0,"event_name":"Big Fish","floor":3,"gold_loss":0},{"damage_healed":0,"gold_gain":0,"player_choice":"Left Gold","damage_taken":0,"max_hp_gain":0,"max_hp_loss":0,"event_name":"World of Goop","floor":4,"gold_loss":4},{"damage_healed":0,"gold_gain":0,"player_choice":"Entered Light","damage_taken":24,"max_hp_gain":0,"max_hp_loss":0,"event_name":"Shining Light","floor":7,"gold_loss":0,"cards_upgraded":["Strike_R","Defend_R"]},{"damage_healed":0,"gold_gain":0,"cards_transformed":["Strike_R","Strike_R"],"player_choice":"Transformed Cards","damage_taken":0,"max_hp_gain":0,"max_hp_loss":0,"event_name":"Designer","floor":20,"gold_loss":75,"cards_obtained":["Combust","Battle Trance"]},{"damage_healed":0,"gold_gain":0,"player_choice":"Got Potions","damage_taken":0,"max_hp_gain":0,"max_hp_loss":0,"event_name":"Lab","floor":39,"gold_loss":0},{"damage_healed":0,"gold_gain":0,"player_choice":"Paid","damage_taken":0,"relics_obtained":["Red Mask"],"max_hp_gain":0,"max_hp_loss":0,"event_name":"Tomb of Lord Red Mask","floor":48,"gold_loss":45}],"is_beta":false,"boss_relics":[{"not_picked":["Tiny House","Mark of Pain"],"picked":"Snecko Eye"},{"not_picked":["Eternal Feather","Black Star"],"picked":"Astrolabe"}],"items_purged_floors":[45],"is_endless":false,"potions_floor_spawned":[10,14,16,18,21,29,30,31,41,44,55],"ascension_level":20}