{"gold_per_floor":[118,132,20,33,33,33,33,50,50,50,68,19,19,45,45,122,122,132,166,66,66,85,85,117,117,169,180,194,194,194,213,213,286,286,301,311,7,21,21,21,32,48,129,141,141,159,159,169,169,169],"floor_reached":51,"playtime":1670,"items_purged":["Strike_R","Strike_R"],"score":1075,"play_id":"dc2c9c18-70eb-4cab-a5b5-0e3a1f4c5127","local_time":"20190206140637","is_ascension_mode":true,"campfire_choices":[{"data":"Bludgeon","floor":6.0,"key":"SMITH"},{"data":"Shockwave","floor":10.0,"key":"SMITH"},{"data":"Bash","floor":13.0,"key":"SMITH"},{"data":"Iron Wave","floor":15.0,"key":"SMITH"},{"floor":23.0,"key":"REST"},{"data":"Immolate","floor":29.0,"key":"SMITH"},{"data":"Offering","floor":32,"key":"SMITH"},{"data":"Seeing Red","floor":40,"key":"SMITH"},{"floor":47,"key":"REST"},{"data":"Double Tap","floor":49,"key":"SMITH"}],"neow_cost":"NONE","seed_source_timestamp":1224280778123634,"circlet_count":0,"master_deck":["AscendersBane","Bash+1","Double Tap","Iron Wave+1","Bludgeon+1","Shockwave+1","Immolate+1","Necronomicurse","Power Through","Offering+1","Infernal Blade","Sword Boomerang","Perfected Strike","Rage","Disarm","Double Tap+1","Bludgeon+1","Carnage","Seeing Red+1","Ghostly Armor","Flame Barrier"],"special_seed":0,"relics":["Burning Blood","Centennial Puzzle","Bottled Lightning","Eternal Feather","Red Mask","Necronomicon","Lantern","Anchor","Pandora\u0027s Box","Dead Branch","Frozen Egg 2"],"potions_floor_usage":[33,50,50],"damage_taken":[{"damage":1.0,"enemies":"Cultist","floor":1.0,"turns":3.0},{"damage":1.0,"enemies":"2 Louse","floor":2.0,"turns":3.0},{"damage":4.0,"enemies":"Jaw Worm","floor":4.0,"turns":3.0},{"damage":7.0,"enemies":"2 Fungi Beasts","floor":8.0,"turns":4.0},{"damage":8.0,"enemies":"Exordium Wildlife","floor":11.0,"turns":4.0},{"damage":25.0,"enemies":"3 Sentries","floor":14.0,"turns":8.0},{"damage":31.0,"enemies":"Slime Boss","floor":16.0,"turns":12.0},{"damage":3.0,"enemies":"Chosen","floor":18.0,"turns":3.0},{"damage":33.0,"enemies":"Masked Bandits","floor":19.0,"turns":4.0},{"damage":17.0,"enemies":"2 Thieves","floor":22.0,"turns":3.0},{"damage":26.0,"enemies":"Slavers","floor":24.0,"turns":4.0},{"damage":6.0,"enemies":"3 Cultists","floor":27.0,"turns":3.0},{"damage":0.0,"enemies":"Centurion and Healer","floor":28.0,"turns":2.0},{"damage":0,"enemies":"Snecko","floor":31,"turns":2},{"damage":44,"enemies":"Automaton","floor":33,"turns":6},{"damage":9,"enemies":"3 Darklings","floor":35,"turns":3},{"damage":0,"enemies":"3 Shapes","floor":36,"turns":4},{"damage":0,"enemies":"3 Darklings","floor":38,"turns":1},{"damage":24,"enemies":"Maw","floor":41,"turns":3},{"damage":39,"enemies":"Transient","floor":42,"turns":5},{"damage":20,"enemies":"Writhing Mass","floor":44,"turns":3},{"damage":0,"enemies":"3 Darklings","floor":46,"turns":1},{"damage":0,"enemies":"Jaw Worm Horde","floor":48,"turns":2},{"damage":36,"enemies":"Donu and Deca","floor":50,"turns":4}],"seed_played":"-6719785426051067368","potions_obtained":[{"floor":2.0,"key":"Regen Potion"},{"floor":18.0,"key":"Swift Potion"},{"floor":22.0,"key":"Ancient Potion"},{"floor":31,"key":"AttackPotion"},{"floor":36,"key":"Strength Potion"},{"floor":42,"key":"Energy Potion"}],"is_trial":false,"path_per_floor":["M","M","$","M","?","R","?","M","T","R","M","$","R","E","R","B",null,"M","?","$","?","M","R","E","$","T","M","M","R","?","M","R","B",null,"M","M","$","M","?","R","M","M","T","M","?","M","R","M","R","B",null],"character_chosen":"IRONCLAD","items_purchased":["Shockwave","Explosive Potion","Dead Branch"],"campfire_rested":2,"item_purchase_floors":[3,12,37],"current_hp_per_floor":[77,80,80,80,80,80,80,79,79,79,77,77,77,58,58,33,68,71,56,56,40,29,62,42,42,42,42,48,57,57,63,72,34,69,66,72,72,78,78,80,62,29,29,15,15,21,55,61,73,43],"gold":169,"neow_bonus":"ONE_RANDOM_RARE_CARD","is_prod":false,"is_daily":false,"chose_seed":false,"campfire_upgraded":8,"win_rate":0,"timestamp":1549429597,"path_taken":["M","M","?","M","?","R","?","M","T","R","M","$","R","E","R","BOSS","M","?","$","?","?","R","E","$","T","M","M","R","?","M","R","BOSS","M","M","$","?","?","R","M","?","T","M","?","M","R","M","R","BOSS"],"build_version":"2019-01-23","purchased_purges":2,"victory":true,"max_hp_per_floor":[80,80,80,80,80,80,80,80,80,80,80,80,80,80,80,80,80,80,80,80,80,80,80,80,80,80,80,80,80,80,80,80,80,80,80,80,80,80,80,80,80,80,80,80,76,76,76,76,76,76],"card_choices":[{"not_picked":["Body Slam","Dropkick"],"picked":"Iron Wave","floor":1.0},{"not_picked":["Wild Strike","Clothesline"],"picked":"Bludgeon","floor":2.0},{"not_picked":["Entrench","Sentinel","Anger"],"picked":"SKIP","floor":4.0},{"not_picked":["Armaments","Warcry","Perfected Strike"],"picked":"SKIP","floor":8.0},{"not_picked":["Headbutt","Disarm","Wild Strike"],"picked":"SKIP","floor":11.0},{"not_picked":["Heavy Blade","Perfected Strike","Shrug It Off"],"picked":"SKIP","floor":14.0},{"not_picked":["Exhume","Demon Form"],"picked":"Immolate","floor":16.0},{"not_picked":["Wild Strike","Infernal Blade","Clothesline"],"picked":"SKIP","floor":18.0},{"not_picked":["Metallicize","Searing Blow","Clash"],"picked":"SKIP","floor":22.0},{"not_picked":["Sword Boomerang","Pommel Strike+1","Cleave"],"picked":"SKIP","floor":24.0},{"not_picked":["Armaments","Inflame"],"picked":"Power Through","floor":27.0},{"not_picked":["Burning Pact","Warcry","Hemokinesis"],"picked":"SKIP","floor":28.0},{"not_picked":["Sword Boomerang","True Grit"],"picked":"Infernal Blade","floor":31},{"not_picked":["True Grit+1","Rage"],"picked":"Seeing Red","floor":35},{"not_picked":["Battle Trance","Burning Pact"],"picked":"Ghostly Armor","floor":36},{"not_picked":["Twin Strike","Power Through","Cleave+1"],"picked":"SKIP","floor":38},{"not_picked":["Warcry","Fire Breathing+1"],"picked":"Flame Barrier","floor":41},{"not_picked":["Anger+1","Clash","Intimidate"],"picked":"SKIP","floor":42},{"not_picked":["Shrug It Off","Infernal Blade","Iron Wave+1"],"picked":"SKIP","floor":44},{"not_picked":["Rampage+1","Sword Boomerang+1","True Grit"],"picked":"SKIP","floor":46},{"not_picked":["Flex","Sword Boomerang","Shrug It Off+1"],"picked":"SKIP","floor":48}],"player_experience":473619,"relics_obtained":[{"floor":9.0,"key":"Centennial Puzzle"},{"floor":14.0,"key":"Bottled Lightning"},{"floor":19.0,"key":"Red Mask"},{"floor":21.0,"key":"Necronomicon"},{"floor":24.0,"key":"Lantern"},{"floor":26.0,"key":"Anchor"},{"floor":43,"key":"Frozen Egg 2"}],"event_choices":[{"damage_healed":0.0,"max_hp_gain":0.0,"max_hp_loss":0.0,"gold_gain":0.0,"event_name":"The Cleric","player_choice":"Leave","floor":5.0,"gold_loss":0.0,"damage_taken":0.0},{"damage_healed":0.0,"max_hp_gain":0.0,"max_hp_loss":0.0,"gold_gain":0.0,"event_name":"Liars Game","player_choice":"Ignored","floor":7.0,"gold_loss":0.0,"damage_taken":0.0},{"damage_healed":0.0,"max_hp_gain":0.0,"max_hp_loss":0.0,"gold_gain":0.0,"event_name":"Masked Bandits","player_choice":"Fought Bandits","floor":19.0,"gold_loss":0.0,"damage_taken":0.0},{"damage_healed":0.0,"max_hp_gain":0.0,"max_hp_loss":0.0,"gold_gain":0.0,"event_name":"Cursed Tome","player_choice":"Obtained Book","floor":21.0,"gold_loss":0.0,"damage_taken":16.0},{"damage_healed":0,"gold_gain":0,"player_choice":"1 cards matched","damage_taken":0,"max_hp_gain":0,"max_hp_loss":0,"event_name":"Match and Keep!","floor":30,"gold_loss":0,"cards_obtained":["Offering"]},{"damage_healed":0,"gold_gain":0,"player_choice":"Upgraded","damage_taken":0,"max_hp_gain":0,"max_hp_loss":0,"event_name":"Upgrade Shrine","floor":39,"gold_loss":0,"cards_upgraded":["Bludgeon"]},{"damage_healed":0,"gold_gain":0,"player_choice":"Max HP","damage_taken":0,"max_hp_gain":0,"max_hp_loss":4,"event_name":"Winding Halls","floor":45,"gold_loss":0}],"is_beta":false,"boss_relics":[{"not_picked":["Runic Pyramid","Lizard Tail"],"picked":"Eternal Feather"},{"not_picked":["Black Star","Calling Bell"],"picked":"Pandora\u0027s Box"}],"items_purged_floors":[3,20],"is_endless":false,"potions_floor_spawned":[2,14,18,22,24,31,36,42,44,46],"ascension_level":13}