{"gold_per_floor":[110,121,296,296,313,342,312,329,329,329,341,7,7,7,7,7],"floor_reached":16,"playtime":592,"items_purged":["Doubt"],"score":100,"play_id":"e721fbbb-2506-479e-b7fc-1127ee643fd3","local_time":"20190420001708","is_ascension_mode":false,"campfire_choices":[{"data":"Zap","floor":10,"key":"SMITH"},{"floor":15,"key":"REST"}],"neow_cost":"NONE","seed_source_timestamp":53716993614373,"circlet_count":0,"master_deck":["Strike_B","Strike_B","Strike_B","Defend_B","Defend_B","Defend_B","Defend_B","Zap+1","Dualcast","Coolheaded","Fusion","Redo","Melter","BootSequence","Echo Form","Regret","Compile Driver"],"relics":["Cracked Core","NeowsBlessing","Lantern","Meat on the Bone","Frozen Egg 2","Cables"],"potions_floor_usage":[16],"damage_taken":[{"damage":0,"enemies":"Cultist","floor":1,"turns":1},{"damage":0,"enemies":"Small Slimes","floor":2,"turns":1},{"damage":0,"enemies":"Jaw Worm","floor":5,"turns":1},{"damage":55,"enemies":"3 Sentries","floor":6,"turns":11},{"damage":5,"enemies":"Looter","floor":7,"turns":4},{"damage":17,"enemies":"Exordium Thugs","floor":8,"turns":4},{"damage":13,"enemies":"Large Slime","floor":11,"turns":6},{"damage":41,"enemies":"Hexaghost","floor":16,"turns":9}],"seed_played":"443789026924386414","potions_obtained":[{"floor":6,"key":"Swift Potion"}],"is_trial":false,"path_per_floor":["M","M","?","?","M","E","M","M","T","R","M","$","?","?","R","B"],"character_chosen":"DEFECT","items_purchased":["Frozen Egg 2"],"campfire_rested":1,"item_purchase_floors":[12],"current_hp_per_floor":[75,75,75,72,72,17,24,19,19,19,18,18,18,18,40,0],"gold":7,"neow_bonus":"THREE_ENEMY_KILL","is_prod":false,"is_daily":false,"chose_seed":false,"campfire_upgraded":1,"win_rate":0,"timestamp":1555690628,"path_taken":["M","?","?","?","M","E","M","M","T","R","M","$","?","?","R","BOSS"],"build_version":"2019-01-23","purchased_purges":1,"victory":false,"max_hp_per_floor":[75,75,75,75,75,75,75,75,75,75,75,75,75,75,75,75],"card_choices":[{"not_picked":["Gash","Barrage"],"picked":"Coolheaded","floor":1},{"not_picked":["Aggregate","Sweeping Beam"],"picked":"Fusion","floor":2},{"not_picked":["Heatsinks","Turbo","Darkness"],"picked":"SKIP","floor":5},{"not_picked":["Darkness","Conserve Battery"],"picked":"Redo","floor":6},{"not_picked":["Go for the Eyes","Static Discharge"],"picked":"Melter","floor":7},{"not_picked":["Steam","Compile Driver"],"picked":"BootSequence","floor":8},{"not_picked":["Conserve Battery","Recycle"],"picked":"Echo Form","floor":11}],"player_experience":458017,"relics_obtained":[{"floor":6,"key":"Meat on the Bone"}],"event_choices":[{"damage_healed":0,"gold_gain":175,"player_choice":"AGREE","damage_taken":0,"max_hp_gain":0,"max_hp_loss":0,"event_name":"Liars Game","floor":3,"gold_loss":0,"cards_obtained":["Doubt"]},{"damage_healed":0,"gold_gain":0,"player_choice":"Success","damage_taken":3,"relics_obtained":["Lantern"],"max_hp_gain":0,"max_hp_loss":0,"event_name":"Scrap Ooze","floor":4,"gold_loss":0},{"damage_healed":0,"gold_gain":0,"player_choice":"Box","damage_taken":0,"relics_obtained":["Cables"],"max_hp_gain":0,"max_hp_loss":0,"event_name":"Big Fish","floor":13,"gold_loss":0,"cards_obtained":["Regret"]},{"damage_healed":0,"gold_gain":0,"cards_transformed":["Strike_B"],"player_choice":"Transformed","damage_taken":0,"max_hp_gain":0,"max_hp_loss":0,"event_name":"Transmorgrifier","floor":14,"gold_loss":0,"cards_obtained":["Compile Driver"]}],"is_beta":false,"boss_relics":[],"items_purged_floors":[12],"is_endless":false,"potions_floor_spawned":[6],"killed_by":"Hexaghost","ascension_level":0}