{"gold_per_floor":[119,135,210,222,21,21,35,35,35,35,35,0,0,15,15,119,119,130,150,150,0,11,11,110,110,110,110,130,141,141,141],"floor_reached":31,"playtime":1273,"items_purged":["Strike_B","Defend_B"],"score":281,"play_id":"154a50a1-4784-4ff7-bbb8-9347e1a9b638","local_time":"20181103231631","is_ascension_mode":true,"campfire_choices":[{"data":"Blizzard","floor":6,"key":"SMITH"},{"data":"Glacier","floor":8,"key":"SMITH"},{"data":"Zap","floor":11,"key":"SMITH"},{"data":"Go for the Eyes","floor":13,"key":"SMITH"},{"data":"Redo","floor":15,"key":"SMITH"},{"floor":23,"key":"REST"}],"neow_cost":"NONE","seed_source_timestamp":5500710867796,"circlet_count":0,"master_deck":["Strike_B","Strike_B","Defend_B","Defend_B","Defend_B","Zap+1","Dualcast","Fission","Go for the Eyes+1","Blizzard+1","Glacier+1","Steam","Redo+1","Conserve Battery","Conserve Battery","Cold Snap","Storm+1","Defragment+1","Ball Lightning+1","Dark Shackles"],"relics":["Cracked Core","Letter Opener","Inserter","Happy Flower"],"potions_floor_usage":[7,19,22,28,29],"damage_taken":[{"damage":1,"enemies":"2 Louse","floor":1,"turns":2},{"damage":7,"enemies":"Small Slimes","floor":2,"turns":4},{"damage":0,"enemies":"Cultist","floor":4,"turns":3},{"damage":2,"enemies":"2 Fungi Beasts","floor":7,"turns":3},{"damage":5,"enemies":"3 Louse","floor":14,"turns":2},{"damage":5,"enemies":"The Guardian","floor":16,"turns":12},{"damage":30,"enemies":"Spheric Guardian","floor":18,"turns":8},{"damage":14,"enemies":"2 Thieves","floor":19,"turns":5},{"damage":5,"enemies":"Snake Plant","floor":22,"turns":6},{"damage":27,"enemies":"Cultist and Chosen","floor":28,"turns":7},{"damage":17,"enemies":"Centurion and Healer","floor":29,"turns":10},{"damage":17,"enemies":"Snake Plant","floor":31,"turns":1}],"seed_played":"6023586924234996123","potions_obtained":[{"floor":1,"key":"Weak Potion"},{"floor":2,"key":"SpeedPotion"},{"floor":14,"key":"Dexterity Potion"},{"floor":16,"key":"SkillPotion"},{"floor":19,"key":"Regen Potion"},{"floor":20,"key":"PowerPotion"}],"is_trial":false,"path_per_floor":["M","M","?","M","$","R","M","R","T","?","R","?","R","M","R","B",null,"M","M","?","$","M","R","?","?","T","?","M","M","?","M"],"character_chosen":"DEFECT","items_purchased":["Glacier","Steam","Cold Snap"],"campfire_rested":1,"item_purchase_floors":[5,5,21],"current_hp_per_floor":[74,67,56,56,56,56,54,54,54,47,47,65,65,60,60,55,70,40,26,26,26,21,43,43,43,43,43,28,11,11,0],"gold":141,"neow_bonus":"ONE_RANDOM_RARE_CARD","is_prod":false,"is_daily":false,"chose_seed":false,"campfire_upgraded":5,"win_rate":0,"timestamp":1541283391,"path_taken":["M","M","?","M","$","R","M","R","T","?","R","?","R","M","R","BOSS","M","M","?","$","?","R","?","?","T","?","M","?","?","M"],"build_version":"2018-11-01","purchased_purges":2,"victory":false,"max_hp_per_floor":[75,75,75,75,75,75,75,75,75,75,75,75,75,75,75,75,75,75,75,75,75,75,75,75,75,75,75,75,75,75,75],"card_choices":[{"not_picked":["BootSequence","Redo"],"picked":"Go for the Eyes","floor":1},{"not_picked":["Beam Cell","Turbo"],"picked":"Blizzard","floor":2},{"not_picked":["Beam Cell","Force Field","Melter"],"picked":"SKIP","floor":4},{"not_picked":["Sweeping Beam","Chaos","Barrage"],"picked":"SKIP","floor":7},{"not_picked":["Beam Cell","Gash"],"picked":"Redo","floor":14},{"not_picked":["Heatsinks","Turbo"],"picked":"Conserve Battery","floor":18},{"not_picked":["Consume","Aggregate"],"picked":"Conserve Battery","floor":19},{"not_picked":["BootSequence","Fusion"],"picked":"Storm+1","floor":22},{"not_picked":["Compile Driver","Streamline","Rebound"],"picked":"SKIP","floor":28},{"not_picked":["Tempest","Conserve Battery+1"],"picked":"Ball Lightning+1","floor":29}],"player_experience":281664,"relics_obtained":[{"floor":9,"key":"Letter Opener"},{"floor":26,"key":"Happy Flower"}],"event_choices":[{"damage_healed":0,"gold_gain":75,"player_choice":"Gather Gold","damage_taken":11,"max_hp_gain":0,"max_hp_loss":0,"event_name":"World of Goop","floor":3,"gold_loss":0},{"cards_removed":["Strike_B"],"damage_healed":0,"gold_gain":0,"player_choice":"Card Removal","damage_taken":7,"max_hp_gain":0,"max_hp_loss":0,"event_name":"Golden Wing","floor":10,"gold_loss":0},{"damage_healed":18,"gold_gain":0,"player_choice":"Healed","damage_taken":0,"max_hp_gain":0,"max_hp_loss":0,"event_name":"The Cleric","floor":12,"gold_loss":35},{"damage_healed":0,"gold_gain":0,"player_choice":"Got Potions","damage_taken":0,"max_hp_gain":0,"max_hp_loss":0,"event_name":"Lab","floor":20,"gold_loss":0},{"damage_healed":0,"gold_gain":99,"player_choice":"Stole From Cult","damage_taken":0,"max_hp_gain":0,"max_hp_loss":0,"event_name":"Nest","floor":24,"gold_loss":0},{"damage_healed":0,"gold_gain":0,"player_choice":"Read","damage_taken":0,"max_hp_gain":0,"max_hp_loss":0,"event_name":"The Library","floor":25,"gold_loss":0,"cards_obtained":["Defragment"]},{"damage_healed":0,"gold_gain":0,"player_choice":"Upgraded","damage_taken":0,"max_hp_gain":0,"max_hp_loss":0,"event_name":"Upgrade Shrine","floor":27,"gold_loss":0,"cards_upgraded":["Defragment"]},{"damage_healed":0,"gold_gain":0,"player_choice":"1 cards matched","damage_taken":0,"max_hp_gain":0,"max_hp_loss":0,"event_name":"Match and Keep!","floor":30,"gold_loss":0,"cards_obtained":["Dark Shackles"]}],"is_beta":false,"boss_relics":[{"not_picked":["White Beast Statue","Eternal Feather"],"picked":"Inserter"}],"items_purged_floors":[5,21],"is_endless":false,"potions_floor_spawned":[1,2,14,16,19],"killed_by":"Snake Plant","ascension_level":5}