{"gold_per_floor":[112,122,137,149,169,169,186,186,186,186,216,216,227,227,227,305,305,316,316,53,63,0,0,31,31,31,49,49,49,49,83,83,155,155,168,168,187,187,167,167,180,180,259,279,290,290,303,303,303,303],"floor_reached":51,"playtime":2789,"items_purged":[],"score":1341,"play_id":"cf8e45ab-5224-4462-9fec-bf0f7a91f21d","local_time":"20190306134510","is_ascension_mode":true,"campfire_choices":[{"data":"Dagger Spray","floor":6,"key":"SMITH"},{"data":"Predator","floor":10,"key":"SMITH"},{"data":"Backflip","floor":12,"key":"SMITH"},{"data":"Caltrops","floor":15,"key":"SMITH"},{"floor":23,"key":"REST"},{"floor":30,"key":"REST"},{"data":"Panache","floor":32,"key":"SMITH"},{"floor":40,"key":"REST"},{"data":"Envenom","floor":42,"key":"SMITH"},{"floor":46,"key":"REST"},{"floor":49,"key":"REST"}],"neow_cost":"NONE","seed_source_timestamp":632023582923489,"circlet_count":0,"master_deck":["AscendersBane","Defend_G+1","Defend_G+1","Defend_G+1","Defend_G+1","Defend_G+1","Strike_G+1","Strike_G+1","Survivor","Neutralize","Sucker Punch","Predator+1","Dagger Spray+1","Cloak And Dagger","Crippling Poison","Backflip+1","Caltrops+1","After Image","PiercingWail","Bouncing Flask","Escape Plan","Noxious Fumes","Panache+1","Prepared","Dash","Dodge and Roll","Blur","Prepared","Thinking Ahead","Prepared+1","Backflip+1","Catalyst","Underhanded Strike"],"relics":["Ring of the Snake","NeowsBlessing","Pear","Ninja Scroll","Bottled Flame","Runic Dome","Dodecahedron","Gremlin Horn","Nunchaku","Eternal Feather","Kunai"],"potions_floor_usage":[16,16,24,50,50],"damage_taken":[{"damage":0,"enemies":"Cultist","floor":1,"turns":1},{"damage":0,"enemies":"Jaw Worm","floor":2,"turns":1},{"damage":0,"enemies":"Small Slimes","floor":3,"turns":1},{"damage":1,"enemies":"Blue Slaver","floor":4,"turns":5},{"damage":9,"enemies":"Gremlin Gang","floor":5,"turns":3},{"damage":1,"enemies":"Looter","floor":7,"turns":4},{"damage":36,"enemies":"Lagavulin","floor":11,"turns":7},{"damage":1,"enemies":"Large Slime","floor":13,"turns":5},{"damage":20,"enemies":"Hexaghost","floor":16,"turns":8},{"damage":13,"enemies":"Spheric Guardian","floor":18,"turns":5},{"damage":17,"enemies":"Shell Parasite","floor":21,"turns":5},{"damage":4,"enemies":"Slavers","floor":24,"turns":5},{"damage":4,"enemies":"Centurion and Healer","floor":27,"turns":7},{"damage":0,"enemies":"Book of Stabbing","floor":31,"turns":5},{"damage":8,"enemies":"Automaton","floor":33,"turns":11},{"damage":39,"enemies":"3 Darklings","floor":35,"turns":5},{"damage":3,"enemies":"Orb Walker","floor":37,"turns":4},{"damage":2,"enemies":"Maw","floor":41,"turns":8},{"damage":29,"enemies":"Spire Growth","floor":44,"turns":6},{"damage":7,"enemies":"4 Shapes","floor":45,"turns":8},{"damage":57,"enemies":"Writhing Mass","floor":47,"turns":7},{"damage":38,"enemies":"Awakened One","floor":50,"turns":34}],"seed_played":"9167295138375855860","potions_obtained":[{"floor":4,"key":"LiquidBronze"},{"floor":7,"key":"GamblersBrew"},{"floor":13,"key":"AttackPotion"},{"floor":21,"key":"Strength Potion"},{"floor":24,"key":"Energy Potion"},{"floor":31,"key":"GhostInAJar"},{"floor":35,"key":"Block Potion"},{"floor":39,"key":"Strength Potion"}],"is_trial":false,"path_per_floor":["M","M","M","M","M","R","M","?","T","R","E","R","M","?","R","B",null,"M","?","$","M","?","R","E","?","T","M","?","?","R","E","R","B",null,"M","?","M","?","?","R","M","R","T","M","M","R","M","?","R","B",null],"character_chosen":"THE_SILENT","items_purchased":["Noxious Fumes","Panache"],"campfire_rested":5,"item_purchase_floors":[20,20],"current_hp_per_floor":[59,59,59,58,49,49,48,58,58,58,22,22,21,21,21,1,57,44,44,44,27,27,49,45,45,45,41,41,56,76,76,76,68,74,35,35,32,32,32,71,69,72,72,43,36,72,15,15,54,16],"gold":303,"neow_bonus":"THREE_ENEMY_KILL","is_prod":false,"is_daily":false,"chose_seed":false,"campfire_upgraded":6,"win_rate":0,"timestamp":1551847510,"path_taken":["M","?","M","M","M","R","M","?","T","R","E","R","M","?","R","BOSS","M","?","$","M","?","R","E","?","T","?","?","?","R","E","R","BOSS","M","?","M","?","?","R","?","R","T","M","M","R","?","?","R","BOSS"],"build_version":"2019-01-23","purchased_purges":0,"victory":true,"max_hp_per_floor":[66,66,66,66,66,66,66,76,76,76,76,76,76,76,76,76,76,76,76,76,76,76,76,76,76,76,76,76,76,76,76,76,76,76,76,76,76,72,72,72,72,72,72,72,72,72,72,72,72,72],"card_choices":[{"not_picked":["Prepared","Acrobatics"],"picked":"Sucker Punch","floor":1},{"not_picked":["Poisoned Stab","Deflect"],"picked":"Predator","floor":2},{"not_picked":["Deflect","Poisoned Stab"],"picked":"Dagger Spray","floor":3},{"not_picked":["Concentrate","Masterful Stab","Reflex"],"picked":"SKIP","floor":4},{"not_picked":["Calculated Gamble","Dodge and Roll"],"picked":"Cloak And Dagger","floor":5},{"not_picked":["Acrobatics","Storm of Steel"],"picked":"Crippling Poison","floor":7},{"not_picked":["Tactician","Poisoned Stab"],"picked":"Backflip","floor":11},{"not_picked":["Dagger Throw","Endless Agony"],"picked":"Caltrops","floor":13},{"not_picked":["Adrenaline","Venomology"],"picked":"After Image","floor":16},{"not_picked":["Acrobatics+1","Catalyst+1"],"picked":"PiercingWail","floor":18},{"not_picked":["Deflect","Acrobatics"],"picked":"Prepared","floor":21},{"not_picked":["Blade Dance","Tactician"],"picked":"Dash","floor":24},{"not_picked":["Backflip","Deflect"],"picked":"Dodge and Roll","floor":27},{"not_picked":["Concentrate","Sucker Punch+1"],"picked":"Blur","floor":31},{"not_picked":["Glass Knife","Grand Finale"],"picked":"Envenom","floor":33},{"not_picked":["Dagger Throw","Outmaneuver"],"picked":"Prepared","floor":35},{"not_picked":["Madness","Trip"],"picked":"Thinking Ahead","floor":36},{"not_picked":["Cloak And Dagger","Dodge and Roll+1"],"picked":"Prepared+1","floor":37},{"not_picked":["Concentrate","Envenom"],"picked":"Backflip+1","floor":41},{"not_picked":["Dagger Spray","Heel Hook+1"],"picked":"Catalyst","floor":44},{"not_picked":["Cloak And Dagger","Acrobatics","Skewer"],"picked":"SKIP","floor":45},{"not_picked":["Concentrate+1","Bouncing Flask"],"picked":"Underhanded Strike","floor":47}],"player_experience":631320,"relics_obtained":[{"floor":9,"key":"Ninja Scroll"},{"floor":11,"key":"Bottled Flame"},{"floor":24,"key":"Dodecahedron"},{"floor":26,"key":"Gremlin Horn"},{"floor":31,"key":"Nunchaku"},{"floor":43,"key":"Kunai"}],"event_choices":[{"damage_healed":0,"gold_gain":0,"player_choice":"Searched \u00271\u0027 times","damage_taken":0,"relics_obtained":["Pear"],"max_hp_gain":0,"max_hp_loss":0,"event_name":"Dead Adventurer","floor":8,"gold_loss":0},{"damage_healed":0,"gold_gain":0,"player_choice":"Ignored","damage_taken":0,"max_hp_gain":0,"max_hp_loss":0,"event_name":"Liars Game","floor":14,"gold_loss":0},{"damage_healed":0,"gold_gain":0,"cards_transformed":["Strike_G","Strike_G"],"player_choice":"Became Test Subject","damage_taken":0,"max_hp_gain":0,"max_hp_loss":0,"event_name":"Drug Dealer","floor":19,"gold_loss":0,"cards_obtained":["Bouncing Flask","Escape Plan"]},{"damage_healed":0,"gold_gain":0,"player_choice":"Paid Fearfully","damage_taken":0,"max_hp_gain":0,"max_hp_loss":0,"event_name":"Masked Bandits","floor":22,"gold_loss":63},{"cards_removed":["Strike_G"],"damage_healed":0,"gold_gain":0,"player_choice":"Purged","damage_taken":0,"max_hp_gain":0,"max_hp_loss":0,"event_name":"Purifier","floor":25,"gold_loss":0},{"damage_healed":0,"gold_gain":0,"player_choice":"Simplicity","damage_taken":0,"max_hp_gain":0,"max_hp_loss":0,"event_name":"Back to Basics","floor":28,"gold_loss":0,"cards_upgraded":["Defend_G","Defend_G","Defend_G","Defend_G","Defend_G","Strike_G","Strike_G"]},{"damage_healed":15,"gold_gain":0,"player_choice":"Heal","damage_taken":0,"max_hp_gain":0,"max_hp_loss":0,"event_name":"The Library","floor":29,"gold_loss":0},{"damage_healed":0,"gold_gain":0,"player_choice":"Memory 1","damage_taken":0,"max_hp_gain":0,"max_hp_loss":0,"event_name":"SensoryStone","floor":36,"gold_loss":0},{"damage_healed":0,"gold_gain":0,"player_choice":"Max HP","damage_taken":0,"max_hp_gain":0,"max_hp_loss":4,"event_name":"Winding Halls","floor":38,"gold_loss":0},{"damage_healed":0,"gold_gain":0,"player_choice":"Bought 1 Potion","damage_taken":0,"max_hp_gain":0,"max_hp_loss":0,"event_name":"The Woman in Blue","floor":39,"gold_loss":0},{"cards_removed":["Envenom"],"damage_healed":0,"gold_gain":0,"player_choice":"Removed Power","damage_taken":0,"max_hp_gain":0,"max_hp_loss":0,"event_name":"Falling","floor":48,"gold_loss":0}],"is_beta":false,"boss_relics":[{"not_picked":["Snecko Eye","Black Star"],"picked":"Runic Dome"},{"not_picked":["Sozu","Orrery"],"picked":"Eternal Feather"}],"items_purged_floors":[],"is_endless":false,"potions_floor_spawned":[4,7,13,21,24,31,35,37],"ascension_level":19}