{"gold_per_floor":[111,111,111,9,26,26,26,51,51,51,82,7,17,27,27,124,124,134,150,250,22,38,67,77,77,77,109,109,137,2,102,102,200,200,217,56,72,72,125,125,150,163,188,188,88,98,198,274,274,274,274,274,54,79,79],"floor_reached":56,"playtime":3782,"items_purged":["Strike_B","Strike_B","Decay"],"score":1457,"play_id":"fca9804d-4390-4511-8105-ad4e8c411923","local_time":"20190302163432","is_ascension_mode":true,"campfire_choices":[{"data":"Dualcast","floor":6,"key":"SMITH"},{"data":"Sunder","floor":10,"key":"SMITH"},{"data":"Hologram","floor":15,"key":"SMITH"},{"floor":25,"key":"REST"},{"floor":28,"key":"REST"},{"data":"Defragment","floor":32,"key":"SMITH"},{"floor":40,"key":"RECALL"},{"floor":49,"key":"REST"},{"data":"Defragment","floor":52,"key":"SMITH"}],"neow_cost":"NONE","seed_source_timestamp":1275742697283657,"circlet_count":0,"master_deck":["Strike_B","Strike_B","Defend_B","Defend_B","Defend_B+1","Defend_B","Zap+1","Dualcast+1","Sunder+1","Conserve Battery","Sweeping Beam","BootSequence","Biased Cognition","Sunder","Leap","Hologram+1","All For One","Steam","Cold Snap","Gash","Defragment+1","Rainbow","Core Surge","Coolheaded+1","Go for the Eyes","Electrodynamics","Defragment+1","All For One","Loop","Cold Snap","Metamorphosis","Apotheosis","Discovery","Go for the Eyes+1","Machine Learning","Cold Snap+1","Ball Lightning+1","Seek"],"relics":["Cracked Core","NeowsBlessing","Letter Opener","Matryoshka","Centennial Puzzle","StoneCalendar","Happy Flower","Inserter","Calipers","Bottled Flame","DataDisk","The Courier","War Paint","Kunai","Lantern","Strawberry","Snecko Eye","Bronze Scales","Ginger","Dream Catcher","Dead Branch","Shuriken","Medical Kit","Bird Faced Urn"],"potions_floor_usage":[20,20,27,27,39,41,55,55,55],"damage_taken":[{"damage":0,"enemies":"Small Slimes","floor":1,"turns":1},{"damage":0,"enemies":"Jaw Worm","floor":5,"turns":1},{"damage":0,"enemies":"3 Sentries","floor":8,"turns":1},{"damage":18,"enemies":"Gremlin Nob","floor":11,"turns":3},{"damage":0,"enemies":"Cultist","floor":13,"turns":2},{"damage":0,"enemies":"Exordium Thugs","floor":14,"turns":3},{"damage":33,"enemies":"The Guardian","floor":16,"turns":7},{"damage":11,"enemies":"Spheric Guardian","floor":18,"turns":3},{"damage":2,"enemies":"Chosen","floor":19,"turns":3},{"damage":12,"enemies":"Colosseum Slavers","floor":20,"turns":2},{"damage":16,"enemies":"Colosseum Nobs","floor":20,"turns":5},{"damage":0,"enemies":"3 Cultists","floor":22,"turns":4},{"damage":26,"enemies":"Gremlin Leader","floor":23,"turns":7},{"damage":4,"enemies":"Snake Plant","floor":24,"turns":3},{"damage":5,"enemies":"Book of Stabbing","floor":27,"turns":4},{"damage":2,"enemies":"Gremlin Leader","floor":29,"turns":6},{"damage":51,"enemies":"Automaton","floor":33,"turns":7},{"damage":0,"enemies":"3 Shapes","floor":35,"turns":4},{"damage":1,"enemies":"Orb Walker","floor":37,"turns":2},{"damage":0,"enemies":"2 Orb Walkers","floor":39,"turns":3},{"damage":41,"enemies":"Reptomancer","floor":41,"turns":7},{"damage":0,"enemies":"3 Darklings","floor":42,"turns":3},{"damage":0,"enemies":"Transient","floor":46,"turns":5},{"damage":0,"enemies":"Mind Bloom Boss Battle","floor":47,"turns":3},{"damage":19,"enemies":"Awakened One","floor":50,"turns":6},{"damage":28,"enemies":"Shield and Spear","floor":54,"turns":4},{"damage":46,"enemies":"The Heart","floor":55,"turns":7}],"seed_played":"-7291879459917312385","potions_obtained":[{"floor":1,"key":"AttackPotion"},{"floor":11,"key":"SpeedPotion"},{"floor":20,"key":"FearPotion"},{"floor":22,"key":"Energy Potion"},{"floor":27,"key":"Fire Potion"},{"floor":39,"key":"Weak Potion"},{"floor":46,"key":"GamblersBrew"},{"floor":47,"key":"PowerPotion"}],"is_trial":false,"path_per_floor":["M","?","?","$","M","R","T","E","T","R","E","$","M","M","R","B",null,"M","M","?","$","M","E","M","R","T","E","R","E","$","?","R","B",null,"M","$","M","?","?","R","E","M","T","?","$","M","?","T","R","B",null,"R","$","E","B",null],"character_chosen":"DEFECT","items_purchased":["Conserve Battery","Sweeping Beam","Defragment","DataDisk","Defragment","Bronze Scales","Cold Snap","Medical Kit","FocusPotion"],"campfire_rested":3,"item_purchase_floors":[4,4,21,21,30,36,36,53,53],"current_hp_per_floor":[75,75,80,80,80,80,80,80,80,80,62,62,62,62,62,29,80,69,67,39,39,39,13,9,33,33,28,52,57,57,57,57,6,87,87,87,86,76,76,76,35,35,35,35,35,35,35,35,61,42,87,87,87,59,31],"gold":79,"neow_bonus":"THREE_ENEMY_KILL","is_prod":false,"is_daily":false,"chose_seed":false,"campfire_upgraded":5,"win_rate":0,"timestamp":1551562472,"path_taken":["M","?","?","$","M","R","?","E","T","R","E","$","?","M","R","BOSS","M","M","?","$","M","E","M","R","T","E","R","E","$","?","R","BOSS","M","?","?","?","?","R","E","M","T","?","$","?","?","?","R","BOSS","R","$","E","BOSS"],"build_version":"2019-01-23","purchased_purges":3,"victory":true,"max_hp_per_floor":[75,75,80,80,80,80,80,80,80,80,80,80,80,80,80,80,80,80,80,80,80,80,80,80,80,80,80,80,87,87,87,87,87,87,87,87,87,87,87,87,87,87,87,87,87,87,87,87,87,87,87,87,87,87,87],"card_choices":[{"not_picked":["Storm","Streamline"],"picked":"Sunder","floor":1},{"not_picked":["Sweeping Beam","Steam"],"picked":"BootSequence","floor":5},{"not_picked":["Beam Cell","Undo"],"picked":"Biased Cognition","floor":8},{"not_picked":["Gash","Conserve Battery"],"picked":"Sunder","floor":11},{"not_picked":["Stack","Tempest"],"picked":"Leap","floor":13},{"not_picked":["Sunder","Leap"],"picked":"Hologram","floor":14},{"not_picked":["Amplify","Thunder Strike"],"picked":"All For One","floor":16},{"not_picked":["Sunder","Stack"],"picked":"Steam","floor":18},{"not_picked":["Steam+1","Rebound"],"picked":"Cold Snap","floor":19},{"not_picked":["Reinforced Body+1","Streamline+1"],"picked":"Gash","floor":20},{"not_picked":["Redo","Barrage"],"picked":"Rainbow","floor":22},{"not_picked":["Auto Shields","Redo"],"picked":"Core Surge","floor":23},{"not_picked":["Cold Snap","Gash+1"],"picked":"Coolheaded","floor":24},{"not_picked":["Streamline","Ball Lightning"],"picked":"Go for the Eyes","floor":27},{"not_picked":["Barrage","Stack"],"picked":"Electrodynamics","floor":29},{"not_picked":["Fission","Rainbow"],"picked":"All For One","floor":33},{"not_picked":["Storm+1","Gash"],"picked":"Loop","floor":35},{"not_picked":["Gash","Darkness","Genetic Algorithm"],"picked":"SKIP","floor":37},{"not_picked":["Finesse","Discovery"],"picked":"Metamorphosis","floor":38},{"not_picked":["Forethought","Mind Blast"],"picked":"Apotheosis","floor":38},{"not_picked":["Trip","Violence"],"picked":"Discovery","floor":38},{"not_picked":["Turbo+1","Melter+1"],"picked":"Go for the Eyes+1","floor":39},{"not_picked":["Streamline","Scrape+1"],"picked":"Machine Learning","floor":41},{"not_picked":["Redo+1","Go for the Eyes","FTL+1"],"picked":"SKIP","floor":42},{"not_picked":["Hello World+1","Gash+1"],"picked":"Cold Snap+1","floor":46},{"not_picked":["Stack","BootSequence"],"picked":"Ball Lightning+1","floor":47},{"not_picked":["Hologram","Aggregate"],"picked":"Seek","floor":54}],"player_experience":122731,"relics_obtained":[{"floor":7,"key":"Letter Opener"},{"floor":8,"key":"Matryoshka"},{"floor":9,"key":"Centennial Puzzle"},{"floor":9,"key":"StoneCalendar"},{"floor":11,"key":"Happy Flower"},{"floor":20,"key":"Calipers"},{"floor":20,"key":"Bottled Flame"},{"floor":23,"key":"The Courier"},{"floor":26,"key":"War Paint"},{"floor":26,"key":"Kunai"},{"floor":27,"key":"Lantern"},{"floor":29,"key":"Strawberry"},{"floor":39,"key":"Ginger"},{"floor":41,"key":"Dream Catcher"},{"floor":47,"key":"Dead Branch"},{"floor":48,"key":"Shuriken"},{"floor":54,"key":"Bird Faced Urn"}],"event_choices":[{"damage_healed":0,"gold_gain":0,"player_choice":"Grow","damage_taken":0,"max_hp_gain":0,"max_hp_loss":0,"event_name":"Living Wall","floor":2,"gold_loss":0,"cards_upgraded":["Zap"]},{"damage_healed":0,"gold_gain":0,"player_choice":"Donut","damage_taken":0,"max_hp_gain":5,"max_hp_loss":0,"event_name":"Big Fish","floor":3,"gold_loss":0},{"damage_healed":0,"gold_gain":0,"player_choice":"Fight","damage_taken":0,"max_hp_gain":0,"max_hp_loss":0,"event_name":"Colosseum","floor":20,"gold_loss":0},{"damage_healed":0,"gold_gain":0,"player_choice":"Fought Nobs","damage_taken":0,"max_hp_gain":0,"max_hp_loss":0,"event_name":"Colosseum","floor":20,"gold_loss":0},{"damage_healed":0,"gold_gain":100,"player_choice":"Pray","damage_taken":0,"max_hp_gain":0,"max_hp_loss":0,"event_name":"Golden Shrine","floor":31,"gold_loss":0},{"damage_healed":0,"gold_gain":0,"player_choice":"Memory 3","damage_taken":10,"max_hp_gain":0,"max_hp_loss":0,"event_name":"SensoryStone","floor":38,"gold_loss":0},{"damage_healed":0,"gold_gain":0,"player_choice":"Fight","damage_taken":0,"max_hp_gain":0,"max_hp_loss":0,"event_name":"Mysterious Sphere","floor":39,"gold_loss":0},{"damage_healed":0,"gold_gain":0,"player_choice":"1 cards matched","damage_taken":0,"max_hp_gain":0,"max_hp_loss":0,"event_name":"Match and Keep!","floor":44,"gold_loss":0,"cards_obtained":["Decay"]},{"damage_healed":0,"gold_gain":0,"player_choice":"Fight","damage_taken":0,"max_hp_gain":0,"max_hp_loss":0,"event_name":"MindBloom","floor":47,"gold_loss":0}],"is_beta":false,"boss_relics":[{"not_picked":["Tiny House","Sozu"],"picked":"Inserter"},{"not_picked":["Lizard Tail","Empty Cage"],"picked":"Snecko Eye"}],"items_purged_floors":[12,30,45],"is_endless":false,"potions_floor_spawned":[1,11,20,20,22,27,39,46,47],"ascension_level":4}