{"gold_per_floor":[18,168,5,5,0,33,33,33,33,53,83,103,103,115,115,115],"floor_reached":16,"playtime":441,"items_purged":[],"score":196,"play_id":"85c77702-76b3-4cfd-9212-bd20499cdf7c","local_time":"20190322232253","is_ascension_mode":true,"campfire_choices":[{"floor":8,"key":"REST"},{"data":"Shrug It Off","floor":13,"key":"SMITH"},{"floor":15,"key":"REST"}],"neow_cost":"NO_GOLD","seed_source_timestamp":333747417423756,"circlet_count":0,"master_deck":["AscendersBane","Strike_R","Strike_R+1","Strike_R","Strike_R","Strike_R","Defend_R","Defend_R","Defend_R","Defend_R","Bash+1","Headbutt","Shrug It Off+1","Pommel Strike","Feed","Anger"],"relics":["Burning Blood","Thread and Needle","Oddly Smooth Stone","Singing Bowl","Bottled Lightning","Darkstone Periapt"],"potions_floor_usage":[16],"damage_taken":[{"damage":7,"enemies":"Jaw Worm","floor":1,"turns":5},{"damage":25,"enemies":"Gremlin Nob","floor":6,"turns":4},{"damage":0,"enemies":"2 Louse","floor":10,"turns":3},{"damage":0,"enemies":"Small Slimes","floor":12,"turns":4},{"damage":21,"enemies":"Exordium Wildlife","floor":14,"turns":9},{"damage":78,"enemies":"Slime Boss","floor":16,"turns":8}],"seed_played":"-992371857176128556","potions_obtained":[{"floor":12,"key":"LiquidBronze"}],"is_trial":false,"path_per_floor":["M","?","$","?","?","E","?","R","T","M","?","M","R","M","R","B"],"character_chosen":"IRONCLAD","items_purchased":["Oddly Smooth Stone"],"campfire_rested":2,"item_purchase_floors":[3],"current_hp_per_floor":[67,67,67,60,60,41,18,40,40,46,46,52,52,40,63,0],"gold":115,"neow_bonus":"ONE_RARE_RELIC","is_prod":false,"is_daily":false,"chose_seed":false,"campfire_upgraded":1,"win_rate":0,"timestamp":1553264573,"path_taken":["M","?","$","?","?","E","?","R","T","?","?","M","R","M","R","BOSS"],"build_version":"2019-01-23","purchased_purges":0,"victory":false,"max_hp_per_floor":[75,75,75,75,75,75,75,75,75,75,75,75,75,78,78,78],"card_choices":[{"not_picked":["Thunderclap","Twin Strike"],"picked":"Headbutt","floor":1},{"not_picked":["Havoc","Clash"],"picked":"Shrug It Off","floor":6},{"not_picked":["Flex","Sword Boomerang"],"picked":"Pommel Strike","floor":10},{"not_picked":["True Grit","Perfected Strike"],"picked":"Feed","floor":12},{"not_picked":["Combust","Cleave"],"picked":"Anger","floor":14}],"player_experience":772101,"relics_obtained":[{"floor":6,"key":"Singing Bowl"},{"floor":9,"key":"Bottled Lightning"}],"event_choices":[{"damage_healed":0,"gold_gain":150,"player_choice":"AGREE","damage_taken":0,"max_hp_gain":0,"max_hp_loss":0,"event_name":"Liars Game","floor":2,"gold_loss":0,"cards_obtained":["Doubt"]},{"cards_removed":["Doubt"],"damage_healed":0,"gold_gain":0,"player_choice":"Card Removal","damage_taken":7,"max_hp_gain":0,"max_hp_loss":0,"event_name":"Golden Wing","floor":4,"gold_loss":0},{"damage_healed":0,"gold_gain":0,"player_choice":"Left Gold","damage_taken":0,"max_hp_gain":0,"max_hp_loss":0,"event_name":"World of Goop","floor":5,"gold_loss":5},{"damage_healed":0,"gold_gain":0,"player_choice":"Entered Light","damage_taken":23,"max_hp_gain":0,"max_hp_loss":0,"event_name":"Shining Light","floor":7,"gold_loss":0,"cards_upgraded":["Bash","Strike_R"]},{"damage_healed":0,"gold_gain":30,"player_choice":"Searched \u00272\u0027 times","damage_taken":0,"relics_obtained":["Darkstone Periapt"],"max_hp_gain":0,"max_hp_loss":0,"event_name":"Dead Adventurer","floor":11,"gold_loss":0}],"is_beta":false,"boss_relics":[],"items_purged_floors":[],"is_endless":false,"potions_floor_spawned":[12],"killed_by":"Slime Boss","ascension_level":20}