{"gold_per_floor":[109,119,138,138,151,151,179,196,196,196,36,36,50,50,50,143,143,164,164,179,193,393,437,437,94,94,94,94,118,118,156,156,251,251,269,14,14,14],"floor_reached":38,"playtime":2092,"items_purged":["Strike_G","Strike_G"],"score":924,"play_id":"c73c1995-e2ea-4315-8416-18b716341bea","local_time":"20190409152109","is_ascension_mode":true,"campfire_choices":[{"data":"Noxious Fumes","floor":6,"key":"SMITH"},{"data":"Neutralize","floor":10,"key":"SMITH"},{"floor":12,"key":"REST"},{"data":"Footwork","floor":15,"key":"SMITH"},{"floor":24,"key":"REST"},{"data":"Caltrops","floor":27,"key":"SMITH"},{"data":"Leg Sweep","floor":30,"key":"SMITH"},{"floor":32,"key":"REST"}],"neow_cost":"NONE","seed_source_timestamp":973393874893028,"circlet_count":0,"master_deck":["AscendersBane","Defend_G","Defend_G","Defend_G","Defend_G","Defend_G","Strike_G","Strike_G","Strike_G","Survivor","Neutralize+1","Dodge and Roll","Prepared","Noxious Fumes+1","Poisoned Stab","Leg Sweep+1","Footwork+1","Footwork+1","Escape Plan","Quick Slash","Heel Hook","Caltrops+1","Dark Shackles","Escape Plan","Prepared","Adrenaline","Prepared+1","Catalyst"],"relics":["Ring of the Serpent","NeowsBlessing","Gambling Chip","Art of War","Golden Idol","Eternal Feather","Bag of Preparation","StoneCalendar","Bottled Tornado"],"potions_floor_usage":[5,8,23,23,31,33,33,38,38],"damage_taken":[{"damage":0,"enemies":"Cultist","floor":1,"turns":1},{"damage":0,"enemies":"Jaw Worm","floor":2,"turns":1},{"damage":0,"enemies":"Small Slimes","floor":3,"turns":1},{"damage":13,"enemies":"Exordium Wildlife","floor":5,"turns":6},{"damage":21,"enemies":"Lagavulin","floor":7,"turns":9},{"damage":12,"enemies":"Gremlin Gang","floor":8,"turns":5},{"damage":0,"enemies":"Looter","floor":13,"turns":4},{"damage":7,"enemies":"The Guardian","floor":16,"turns":12},{"damage":0,"enemies":"Shell Parasite","floor":18,"turns":9},{"damage":0,"enemies":"Spheric Guardian","floor":20,"turns":7},{"damage":0,"enemies":"Centurion and Healer","floor":21,"turns":10},{"damage":46,"enemies":"Book of Stabbing","floor":23,"turns":6},{"damage":18,"enemies":"3 Cultists","floor":29,"turns":7},{"damage":21,"enemies":"Gremlin Leader","floor":31,"turns":8},{"damage":0,"enemies":"Champ","floor":33,"turns":18},{"damage":2,"enemies":"3 Darklings","floor":35,"turns":7},{"damage":67,"enemies":"2 Orb Walkers","floor":38,"turns":5}],"seed_played":"8943861139260205374","potions_obtained":[{"floor":3,"key":"Poison Potion"},{"floor":7,"key":"AttackPotion"},{"floor":8,"key":"FearPotion"},{"floor":31,"key":"Strength Potion"},{"floor":33,"key":"SneckoOil"}],"is_trial":false,"path_per_floor":["M","M","M","?","M","R","E","M","T","R","$","R","M","?","R","B",null,"M","?","M","M","?","E","R","$","T","R","$","M","R","E","R","B",null,"M","$","?","?"],"character_chosen":"THE_SILENT","items_purchased":["LiquidBronze","GhostInAJar","Dexterity Potion","Caltrops","Dark Shackles","Escape Plan","Catalyst","SpeedPotion","AttackPotion"],"campfire_rested":3,"item_purchase_floors":[11,25,25,25,25,25,36,36,36],"current_hp_per_floor":[59,59,59,64,51,51,30,18,18,18,18,39,39,39,39,32,56,56,56,56,56,56,10,41,41,41,56,56,38,53,32,64,64,64,62,62,62,0],"gold":14,"neow_bonus":"THREE_ENEMY_KILL","is_prod":false,"is_daily":false,"chose_seed":false,"campfire_upgraded":5,"win_rate":0,"timestamp":1554790869,"path_taken":["M","?","M","?","M","R","E","M","T","R","$","R","M","?","R","BOSS","M","?","M","?","?","E","R","?","T","R","$","M","R","E","R","BOSS","M","$","?","?"],"build_version":"2019-01-23","purchased_purges":2,"victory":false,"max_hp_per_floor":[66,66,66,71,71,71,71,71,71,71,71,71,71,64,64,64,64,64,64,64,64,64,64,64,64,64,64,64,64,64,64,64,64,64,64,64,64,64],"card_choices":[{"not_picked":["Underhanded Strike","Tactician","Outmaneuver"],"picked":"SKIP","floor":1},{"not_picked":["Bouncing Flask","Underhanded Strike"],"picked":"Dodge and Roll","floor":2},{"not_picked":["Dodge and Roll","Acrobatics"],"picked":"Prepared","floor":3},{"not_picked":["Flechettes","Quick Slash"],"picked":"Noxious Fumes","floor":5},{"not_picked":["Setup","Acrobatics"],"picked":"Poisoned Stab","floor":7},{"not_picked":["Eviscerate","Dodge and Roll"],"picked":"Leg Sweep","floor":8},{"not_picked":["Dodge and Roll","Setup"],"picked":"Footwork","floor":13},{"not_picked":["Backstab","Sucker Punch","Prepared"],"picked":"SKIP","floor":18},{"not_picked":["Backflip","Bane+1"],"picked":"Escape Plan","floor":20},{"not_picked":["Acrobatics","Flying Knee"],"picked":"Quick Slash","floor":21},{"not_picked":["Deflect","Poisoned Stab"],"picked":"Heel Hook","floor":23},{"not_picked":["Flying Knee","Slice","Sucker Punch"],"picked":"SKIP","floor":29},{"not_picked":["Acrobatics","Poisoned Stab"],"picked":"Prepared","floor":31},{"not_picked":["Burst","Grand Finale"],"picked":"Adrenaline","floor":33},{"not_picked":["Dagger Throw","Quick Slash+1"],"picked":"Prepared+1","floor":35}],"player_experience":875861,"relics_obtained":[{"floor":7,"key":"Gambling Chip"},{"floor":9,"key":"Art of War"},{"floor":23,"key":"Bag of Preparation"},{"floor":26,"key":"StoneCalendar"},{"floor":31,"key":"Bottled Tornado"}],"event_choices":[{"damage_healed":0,"gold_gain":0,"player_choice":"Donut","damage_taken":0,"max_hp_gain":5,"max_hp_loss":0,"event_name":"Big Fish","floor":4,"gold_loss":0},{"damage_healed":0,"gold_gain":0,"player_choice":"Lose Max HP","damage_taken":0,"relics_obtained":["Golden Idol"],"max_hp_gain":0,"max_hp_loss":7,"event_name":"Golden Idol","floor":14,"gold_loss":0},{"damage_healed":0,"gold_gain":0,"player_choice":"Copied","damage_taken":0,"max_hp_gain":0,"max_hp_loss":0,"event_name":"Duplicator","floor":19,"gold_loss":0,"cards_obtained":["Footwork"]},{"damage_healed":0,"gold_gain":200,"player_choice":"Gold","damage_taken":0,"max_hp_gain":0,"max_hp_loss":0,"event_name":"Wheel of Change","floor":22,"gold_loss":0},{"damage_healed":0,"gold_gain":0,"player_choice":"Memory 1","damage_taken":0,"max_hp_gain":0,"max_hp_loss":0,"event_name":"SensoryStone","floor":37,"gold_loss":0},{"damage_healed":0,"gold_gain":0,"player_choice":"Fight","damage_taken":0,"max_hp_gain":0,"max_hp_loss":0,"event_name":"Mysterious Sphere","floor":38,"gold_loss":0}],"is_beta":false,"boss_relics":[{"not_picked":["Tiny House","White Beast Statue"],"picked":"Eternal Feather"},{"not_picked":["Orrery","Empty Cage"],"picked":"Ring of the Serpent"}],"items_purged_floors":[11,36],"is_endless":false,"potions_floor_spawned":[3,7,8,18,20,31,33],"killed_by":"2 Orb Walkers","ascension_level":20}