{"gold_per_floor":[112,122,122,122,137,169,169,169,469,172,185,90,104,122,122,217,217,233,244,244,256,256,256],"floor_reached":23,"playtime":1204,"items_purged":[],"score":261,"play_id":"1342c1f9-8858-4ad7-961f-9aae65302eae","local_time":"20190317213831","is_ascension_mode":true,"campfire_choices":[{"data":"Zap","floor":8,"key":"SMITH"},{"data":"Static Discharge","floor":15,"key":"SMITH"}],"neow_cost":"NONE","seed_source_timestamp":351917300601467,"circlet_count":0,"master_deck":["Strike_B+1","Strike_B+1","Strike_B+1","Defend_B+1","Defend_B+1","Defend_B+1","Defend_B+1","Zap+1","Dualcast","Blind","Rebound","Static Discharge+1","Chill","Leap","Leap","Conserve Battery","Streamline","Go for the Eyes","Buffer","Loop+1","Writhe","Steam"],"relics":["Cracked Core","Unceasing Top","Singing Bowl","Old Coin","Mercury Hourglass","Velvet Choker","Smiling Mask"],"potions_floor_usage":[],"damage_taken":[{"damage":4,"enemies":"Small Slimes","floor":1,"turns":3},{"damage":2,"enemies":"Jaw Worm","floor":2,"turns":4},{"damage":0,"enemies":"2 Louse","floor":5,"turns":1},{"damage":37,"enemies":"Gremlin Nob","floor":6,"turns":5},{"damage":3,"enemies":"Blue Slaver","floor":11,"turns":3},{"damage":2,"enemies":"Looter","floor":13,"turns":3},{"damage":0,"enemies":"3 Louse","floor":14,"turns":3},{"damage":20,"enemies":"Hexaghost","floor":16,"turns":8},{"damage":18,"enemies":"Chosen","floor":18,"turns":6},{"damage":20,"enemies":"Spheric Guardian","floor":19,"turns":3},{"damage":8,"enemies":"Centurion and Healer","floor":21,"turns":8},{"damage":24,"enemies":"Book of Stabbing","floor":23,"turns":5}],"seed_played":"6336749558105793046","potions_obtained":[{"floor":5,"key":"SteroidPotion"},{"floor":11,"key":"EssenceOfSteel"},{"floor":14,"key":"Dexterity Potion"},{"floor":18,"key":"EssenceOfSteel"}],"is_trial":false,"path_per_floor":["M","M","?","?","M","E","?","R","T","$","M","$","M","M","R","B",null,"M","M","?","M","?","E"],"character_chosen":"DEFECT","items_purchased":["Mercury Hourglass","Leap","Conserve Battery","Streamline"],"campfire_rested":0,"item_purchase_floors":[10,10,12,12],"current_hp_per_floor":[64,62,55,48,48,11,36,36,36,36,35,35,33,35,35,15,63,45,27,27,19,19,0],"gold":256,"neow_bonus":"RANDOM_COLORLESS","is_prod":false,"is_daily":false,"chose_seed":false,"campfire_upgraded":2,"win_rate":0,"timestamp":1552873111,"path_taken":["M","M","?","?","M","E","?","R","T","?","M","$","?","M","R","BOSS","M","M","?","M","?","E"],"build_version":"2019-01-23","purchased_purges":0,"victory":false,"max_hp_per_floor":[75,75,75,75,75,75,75,75,75,75,77,77,77,79,79,79,79,79,81,81,81,81,81],"card_choices":[{"not_picked":["Reprogram","Barrage"],"picked":"Rebound","floor":1},{"not_picked":["Steam","Reinforced Body"],"picked":"Static Discharge","floor":2},{"not_picked":["Stack","Gash"],"picked":"Chill","floor":5},{"not_picked":["Steam","Streamline"],"picked":"Leap","floor":6},{"not_picked":["Coolheaded","Leap","Streamline"],"picked":"Singing Bowl","floor":11},{"not_picked":["FTL","Steam"],"picked":"Go for the Eyes","floor":13},{"not_picked":["Beam Cell","Steam Power","Fusion"],"picked":"Singing Bowl","floor":14},{"not_picked":["Reboot","Fission"],"picked":"Buffer","floor":16},{"not_picked":["Chaos","Gash+1"],"picked":"Loop+1","floor":18},{"not_picked":["Redo+1","Reprogram","Chill"],"picked":"Singing Bowl","floor":19},{"not_picked":["Storm","Barrage"],"picked":"Steam","floor":21}],"player_experience":175619,"relics_obtained":[{"floor":6,"key":"Singing Bowl"},{"floor":9,"key":"Old Coin"}],"event_choices":[{"damage_healed":0,"gold_gain":0,"player_choice":"Success","damage_taken":7,"relics_obtained":["Unceasing Top"],"max_hp_gain":0,"max_hp_loss":0,"event_name":"Scrap Ooze","floor":3,"gold_loss":0},{"cards_removed":["Strike_B"],"damage_healed":0,"gold_gain":0,"player_choice":"Card Removal","damage_taken":7,"max_hp_gain":0,"max_hp_loss":0,"event_name":"Golden Wing","floor":4,"gold_loss":0},{"damage_healed":25,"gold_gain":0,"player_choice":"Banana","damage_taken":0,"max_hp_gain":0,"max_hp_loss":0,"event_name":"Big Fish","floor":7,"gold_loss":0},{"damage_healed":0,"gold_gain":0,"player_choice":"Opened","damage_taken":0,"relics_obtained":["Smiling Mask"],"max_hp_gain":0,"max_hp_loss":0,"event_name":"The Mausoleum","floor":20,"gold_loss":0,"cards_obtained":["Writhe"]},{"damage_healed":0,"gold_gain":0,"player_choice":"Simplicity","damage_taken":0,"max_hp_gain":0,"max_hp_loss":0,"event_name":"Back to Basics","floor":22,"gold_loss":0,"cards_upgraded":["Strike_B","Strike_B","Strike_B","Defend_B","Defend_B","Defend_B","Defend_B"]}],"is_beta":false,"boss_relics":[{"not_picked":["Empty Cage","Runic Dome"],"picked":"Velvet Choker"}],"items_purged_floors":[],"is_endless":false,"potions_floor_spawned":[5,11,14,18,19],"killed_by":"Book of Stabbing","ascension_level":7}