{"gold_per_floor":[117,117,137,157,168,168,193,193,193,193,13,13,32,32,32,133,133,150,249,32,49,68,68,102,122,122,122,6,16,35,35,35,140,140,159,159,1158,113,133,133,143,143,143,173,173],"floor_reached":45,"playtime":2431,"items_purged":["Strike_B","Parasite","Normality"],"score":582,"play_id":"b0cc969f-db42-4d90-b0c5-f0dbc2b6b70d","local_time":"20181014212547","is_ascension_mode":true,"campfire_choices":[{"data":"Capacitor","floor":6,"key":"SMITH"},{"data":"Conserve Battery","floor":8,"key":"SMITH"},{"data":"Doom and Gloom","floor":10,"key":"SMITH"},{"floor":15,"key":"REST"},{"data":"Defragment","floor":23,"key":"SMITH"},{"floor":27,"key":"REST"},{"floor":32,"key":"REST"},{"data":"Static Discharge","floor":40,"key":"SMITH"},{"data":"Storm","floor":42,"key":"SMITH"}],"neow_cost":"NONE","seed_source_timestamp":193348440655550,"circlet_count":0,"master_deck":["Strike_B","Strike_B","Strike_B","Defend_B","Defend_B","Defend_B","Defend_B","Zap","Dualcast","Leap","Conserve Battery+1","Capacitor+1","Doom and Gloom+1","BootSequence","Defragment+1","Chaos+1","Go for the Eyes","Multi-Cast+1","Static Discharge+1","Stack+1","Compile Driver","Stack+1","Chill+1","Storm+1","Steam+1","Barrage","Leap+1","Amplify+1","Normality","Defragment+1","Buffer","Reinforced Body+1","Blizzard","Steam+1","Leap+1"],"relics":["Cracked Core","NeowsBlessing","Pantograph","Bag of Preparation","Toxic Egg 2","Busted Crown","Boot","Singing Bowl","Cursed Key","DollysMirror","Regal Pillow","Prayer Wheel","Omamori"],"potions_floor_usage":[16,16,24,29,33,33,41,44,44],"damage_taken":[{"damage":0,"enemies":"Cultist","floor":1,"turns":1},{"damage":0,"enemies":"2 Louse","floor":3,"turns":1},{"damage":0,"enemies":"Jaw Worm","floor":4,"turns":1},{"damage":5,"enemies":"Red Slaver","floor":5,"turns":4},{"damage":26,"enemies":"3 Sentries","floor":7,"turns":7},{"damage":10,"enemies":"Exordium Wildlife","floor":13,"turns":3},{"damage":43,"enemies":"Slime Boss","floor":16,"turns":12},{"damage":17,"enemies":"2 Thieves","floor":18,"turns":4},{"damage":16,"enemies":"Shell Parasite","floor":21,"turns":5},{"damage":5,"enemies":"Snecko","floor":22,"turns":5},{"damage":21,"enemies":"Book of Stabbing","floor":24,"turns":6},{"damage":6,"enemies":"Chosen and Byrds","floor":25,"turns":5},{"damage":18,"enemies":"Cultist and Chosen","floor":29,"turns":7},{"damage":0,"enemies":"Centurion and Healer","floor":30,"turns":6},{"damage":49,"enemies":"Automaton","floor":33,"turns":12},{"damage":11,"enemies":"3 Shapes","floor":35,"turns":5},{"damage":28,"enemies":"3 Darklings","floor":39,"turns":6},{"damage":8,"enemies":"Sphere and 2 Shapes","floor":41,"turns":5},{"damage":37,"enemies":"Nemesis","floor":44,"turns":6},{"damage":22,"enemies":"Spire Growth","floor":45,"turns":6}],"seed_played":"3499275858567727223","potions_obtained":[{"floor":3,"key":"FearPotion"},{"floor":5,"key":"Weak Potion"},{"floor":13,"key":"Explosive Potion"},{"floor":16,"key":"Ancient Potion"},{"floor":21,"key":"Strength Potion"},{"floor":22,"key":"Fire Potion"},{"floor":25,"key":"SpeedPotion"},{"floor":29,"key":"FearPotion"},{"floor":33,"key":"Swift Potion"},{"floor":39,"key":"Regen Potion"}],"is_trial":false,"path_per_floor":["M","?","M","M","M","R","E","R","T","R","$","?","M","?","R","B",null,"M","?","$","M","M","R","E","M","T","R","$","M","M","?","R","B",null,"M","?","?","$","M","R","M","R","T","E"],"character_chosen":"DEFECT","items_purchased":["Defragment","Chaos+1","Static Discharge","Stack+1","Storm","Steam+1","DollysMirror","Regal Pillow","Prayer Wheel","Buffer","Reinforced Body+1","Blizzard"],"campfire_rested":3,"item_purchase_floors":[11,11,20,20,28,28,38,38,38,38,38,38],"current_hp_per_floor":[75,72,72,72,67,67,41,41,41,41,41,46,36,56,80,37,80,63,63,63,47,42,42,21,15,15,38,38,20,20,20,43,19,77,68,68,68,68,42,42,36,36,36,13,0],"gold":173,"neow_bonus":"THREE_ENEMY_KILL","is_prod":false,"is_daily":false,"chose_seed":false,"campfire_upgraded":6,"win_rate":0,"timestamp":1539545147,"path_taken":["M","?","M","M","?","R","E","R","T","R","$","?","M","?","R","BOSS","M","?","$","?","M","R","E","M","T","R","$","M","?","?","R","BOSS","M","?","?","$","?","R","M","R","T","E","M"],"build_version":"2018-10-11","purchased_purges":3,"victory":false,"max_hp_per_floor":[75,75,75,75,75,75,75,75,75,75,75,80,80,80,80,80,80,80,80,77,77,77,77,77,77,77,77,77,77,77,77,77,77,77,79,75,75,75,77,77,79,79,79,81,81],"card_choices":[{"not_picked":["Ball Lightning","Genetic Algorithm"],"picked":"Leap","floor":1},{"not_picked":["Turbo","Beam Cell"],"picked":"Conserve Battery","floor":3},{"not_picked":["Redo","Conserve Battery"],"picked":"Capacitor","floor":4},{"not_picked":["Echo Form","Hologram"],"picked":"Doom and Gloom","floor":5},{"not_picked":["Fusion","Coolheaded"],"picked":"BootSequence","floor":7},{"not_picked":["FTL","Fusion+1"],"picked":"Go for the Eyes","floor":13},{"not_picked":["Biased Cognition","Seek+1"],"picked":"Multi-Cast+1","floor":16},{"not_picked":["Go for the Eyes"],"picked":"SKIP","floor":18},{"not_picked":[],"picked":"Compile Driver","floor":21},{"not_picked":[],"picked":"Stack+1","floor":22},{"not_picked":["Force Field+1"],"picked":"SKIP","floor":24},{"not_picked":[],"picked":"Chill+1","floor":25},{"not_picked":[],"picked":"Barrage","floor":29},{"not_picked":[],"picked":"Leap+1","floor":30},{"not_picked":[],"picked":"Amplify+1","floor":33},{"not_picked":["Cold Snap"],"picked":"Singing Bowl","floor":35},{"not_picked":["Tempest+1"],"picked":"Singing Bowl","floor":39},{"not_picked":[],"picked":"Steam+1","floor":39},{"not_picked":[],"picked":"Leap+1","floor":41},{"not_picked":["Coolheaded+1"],"picked":"Singing Bowl","floor":41},{"not_picked":["Beam Cell+1"],"picked":"Singing Bowl","floor":44}],"player_experience":190022,"relics_obtained":[{"floor":7,"key":"Bag of Preparation"},{"floor":9,"key":"Toxic Egg 2"},{"floor":24,"key":"Boot"},{"floor":26,"key":"Singing Bowl"},{"floor":44,"key":"Omamori"}],"event_choices":[{"event_name":"Scrap Ooze","player_choice":"success","floor":2,"damage_taken":3},{"event_name":"Big Fish","player_choice":"Donut","floor":12,"damage_taken":0},{"event_name":"Mushrooms","player_choice":"Healed and dodged fight","floor":14,"damage_taken":0},{"event_name":"Nest","player_choice":"Stole From Cult","floor":19,"damage_taken":0},{"event_name":"The Mausoleum","player_choice":"No","floor":31,"damage_taken":0},{"event_name":"Winding Halls","player_choice":"Max HP","floor":36,"damage_taken":0},{"event_name":"MindBloom","player_choice":"Gold","floor":37,"damage_taken":0}],"is_beta":false,"boss_relics":[{"not_picked":["Fusion Hammer","Ectoplasm"],"picked":"Busted Crown"},{"not_picked":["Pandora\u0027s Box","Sozu"],"picked":"Cursed Key"}],"items_purged_floors":[11,20,38],"is_endless":false,"potions_floor_spawned":[3,5,13,16,21,22,25,29,33,39],"killed_by":"Spire Growth","ascension_level":3}