{"gold_per_floor":[118,133,133,144,155,182,182,216,216,216],"floor_reached":10,"playtime":465,"items_purged":[],"score":148,"play_id":"a470451a-ac29-493a-8f3c-ab93bbaf1d1a","local_time":"20190328192222","is_ascension_mode":true,"campfire_choices":[{"floor":7,"key":"REST"}],"neow_cost":"NONE","seed_source_timestamp":91549141828523,"circlet_count":0,"master_deck":["AscendersBane","Strike_B","Strike_B","Strike_B","Strike_B","Defend_B","Defend_B","Defend_B","Defend_B","Zap","Dualcast","Leap","Undo","Rebound","Gash","Ball Lightning","Cold Snap"],"relics":["Cracked Core","Prayer Wheel","Frozen Egg 2","Pear"],"potions_floor_usage":[6,8,10],"damage_taken":[{"damage":14,"enemies":"Jaw Worm","floor":1,"turns":4},{"damage":0,"enemies":"2 Louse","floor":2,"turns":3},{"damage":1,"enemies":"Cultist","floor":4,"turns":4},{"damage":13,"enemies":"Exordium Wildlife","floor":5,"turns":4},{"damage":23,"enemies":"3 Sentries","floor":6,"turns":6},{"damage":36,"enemies":"Gremlin Nob","floor":8,"turns":5},{"damage":27,"enemies":"Lagavulin","floor":10,"turns":4}],"seed_played":"-2663985305617366914","potions_obtained":[{"floor":2,"key":"PowerPotion"},{"floor":4,"key":"Ancient Potion"},{"floor":8,"key":"FocusPotion"}],"is_trial":false,"path_per_floor":["M","M","?","M","M","E","R","E","T","E"],"character_chosen":"DEFECT","items_purchased":[],"campfire_rested":1,"item_purchase_floors":[],"current_hp_per_floor":[57,57,57,56,43,20,43,7,17,0],"gold":216,"neow_bonus":"TEN_PERCENT_HP_BONUS","is_prod":false,"is_daily":false,"chose_seed":false,"campfire_upgraded":0,"win_rate":0,"timestamp":1553818942,"path_taken":["M","M","?","M","M","E","R","E","T","E"],"build_version":"2019-01-23","purchased_purges":0,"victory":false,"max_hp_per_floor":[78,78,78,78,78,78,78,78,88,88],"card_choices":[{"not_picked":["Steam","Hologram"],"picked":"Leap","floor":1},{"not_picked":["Conserve Battery","Beam Cell"],"picked":"Undo","floor":2},{"not_picked":["Recycle","Reprogram"],"picked":"Rebound","floor":4},{"not_picked":["Redo","Turbo"],"picked":"Gash","floor":5},{"not_picked":["Fusion","BootSequence"],"picked":"Ball Lightning","floor":6},{"not_picked":["Recycle","Sunder"],"picked":"Cold Snap","floor":8}],"player_experience":1176185,"relics_obtained":[{"floor":6,"key":"Prayer Wheel"},{"floor":8,"key":"Frozen Egg 2"},{"floor":9,"key":"Pear"}],"event_choices":[{"damage_healed":0,"gold_gain":0,"player_choice":"Ignored","damage_taken":0,"max_hp_gain":0,"max_hp_loss":0,"event_name":"Liars Game","floor":3,"gold_loss":0}],"is_beta":false,"boss_relics":[],"items_purged_floors":[],"is_endless":false,"potions_floor_spawned":[2,4,8],"killed_by":"Lagavulin","ascension_level":18}