{"gold_per_floor":[109,126,301,26,101,101,117,117,143,172,244,2,2,2,2,101,151,163,163,182,198,198,198,12,12,38,66,86,86,96,124,124,229,229,242,242,242,342,49,49,63,13,39,39,39,59,72,22,22,22],"floor_reached":51,"playtime":3090,"items_purged":["Doubt","Power Through","Pain","Strike_R","Strike_R"],"score":843,"play_id":"96219da0-88d6-47da-8bc1-f312e7848458","local_time":"20181014170955","is_ascension_mode":true,"campfire_choices":[{"data":"Whirlwind","floor":6,"key":"SMITH"},{"data":"Spot Weakness","floor":13,"key":"SMITH"},{"floor":15,"key":"REST"},{"data":"Reaper","floor":23,"key":"SMITH"},{"data":"Body Slam","floor":25,"key":"SMITH"},{"floor":29,"key":"REST"},{"floor":32,"key":"REST"},{"data":"1","floor":40,"key":"LIFT"},{"data":"2","floor":45,"key":"LIFT"},{"floor":49,"key":"REST"}],"neow_cost":"PERCENT_DAMAGE","seed_source_timestamp":177322512127571,"circlet_count":0,"master_deck":["Strike_R+1","Strike_R+1","Defend_R","Defend_R","Defend_R+1","Defend_R","Bash","Spot Weakness+1","Power Through","Whirlwind+1","Intimidate","Shrug It Off","Clothesline+1","Cleave","Heavy Blade","Reaper+1","Body Slam+1","Anger+1","Evolve","Shrug It Off+1","Intimidate","Impervious","Shrug It Off+1","Uppercut","Body Slam"],"relics":["Burning Blood","MawBank","StoneCalendar","Blood Vial","Smiling Mask","Tiny House","WarpedTongs","Paper Frog","Whetstone","Omamori","Ancient Tea Set","Velvet Choker","Girya","Centennial Puzzle"],"potions_floor_usage":[11,16,21,27,31,33,50],"damage_taken":[{"damage":1,"enemies":"Cultist","floor":1,"turns":3},{"damage":6,"enemies":"2 Louse","floor":2,"turns":2},{"damage":0,"enemies":"Small Slimes","floor":7,"turns":2},{"damage":0,"enemies":"3 Louse","floor":10,"turns":2},{"damage":38,"enemies":"Lagavulin Event","floor":11,"turns":11},{"damage":36,"enemies":"Hexaghost","floor":16,"turns":10},{"damage":12,"enemies":"Chosen","floor":18,"turns":4},{"damage":11,"enemies":"Spheric Guardian","floor":20,"turns":4},{"damage":31,"enemies":"Snecko","floor":21,"turns":5},{"damage":74,"enemies":"Book of Stabbing","floor":27,"turns":7},{"damage":14,"enemies":"Centurion and Healer","floor":28,"turns":5},{"damage":17,"enemies":"Snake Plant","floor":30,"turns":4},{"damage":51,"enemies":"Gremlin Leader","floor":31,"turns":7},{"damage":64,"enemies":"Champ","floor":33,"turns":12},{"damage":14,"enemies":"Orb Walker","floor":35,"turns":4},{"damage":59,"enemies":"3 Darklings","floor":41,"turns":4},{"damage":39,"enemies":"Reptomancer","floor":46,"turns":7},{"damage":33,"enemies":"Spire Growth","floor":47,"turns":5},{"damage":46,"enemies":"Donu and Deca","floor":50,"turns":8}],"seed_played":"8231618223955948409","potions_obtained":[{"floor":1,"key":"BloodPotion"},{"floor":2,"key":"Explosive Potion"},{"floor":11,"key":"FearPotion"},{"floor":17,"key":"AttackPotion"},{"floor":27,"key":"Weak Potion"},{"floor":31,"key":"BloodPotion"},{"floor":33,"key":"Dexterity Potion"},{"floor":36,"key":"SpeedPotion"},{"floor":36,"key":"BloodPotion"}],"is_trial":false,"path_per_floor":["M","M","?","$","?","R","M","?","T","M","?","$","R","T","R","B",null,"M","?","M","M","T","R","$","R","T","E","M","R","M","E","R","B",null,"M","?","?","?","$","R","M","$","T","?","R","M","M","$","R","B"],"character_chosen":"IRONCLAD","items_purchased":["Whirlwind","Intimidate","Shrug It Off","Clothesline","Blood Vial","Body Slam","Anger","Evolve","Girya"],"campfire_rested":4,"item_purchase_floors":[4,4,4,4,12,24,24,24,39],"current_hp_per_floor":[77,77,77,77,66,66,72,53,53,59,27,27,27,27,55,27,101,95,95,92,69,69,69,69,69,69,22,16,46,39,23,53,20,101,93,93,93,93,93,93,51,51,51,51,51,41,23,23,53,37],"gold":22,"neow_bonus":"TWENTY_PERCENT_HP_BONUS","is_prod":false,"is_daily":false,"chose_seed":false,"campfire_upgraded":4,"win_rate":0,"timestamp":1539529795,"path_taken":["M","?","?","$","?","R","M","?","T","M","?","$","R","?","R","BOSS","M","?","M","?","?","R","$","R","T","E","M","R","M","E","R","BOSS","M","?","?","?","?","R","M","$","T","?","R","?","M","$","R","BOSS"],"build_version":"2018-10-11","purchased_purges":5,"victory":true,"max_hp_per_floor":[96,96,96,96,96,96,96,96,96,96,96,96,96,96,96,96,101,101,101,101,101,101,101,101,101,101,101,101,101,101,101,101,101,101,101,101,101,101,101,101,101,101,101,101,101,101,101,101,101,101],"card_choices":[{"not_picked":["Thunderclap","Anger"],"picked":"Spot Weakness","floor":1},{"not_picked":["Twin Strike","Fire Breathing"],"picked":"Power Through","floor":2},{"not_picked":["Second Wind","Twin Strike","Sword Boomerang"],"picked":"SKIP","floor":7},{"not_picked":["Sword Boomerang","Anger"],"picked":"Power Through","floor":10},{"not_picked":["Warcry","Wild Strike"],"picked":"Cleave","floor":11},{"not_picked":["True Grit","Clothesline"],"picked":"Heavy Blade","floor":17},{"not_picked":["Wild Strike","Sword Boomerang","Rupture"],"picked":"SKIP","floor":18},{"not_picked":["Dropkick+1","Corruption","Perfected Strike"],"picked":"SKIP","floor":20},{"not_picked":["Shrug It Off+1","Warcry"],"picked":"Reaper","floor":21},{"not_picked":["Flex","Fire Breathing"],"picked":"Shrug It Off+1","floor":27},{"not_picked":["Entrench+1","Sword Boomerang"],"picked":"Intimidate","floor":28},{"not_picked":["Sword Boomerang","Headbutt","Dark Embrace"],"picked":"SKIP","floor":30},{"not_picked":["Headbutt+1","Anger","Berserk"],"picked":"SKIP","floor":31},{"not_picked":["Berserk","Immolate"],"picked":"Impervious","floor":33},{"not_picked":["Pummel","Entrench"],"picked":"Shrug It Off+1","floor":35},{"not_picked":["Shrug It Off","Bloodletting"],"picked":"Body Slam","floor":41},{"not_picked":["Twin Strike","Headbutt+1","Clothesline+1"],"picked":"SKIP","floor":46},{"not_picked":["Uppercut","Hemokinesis+1","Sever Soul+1"],"picked":"SKIP","floor":47}],"player_experience":179373,"relics_obtained":[{"floor":9,"key":"MawBank"},{"floor":11,"key":"StoneCalendar"},{"floor":14,"key":"Smiling Mask"},{"floor":22,"key":"Paper Frog"},{"floor":26,"key":"Whetstone"},{"floor":27,"key":"Omamori"},{"floor":31,"key":"Ancient Tea Set"},{"floor":43,"key":"Centennial Puzzle"}],"event_choices":[{"event_name":"Liars Game","player_choice":"agreed","floor":3,"damage_taken":0},{"event_name":"World of Goop","player_choice":"Gather Gold","floor":5,"damage_taken":0},{"event_name":"Shining Light","player_choice":"Entered Light","floor":8,"damage_taken":0},{"event_name":"Dead Adventurer","player_choice":"Searched \u00271\u0027 times","floor":11,"damage_taken":0},{"event_name":"Accursed Blacksmith","player_choice":"Rummage","floor":19,"damage_taken":0},{"event_name":"The Lab","player_choice":"Got Potions","floor":36,"damage_taken":0},{"event_name":"Transmorgrifier","player_choice":"Transform","floor":37,"damage_taken":0},{"event_name":"Golden Shrine","player_choice":"Pray","floor":38,"damage_taken":0},{"event_name":"SensoryStone","player_choice":"Memory 1","floor":44,"damage_taken":0}],"is_beta":false,"boss_relics":[{"not_picked":["Runic Dome","Runic Cube"],"picked":"Tiny House"},{"not_picked":["Fusion Hammer","Coffee Dripper"],"picked":"Velvet Choker"}],"items_purged_floors":[4,12,24,42,48],"is_endless":false,"potions_floor_spawned":[1,2,11,27,31,33,46,47],"ascension_level":3}