{"gold_per_floor":[318,338,357,8,27,61,61,91,169,169,182,202,237,237,237,336,336,317,54,66,66,77,77,106,124,151,186,186,186,216,216,216,216],"floor_reached":33,"playtime":2806,"items_purged":["Strike_G"],"score":504,"play_id":"9a210e6b-3b76-4264-96da-1b0e64097e93","local_time":"20190422102810","is_ascension_mode":true,"campfire_choices":[{"data":"Catalyst","floor":7.0,"key":"SMITH"},{"floor":10.0,"key":"REST"},{"floor":15.0,"key":"REST"},{"data":"Burst","floor":23.0,"key":"SMITH"},{"floor":28.0,"key":"REST"},{"floor":32,"key":"REST"}],"neow_cost":"NO_GOLD","seed_source_timestamp":0,"circlet_count":0,"master_deck":["AscendersBane","Defend_G","Defend_G","Defend_G","Defend_G","Defend_G","Strike_G","Survivor","Neutralize","All Out Attack","Escape Plan","Deadly Poison","Catalyst+1","Cloak And Dagger","Well Laid Plans","Blur","Burst+1","Backflip+1","Crippling Poison+1","Acrobatics+1","Deadly Poison","Blur","Footwork","Noxious Fumes+1"],"special_seed":0,"relics":["Ring of the Snake","Old Coin","Incense Burner","The Courier","Bird Faced Urn","Meat on the Bone","Boot","Astrolabe","ClockworkSouvenir","Omamori","Blood Vial","Turnip","Snake Skull"],"potions_floor_usage":[],"damage_taken":[{"damage":17.0,"enemies":"Jaw Worm","floor":1.0,"turns":8.0},{"damage":0.0,"enemies":"Small Slimes","floor":2.0,"turns":2.0},{"damage":3.0,"enemies":"Cultist","floor":3.0,"turns":4.0},{"damage":5.0,"enemies":"2 Fungi Beasts","floor":5.0,"turns":4.0},{"damage":14.0,"enemies":"3 Sentries","floor":6.0,"turns":9.0},{"damage":19.0,"enemies":"Lagavulin","floor":8.0,"turns":6.0},{"damage":10.0,"enemies":"Exordium Wildlife","floor":11.0,"turns":4.0},{"damage":10.0,"enemies":"Large Slime","floor":12.0,"turns":7.0},{"damage":13.0,"enemies":"3 Sentries","floor":13.0,"turns":11.0},{"damage":16.0,"enemies":"The Guardian","floor":16.0,"turns":12.0},{"damage":3.0,"enemies":"2 Thieves","floor":18.0,"turns":4.0},{"damage":2.0,"enemies":"Shell Parasite","floor":20.0,"turns":4.0},{"damage":19.0,"enemies":"3 Cultists","floor":22.0,"turns":6.0},{"damage":41.0,"enemies":"Book of Stabbing","floor":24.0,"turns":7.0},{"damage":0.0,"enemies":"Centurion and Healer","floor":25.0,"turns":6.0},{"damage":29.0,"enemies":"Gremlin Leader","floor":27.0,"turns":6.0},{"damage":14.0,"enemies":"Colosseum Slavers","floor":29.0,"turns":6.0},{"damage":26.0,"enemies":"Slavers","floor":30.0,"turns":8.0},{"damage":94,"enemies":"Champ","floor":33,"turns":13}],"seed_played":"8601029708808125181","potions_obtained":[{"floor":1.0,"key":"Block Potion"},{"floor":2.0,"key":"SneckoOil"},{"floor":22.0,"key":"Regen Potion"},{"floor":25.0,"key":"Energy Potion"},{"floor":27.0,"key":"EssenceOfSteel"}],"is_trial":false,"path_per_floor":["M","M","M","$","M","E","R","E","T","R","M","M","E","?","R","B",null,"M","$","M","?","M","R","E","M","T","E","R","?","E","?","R","B"],"character_chosen":"THE_SILENT","items_purchased":["Incense Burner","Deadly Poison","ClockworkSouvenir","Deadly Poison"],"campfire_rested":4,"item_purchase_floors":[4,4,19,19],"current_hp_per_floor":[46,46,43,43,38,24,24,5,5,26,28,32,33,15,36,34,61,60,60,60,60,43,43,31,45,45,34,55,49,43,30,52,0],"gold":216,"neow_bonus":"ONE_RARE_RELIC","is_prod":false,"is_daily":false,"chose_seed":false,"campfire_upgraded":2,"win_rate":0,"timestamp":1555921690,"path_taken":["M","M","M","$","M","E","R","E","T","R","M","M","E","?","R","BOSS","M","$","M","?","M","R","E","M","T","E","R","?","E","?","R","BOSS"],"build_version":"2019-01-23","purchased_purges":1,"victory":false,"max_hp_per_floor":[70,70,70,70,70,70,70,70,70,70,70,70,70,70,70,70,70,70,70,70,70,70,70,70,70,70,70,70,70,70,75,75,75],"card_choices":[{"not_picked":["Predator","Blade Dance"],"picked":"All Out Attack","floor":1.0},{"not_picked":["Deflect","Expertise"],"picked":"Escape Plan","floor":2.0},{"not_picked":["Outmaneuver","Slice","Tactician"],"picked":"SKIP","floor":3.0},{"not_picked":["Concentrate","Accuracy","Underhanded Strike"],"picked":"SKIP","floor":5.0},{"not_picked":["Tactician","PiercingWail"],"picked":"Catalyst","floor":6.0},{"not_picked":["Endless Agony","Quick Slash"],"picked":"Cloak And Dagger","floor":8.0},{"not_picked":["Reflex","Deflect"],"picked":"Well Laid Plans","floor":11.0},{"not_picked":["Blade Dance","Accuracy"],"picked":"Blur","floor":12.0},{"not_picked":["Storm of Steel","Flying Knee","Unload"],"picked":"SKIP","floor":13.0},{"not_picked":["Wraith Form v2","Phantasmal Killer"],"picked":"Burst","floor":16.0},{"not_picked":["Predator","PiercingWail","Acrobatics"],"picked":"SKIP","floor":18.0},{"not_picked":["Cloak And Dagger","Outmaneuver","Concentrate+1"],"picked":"SKIP","floor":20.0},{"not_picked":["Blade Dance","Deflect"],"picked":"Blur","floor":22.0},{"not_picked":["Outmaneuver","Distraction","Underhanded Strike"],"picked":"SKIP","floor":24.0},{"not_picked":["Cloak And Dagger","Bane"],"picked":"Footwork","floor":25.0},{"not_picked":["Quick Slash+1","Backflip+1"],"picked":"Noxious Fumes+1","floor":27.0},{"not_picked":["Underhanded Strike","Distraction+1","Backstab"],"picked":"SKIP","floor":30.0}],"player_experience":456263,"relics_obtained":[{"floor":6.0,"key":"The Courier"},{"floor":8.0,"key":"Bird Faced Urn"},{"floor":9.0,"key":"Meat on the Bone"},{"floor":13.0,"key":"Boot"},{"floor":24.0,"key":"Omamori"},{"floor":26.0,"key":"Blood Vial"},{"floor":27.0,"key":"Turnip"},{"floor":30.0,"key":"Snake Skull"}],"event_choices":[{"damage_healed":0.0,"max_hp_gain":0.0,"max_hp_loss":0.0,"gold_gain":0.0,"event_name":"Scrap Ooze","player_choice":"Fled","floor":14.0,"gold_loss":0.0,"damage_taken":18.0},{"damage_healed":0.0,"max_hp_gain":0.0,"max_hp_loss":0.0,"gold_gain":0.0,"event_name":"Vampires","player_choice":"Ignored","floor":21.0,"gold_loss":0.0,"damage_taken":0.0},{"damage_healed":0.0,"max_hp_gain":0.0,"max_hp_loss":0.0,"gold_gain":0.0,"event_name":"Colosseum","player_choice":"Fight","floor":29.0,"gold_loss":0.0,"damage_taken":0.0},{"damage_healed":0.0,"max_hp_gain":0.0,"max_hp_loss":0.0,"gold_gain":0.0,"event_name":"Colosseum","player_choice":"Fled From Nobs","floor":29.0,"gold_loss":0.0,"damage_taken":0.0},{"damage_healed":0.0,"max_hp_gain":5.0,"max_hp_loss":0.0,"gold_gain":0.0,"event_name":"Forgotten Altar","player_choice":"Shed Blood","floor":31.0,"gold_loss":0.0,"damage_taken":18.0}],"is_beta":false,"boss_relics":[{"not_picked":["Busted Crown","HoveringKite"],"picked":"Astrolabe"}],"items_purged_floors":[19],"is_endless":false,"potions_floor_spawned":[1,2,8,16,22,25,27,29],"killed_by":"Champ","ascension_level":11}