{"gold_per_floor":[113,130,130,130,143,143,182,182,205,229,243,259,80,94,94,222,222,241,241,256,256,272,308,321,321,348,372,385,404,404,418,418,541,541,554,554,570,589,612,650,650,670,670,690,590,615,615,634,634,634],"floor_reached":51,"playtime":5230,"items_purged":["Injury"],"score":986,"play_id":"5bea40a4-0820-48fa-9a6f-050ae3d00beb","local_time":"20180623013946","is_ascension_mode":false,"campfire_choices":[{"data":"Perfected Strike","floor":6,"key":"SMITH"},{"data":"Perfected Strike","floor":8,"key":"SMITH"},{"data":"Armaments","floor":15,"key":"SMITH"},{"data":"Uppercut","floor":25,"key":"SMITH"},{"data":"Flame Barrier","floor":32,"key":"SMITH"},{"data":"Shrug It Off","floor":41,"key":"SMITH"},{"data":"Double Tap","floor":49,"key":"SMITH"}],"neow_cost":"","seed_source_timestamp":121696480000913,"circlet_count":0,"master_deck":["Strike_R","Strike_R","Strike_R","Strike_R","Strike_R","Defend_R","Defend_R","Defend_R","Defend_R","Bash","Warcry","Perfected Strike+1","Dramatic Entrance","Shrug It Off","Perfected Strike+1","Armaments+1","Twin Strike","Shrug It Off+1","Cleave","Dropkick","Perfected Strike","Juggernaut","Thunderclap","Dramatic Entrance","Flame Barrier+1","Iron Wave+1","Uppercut+1","Perfected Strike","Shrug It Off","Shrug It Off+1","Barricade","Flame Barrier+1","Pommel Strike+1","Perfected Strike+1","Double Tap+1","Bandage Up","Headbutt+1","Pommel Strike+1"],"relics":["Burning Blood","Golden Idol","Oddly Smooth Stone","Bag of Preparation","Snecko Eye","Pantograph","Vajra","Molten Egg 2","Coffee Dripper","Dream Catcher","Shuriken","Red Skull"],"potions_floor_usage":[22,23,33,33,50,50,50],"damage_taken":[{"damage":2,"enemies":"Small Slimes","floor":1,"turns":5},{"damage":20,"enemies":"Jaw Worm","floor":2,"turns":4},{"damage":0,"enemies":"2 Louse","floor":5,"turns":2},{"damage":12,"enemies":"3 Sentries","floor":7,"turns":7},{"damage":0,"enemies":"2 Fungi Beasts","floor":10,"turns":2},{"damage":0,"enemies":"Exordium Thugs","floor":11,"turns":3},{"damage":1,"enemies":"3 Louse","floor":12,"turns":3},{"damage":0,"enemies":"Red Slaver","floor":14,"turns":2},{"damage":23,"enemies":"The Guardian","floor":16,"turns":11},{"damage":11,"enemies":"2 Thieves","floor":18,"turns":3},{"damage":0,"enemies":"Spheric Guardian","floor":20,"turns":3},{"damage":25,"enemies":"Snake Plant","floor":22,"turns":4},{"damage":14,"enemies":"Book of Stabbing","floor":23,"turns":6},{"damage":6,"enemies":"3 Cultists","floor":24,"turns":3},{"damage":0,"enemies":"Centurion and Healer","floor":27,"turns":2},{"damage":0,"enemies":"Cultist and Chosen","floor":28,"turns":2},{"damage":8,"enemies":"Sentry and Sphere","floor":29,"turns":4},{"damage":0,"enemies":"Snecko","floor":31,"turns":3},{"damage":31,"enemies":"Champ","floor":33,"turns":11},{"damage":22,"enemies":"3 Darklings","floor":35,"turns":5},{"damage":17,"enemies":"3 Shapes","floor":37,"turns":2},{"damage":10,"enemies":"Sphere and 2 Shapes","floor":38,"turns":4},{"damage":0,"enemies":"4 Shapes","floor":39,"turns":2},{"damage":5,"enemies":"Giant Head","floor":40,"turns":8},{"damage":21,"enemies":"Maw","floor":42,"turns":5},{"damage":0,"enemies":"Sphere and 2 Shapes","floor":44,"turns":3},{"damage":0,"enemies":"3 Darklings","floor":46,"turns":3},{"damage":0,"floor":47,"turns":2},{"damage":28,"enemies":"4 Shapes","floor":48,"turns":3},{"damage":51,"enemies":"Awakened One","floor":50,"turns":10}],"seed_played":"-6249898789179119715","potions_obtained":[{"floor":5,"key":"SkillPotion"},{"floor":7,"key":"SkillPotion"},{"floor":10,"key":"BloodPotion"},{"floor":12,"key":"Weak Potion"},{"floor":22,"key":"Weak Potion"},{"floor":23,"key":"Energy Potion"},{"floor":38,"key":"FearPotion"},{"floor":39,"key":"Block Potion"},{"floor":42,"key":"Regen Potion"},{"floor":47,"key":"AttackPotion"}],"is_trial":false,"path_per_floor":["M","M","?","?","M","R","E","R","T","M","M","M","$","M","R","B",null,"M","?","M","?","M","E","M","R","T","M","M","M","T","M","R","B",null,"M","?","M","M","M","E","R","M","T","M","$","M","?","M","R","B"],"character_chosen":"IRONCLAD","items_purchased":["Cleave","Dropkick","Bandage Up"],"campfire_rested":0,"item_purchase_floors":[13,13,45],"current_hp_per_floor":[80,66,66,66,72,72,66,66,66,72,78,80,80,80,80,63,80,75,75,80,80,69,61,61,61,61,67,73,71,71,77,77,55,80,64,64,53,49,55,56,56,41,41,47,47,53,80,58,58,41],"gold":634,"neow_bonus":"","is_prod":false,"is_daily":false,"chose_seed":false,"campfire_upgraded":7,"win_rate":0.0,"timestamp":1529732386,"path_taken":["M","M","?","?","M","R","E","R","T","M","M","M","$","?","R","BOSS","M","?","M","?","M","E","M","R","T","M","?","M","?","M","R","BOSS","M","?","M","M","M","E","R","M","T","M","?","M","?","M","R","BOSS"],"build_version":"2018-06-21v2","purchased_purges":1,"victory":true,"max_hp_per_floor":[80,80,80,80,80,80,80,80,80,80,80,80,80,80,80,80,80,80,80,80,80,80,80,80,80,80,80,80,80,80,80,80,80,80,80,80,80,80,80,80,80,80,80,80,80,80,80,80,80,80],"card_choices":[{"not_picked":["Carnage","Entrench"],"picked":"Warcry","floor":1},{"not_picked":["Body Slam","Searing Blow"],"picked":"Perfected Strike","floor":2},{"not_picked":["Twin Strike","Sever Soul"],"picked":"Shrug It Off","floor":5},{"not_picked":["Demon Form","Battle Trance"],"picked":"Perfected Strike","floor":7},{"not_picked":["Feel No Pain","Warcry"],"picked":"Armaments","floor":10},{"not_picked":["Cleave","Impervious"],"picked":"Twin Strike","floor":11},{"not_picked":["Hemokinesis","Clothesline"],"picked":"Shrug It Off","floor":12},{"not_picked":["Pommel Strike","Iron Wave"],"picked":"Perfected Strike","floor":14},{"not_picked":["Demon Form","Fiend Fire"],"picked":"Juggernaut","floor":16},{"not_picked":["Reckless Charge+1","Flex"],"picked":"Thunderclap","floor":18},{"not_picked":["Second Wind+1","Feel No Pain"],"picked":"Flame Barrier","floor":20},{"not_picked":["Rupture+1","Warcry+1"],"picked":"Iron Wave+1","floor":22},{"not_picked":["Dropkick+1","True Grit+1"],"picked":"Uppercut","floor":23},{"not_picked":["Intimidate","Feel No Pain"],"picked":"Perfected Strike","floor":24},{"not_picked":["Thunderclap","Brutality","Bloodletting"],"picked":"SKIP","floor":27},{"not_picked":["Sever Soul","Thunderclap+1"],"picked":"Shrug It Off","floor":28},{"not_picked":["Rage","Bloodletting","Flex"],"picked":"SKIP","floor":29},{"not_picked":["Rampage+1","True Grit"],"picked":"Shrug It Off+1","floor":31},{"not_picked":["Reaper+1","Dark Embrace"],"picked":"Barricade","floor":33},{"not_picked":["True Grit","Searing Blow+1","Warcry"],"picked":"SKIP","floor":35},{"not_picked":["Sword Boomerang+1","Disarm","Burning Pact"],"picked":"SKIP","floor":37},{"not_picked":["Searing Blow+1","Clash+1"],"picked":"Flame Barrier+1","floor":38},{"not_picked":["Second Wind","Uppercut+1"],"picked":"Pommel Strike+1","floor":39},{"not_picked":["Battle Trance","Disarm+1"],"picked":"Perfected Strike+1","floor":40},{"not_picked":["Shockwave+1","Entrench+1"],"picked":"Double Tap","floor":42},{"not_picked":["Warcry","Rupture+1","True Grit+1"],"picked":"SKIP","floor":44},{"not_picked":["Anger+1","Shrug It Off","Combust"],"picked":"SKIP","floor":46},{"not_picked":["Sword Boomerang+1","Bloodletting"],"picked":"Headbutt+1","floor":47},{"not_picked":["Iron Wave+1","Cleave+1"],"picked":"Pommel Strike+1","floor":48}],"player_experience":0,"relics_obtained":[{"floor":7,"key":"Oddly Smooth Stone"},{"floor":9,"key":"Bag of Preparation"},{"floor":23,"key":"Pantograph"},{"floor":26,"key":"Vajra"},{"floor":30,"key":"Molten Egg 2"},{"floor":40,"key":"Dream Catcher"},{"floor":43,"key":"Shuriken"},{"floor":47,"key":"Red Skull"}],"event_choices":[{"event_name":"Golden Idol","player_choice":"Take Wound","floor":3,"damage_taken":0},{"event_name":"Match and Keep!","player_choice":"1 cards matched","floor":4,"damage_taken":0},{"event_name":"Duplicator","player_choice":"One dupe","floor":19,"damage_taken":0},{"event_name":"The Library","player_choice":"Read","floor":21,"damage_taken":0},{"event_name":"Falling","player_choice":"Removed Attack","floor":36,"damage_taken":0},{"event_name":"MindBloom","player_choice":"Fight","floor":47,"damage_taken":0}],"boss_relics":[{"not_picked":["Cursed Key","Black Star"],"picked":"Snecko Eye"},{"not_picked":["Mark of Pain","Runic Pyramid"],"picked":"Coffee Dripper"}],"items_purged_floors":[13],"is_endless":false,"potions_floor_spawned":[5,7,10,12,22,23,27,29,38,39,42,47,48],"ascension_level":0}