{"gold_per_floor":[115,128,128,203,102,102,115,150,223,249,267,300,300,315,315,416,416,427,427,18,18,28,56,75,109,109,126,126],"floor_reached":28,"playtime":1844,"items_purged":["Strike_B"],"score":294,"play_id":"871c8a00-6d36-485f-a43e-6d85458d308c","local_time":"20190501235706","is_ascension_mode":true,"campfire_choices":[{"data":"Cold Snap","floor":6,"key":"SMITH"},{"data":"Conserve Battery","floor":13,"key":"SMITH"},{"floor":15,"key":"REST"}],"neow_cost":"NONE","seed_source_timestamp":263967010344500,"circlet_count":0,"master_deck":["Strike_B","Strike_B","Strike_B","Defend_B","Defend_B","Defend_B","Defend_B","Zap+1","Dualcast","Cold Snap+1","Ball Lightning","Cold Snap","Conserve Battery+1","Sweeping Beam","Rainbow","Hologram","Genetic Algorithm","Defragment","Sweeping Beam+1","Storm","Multi-Cast"],"relics":["Cracked Core","Blood Vial","Question Card","Anchor","Nuclear Battery","Nloth\u0027s Gift","Mercury Hourglass","Calipers","Sundial","Letter Opener"],"potions_floor_usage":[8,12,16,16,16,24,27],"damage_taken":[{"damage":8,"enemies":"Small Slimes","floor":1,"turns":3},{"damage":4,"enemies":"Jaw Worm","floor":2,"turns":3},{"damage":0,"enemies":"2 Louse","floor":7,"turns":2},{"damage":11,"enemies":"3 Sentries","floor":8,"turns":9},{"damage":6,"enemies":"Lagavulin","floor":10,"turns":5},{"damage":12,"enemies":"Lots of Slimes","floor":11,"turns":3},{"damage":16,"enemies":"Gremlin Nob","floor":12,"turns":4},{"damage":0,"enemies":"Large Slime","floor":14,"turns":3},{"damage":23,"enemies":"Slime Boss","floor":16,"turns":13},{"damage":6,"enemies":"2 Thieves","floor":18,"turns":3},{"damage":7,"enemies":"Chosen","floor":21,"turns":4},{"damage":9,"enemies":"Sentry and Sphere","floor":22,"turns":5},{"damage":18,"enemies":"Gremlin Leader","floor":23,"turns":7},{"damage":2,"enemies":"Cultist and Chosen","floor":24,"turns":5},{"damage":50,"enemies":"Book of Stabbing","floor":25,"turns":7},{"damage":0,"enemies":"3 Cultists","floor":27,"turns":5},{"damage":14,"enemies":"Snecko","floor":28,"turns":4}],"seed_played":"-9001442814945889721","potions_obtained":[{"floor":2,"key":"Dexterity Potion"},{"floor":7,"key":"SkillPotion"},{"floor":8,"key":"Swift Potion"},{"floor":12,"key":"Fruit Juice"},{"floor":14,"key":"AttackPotion"},{"floor":23,"key":"SkillPotion"},{"floor":25,"key":"Dexterity Potion"}],"is_trial":false,"path_per_floor":["M","M","?","?","$","R","M","E","T","E","M","E","R","M","R","B",null,"M","?","$","M","M","E","M","E","T","M","M"],"character_chosen":"DEFECT","items_purchased":["Cold Snap","Genetic Algorithm","Defragment","Mercury Hourglass"],"campfire_rested":1,"item_purchase_floors":[5,20,20,20],"current_hp_per_floor":[74,70,70,59,59,59,59,48,48,44,34,25,25,27,53,32,87,81,81,81,76,69,53,53,5,5,7,0],"gold":126,"neow_bonus":"TEN_PERCENT_HP_BONUS","is_prod":false,"is_daily":false,"chose_seed":false,"campfire_upgraded":2,"win_rate":0,"timestamp":1556769426,"path_taken":["M","M","?","?","$","R","M","E","T","E","M","E","R","M","R","BOSS","M","?","$","M","M","E","M","E","T","?","M"],"build_version":"2019-01-23","purchased_purges":1,"victory":false,"max_hp_per_floor":[82,82,82,82,82,82,82,82,82,82,82,87,87,87,87,87,87,87,87,87,87,87,87,87,87,87,87,87],"card_choices":[{"not_picked":["Stack","Steam"],"picked":"Cold Snap","floor":1},{"not_picked":["Go for the Eyes","Streamline"],"picked":"Ball Lightning","floor":2},{"not_picked":["Hologram","Gash","Ball Lightning"],"picked":"SKIP","floor":7},{"not_picked":["Rebound","Coolheaded"],"picked":"Conserve Battery","floor":8},{"not_picked":["Melter","Barrage","Skim","Compile Driver"],"picked":"SKIP","floor":10},{"not_picked":["Leap","Machine Learning","Ball Lightning"],"picked":"Sweeping Beam","floor":11},{"not_picked":["Reboot","Sweeping Beam","Barrage","Cold Snap"],"picked":"SKIP","floor":12},{"not_picked":["Sweeping Beam","Leap","Conserve Battery","Gash"],"picked":"SKIP","floor":14},{"not_picked":["Meteor Strike","Multi-Cast","Buffer"],"picked":"Rainbow","floor":16},{"not_picked":["Turbo","Beam Cell+1","Streamline"],"picked":"Hologram","floor":18},{"not_picked":["Barrage","Conserve Battery","Thunder Strike"],"picked":"Sweeping Beam+1","floor":21},{"not_picked":["Streamline","Chill","Compile Driver"],"picked":"Storm","floor":22},{"not_picked":["Conserve Battery","Reboot","Reprogram","Seek"],"picked":"SKIP","floor":23},{"not_picked":["Beam Cell+1","Ball Lightning+1","Gash+1","Rebound"],"picked":"SKIP","floor":24},{"not_picked":["Steam","Leap","Tempest"],"picked":"Multi-Cast","floor":25},{"not_picked":["Auto Shields","Compile Driver","Redo","Steam"],"picked":"SKIP","floor":27}],"player_experience":61228,"relics_obtained":[{"floor":8,"key":"Blood Vial"},{"floor":9,"key":"Question Card"},{"floor":10,"key":"The Courier"},{"floor":12,"key":"Anchor"},{"floor":23,"key":"Calipers"},{"floor":25,"key":"Sundial"},{"floor":26,"key":"Letter Opener"}],"event_choices":[{"damage_healed":0,"gold_gain":0,"player_choice":"Grow","damage_taken":0,"max_hp_gain":0,"max_hp_loss":0,"event_name":"Living Wall","floor":3,"gold_loss":0,"cards_upgraded":["Zap"]},{"damage_healed":0,"gold_gain":75,"player_choice":"Gather Gold","damage_taken":11,"max_hp_gain":0,"max_hp_loss":0,"event_name":"World of Goop","floor":4,"gold_loss":0},{"damage_healed":0,"gold_gain":0,"player_choice":"Traded Relic","damage_taken":0,"relics_obtained":["Nloth\u0027s Gift"],"max_hp_gain":0,"max_hp_loss":0,"event_name":"N\u0027loth","floor":19,"relics_lost":["The Courier"],"gold_loss":0}],"is_beta":false,"boss_relics":[{"not_picked":["Eternal Feather","White Beast Statue"],"picked":"Nuclear Battery"}],"items_purged_floors":[5],"is_endless":false,"potions_floor_spawned":[2,7,8,12,14,23,25],"killed_by":"Snecko","ascension_level":1}