{"gold_per_floor":[118,130,130,180,180,180,29,29,29,42,59,78,103,117,117,117],"floor_reached":16,"playtime":431,"items_purged":["Strike_R"],"score":204,"play_id":"b5b93567-fe2e-49a4-94e8-253428d4bde9","local_time":"20190410142600","is_ascension_mode":true,"campfire_choices":[{"data":"Uppercut","floor":6,"key":"SMITH"},{"data":"Immolate","floor":8,"key":"SMITH"},{"data":"1","floor":15,"key":"LIFT"}],"neow_cost":"NONE","seed_source_timestamp":1058148270240176,"circlet_count":0,"master_deck":["AscendersBane","Strike_R","Strike_R+1","Strike_R","Strike_R","Defend_R+1","Defend_R","Defend_R","Defend_R","Bash","Twin Strike","Uppercut+1","Immolate+1","Sentinel","Shrug It Off"],"relics":["Burning Blood","Frozen Egg 2","Girya"],"potions_floor_usage":[11,13,16],"damage_taken":[{"damage":12,"enemies":"Cultist","floor":1,"turns":4},{"damage":8,"enemies":"2 Louse","floor":2,"turns":2},{"damage":0,"enemies":"Small Slimes","floor":10,"turns":2},{"damage":5,"enemies":"Red Slaver","floor":11,"turns":3},{"damage":0,"enemies":"Gremlin Gang","floor":12,"turns":1},{"damage":15,"enemies":"Lagavulin","floor":13,"turns":4},{"damage":4,"enemies":"Blue Slaver","floor":14,"turns":2},{"damage":39,"enemies":"The Guardian","floor":16,"turns":12}],"seed_played":"4145202910578960209","potions_obtained":[{"floor":0,"key":"SteroidPotion"},{"floor":0,"key":"FearPotion"},{"floor":10,"key":"Fire Potion"},{"floor":14,"key":"EssenceOfSteel"}],"is_trial":false,"path_per_floor":["M","M","?","?","$","R","$","R","T","M","M","M","E","M","R","B"],"character_chosen":"IRONCLAD","items_purchased":["Immolate"],"campfire_rested":0,"item_purchase_floors":[7],"current_hp_per_floor":[62,60,37,30,30,30,30,30,30,36,37,43,34,36,36,0],"gold":117,"neow_bonus":"THREE_SMALL_POTIONS","is_prod":false,"is_daily":false,"chose_seed":false,"campfire_upgraded":2,"win_rate":0,"timestamp":1554873960,"path_taken":["M","?","?","?","$","R","$","R","T","?","M","?","E","M","R","BOSS"],"build_version":"2019-01-23","purchased_purges":1,"victory":false,"max_hp_per_floor":[75,75,75,75,75,75,75,75,75,75,75,75,75,75,75,75],"card_choices":[{"not_picked":["Rampage","Warcry"],"picked":"Twin Strike","floor":1},{"not_picked":["Anger","Infernal Blade"],"picked":"Uppercut","floor":2},{"not_picked":["Headbutt","Twin Strike","Whirlwind"],"picked":"SKIP","floor":10},{"not_picked":["Iron Wave","Sword Boomerang","Barricade+1"],"picked":"SKIP","floor":11},{"not_picked":["Dual Wield","Iron Wave"],"picked":"Sentinel","floor":12},{"not_picked":["Body Slam","Thunderclap"],"picked":"Shrug It Off","floor":13},{"not_picked":["Whirlwind","Iron Wave","Perfected Strike"],"picked":"SKIP","floor":14}],"player_experience":883345,"relics_obtained":[{"floor":9,"key":"Frozen Egg 2"},{"floor":13,"key":"Girya"}],"event_choices":[{"damage_healed":0,"gold_gain":0,"player_choice":"Entered Light","damage_taken":23,"max_hp_gain":0,"max_hp_loss":0,"event_name":"Shining Light","floor":3,"gold_loss":0,"cards_upgraded":["Defend_R","Strike_R"]},{"damage_healed":0,"gold_gain":50,"player_choice":"Touch","damage_taken":7,"max_hp_gain":0,"max_hp_loss":0,"event_name":"FaceTrader","floor":4,"gold_loss":0}],"is_beta":false,"boss_relics":[],"items_purged_floors":[7],"is_endless":false,"potions_floor_spawned":[10,14],"killed_by":"The Guardian","ascension_level":20}