{"gold_per_floor":[115,130,130,141,141,141,172,172,196,16,51,51,127,138,138,233,233,251,350,49,62,82,82,82,93,142,152,162,177,177,189,189,189],"floor_reached":33,"playtime":1842,"items_purged":["Strike_B","Strike_B"],"score":311,"play_id":"7b26e6ac-6a07-4f6d-a0e0-3ae260f49a7c","local_time":"20190409015907","is_ascension_mode":true,"campfire_choices":[{"data":"Dualcast","floor":6,"key":"SMITH"},{"floor":8,"key":"REST"},{"data":"Genetic Algorithm","floor":12,"key":"SMITH"},{"floor":15,"key":"REST"},{"data":"Defragment","floor":23,"key":"SMITH"},{"data":"Sunder","floor":30,"key":"SMITH"},{"data":"Hologram","floor":32,"key":"SMITH"}],"neow_cost":"NONE","seed_source_timestamp":272347220025740,"circlet_count":0,"master_deck":["Strike_B","Defend_B","Defend_B+1","Defend_B","Zap","Dualcast+1","Capacitor","Compile Driver+1","Leap","Defragment+1","Coolheaded","Genetic Algorithm+1","Self Repair","Hologram+1","White Noise+1","White Noise","Sunder+1","Hello World","Loop+1","Glacier","BootSequence","BootSequence","Coolheaded+1"],"relics":["Cracked Core","Happy Flower","Ancient Tea Set","Runic Dome","OrangePellets","Omamori"],"potions_floor_usage":[4,11,22,25,33],"damage_taken":[{"damage":7,"enemies":"Jaw Worm","floor":1,"turns":3},{"damage":0,"enemies":"Cultist","floor":2,"turns":3},{"damage":4,"enemies":"Small Slimes","floor":4,"turns":3},{"damage":45,"enemies":"3 Sentries","floor":7,"turns":10},{"damage":21,"enemies":"Gremlin Nob","floor":11,"turns":4},{"damage":0,"enemies":"2 Fungi Beasts","floor":14,"turns":3},{"damage":3,"enemies":"The Guardian","floor":16,"turns":13},{"damage":17,"enemies":"Spheric Guardian","floor":18,"turns":6},{"damage":35,"enemies":"2 Thieves","floor":21,"turns":5},{"damage":10,"enemies":"Centurion and Healer","floor":22,"turns":13},{"damage":11,"enemies":"Cultist and Chosen","floor":25,"turns":6},{"damage":9,"enemies":"Shelled Parasite and Fungi","floor":27,"turns":6},{"damage":23,"enemies":"Centurion and Healer","floor":28,"turns":9},{"damage":16,"enemies":"Snake Plant","floor":29,"turns":5},{"damage":0,"enemies":"Chosen and Byrds","floor":31,"turns":5},{"damage":36,"enemies":"Automaton","floor":33,"turns":10}],"seed_played":"6331724961136561645","potions_obtained":[{"floor":1,"key":"SpeedPotion"},{"floor":3,"key":"SkillPotion"},{"floor":3,"key":"FearPotion"},{"floor":16,"key":"Regen Potion"},{"floor":18,"key":"FocusPotion"},{"floor":28,"key":"FocusPotion"},{"floor":29,"key":"EssenceOfSteel"}],"is_trial":false,"path_per_floor":["M","M","?","M","?","R","E","R","T","$","E","R","?","M","R","B",null,"M","?","$","M","M","R","?","M","T","M","M","M","R","M","R","B"],"character_chosen":"DEFECT","items_purchased":["Defragment","Coolheaded","OrangePellets"],"campfire_rested":2,"item_purchase_floors":[10,10,20],"current_hp_per_floor":[75,75,75,71,55,55,10,34,34,34,13,13,13,13,37,41,82,72,72,72,44,41,41,41,52,52,50,34,25,25,32,32,0],"gold":189,"neow_bonus":"TEN_PERCENT_HP_BONUS","is_prod":false,"is_daily":false,"chose_seed":false,"campfire_upgraded":5,"win_rate":0,"timestamp":1554767947,"path_taken":["M","M","?","?","?","R","E","R","T","$","E","R","?","M","R","BOSS","M","?","$","M","M","R","?","M","T","M","M","M","R","M","R","BOSS"],"build_version":"2019-01-23","purchased_purges":2,"victory":false,"max_hp_per_floor":[82,82,82,82,82,82,82,82,82,82,82,82,82,82,82,82,82,82,82,82,82,82,82,82,82,82,82,82,82,82,82,82,82],"card_choices":[{"not_picked":["Recycle","Sweeping Beam","Lockon"],"picked":"SKIP","floor":1},{"not_picked":["Chaos","Redo"],"picked":"Capacitor","floor":2},{"not_picked":["Aggregate","Gash"],"picked":"Compile Driver","floor":4},{"not_picked":["Redo","Capacitor"],"picked":"Leap","floor":7},{"not_picked":["Leap","Sweeping Beam"],"picked":"Genetic Algorithm","floor":11},{"not_picked":["Rip and Tear","Hologram"],"picked":"Self Repair","floor":14},{"not_picked":["Gash+1","Rebound+1"],"picked":"Hologram","floor":18},{"not_picked":["Stack","Rebound"],"picked":"White Noise+1","floor":21},{"not_picked":["Rebound","Sweeping Beam+1"],"picked":"White Noise","floor":22},{"not_picked":["Multi-Cast","Leap+1"],"picked":"Loop+1","floor":25},{"not_picked":["Hologram","Barrage"],"picked":"Glacier","floor":27},{"not_picked":["Leap","Compile Driver"],"picked":"BootSequence","floor":28},{"not_picked":["Hologram","Cold Snap"],"picked":"BootSequence","floor":29},{"not_picked":["Ball Lightning","Rainbow"],"picked":"Coolheaded+1","floor":31}],"player_experience":474703,"relics_obtained":[{"floor":7,"key":"Happy Flower"},{"floor":11,"key":"Ancient Tea Set"},{"floor":26,"key":"Omamori"}],"event_choices":[{"damage_healed":0,"gold_gain":0,"player_choice":"Got Potions","damage_taken":0,"max_hp_gain":0,"max_hp_loss":0,"event_name":"Lab","floor":3,"gold_loss":0},{"damage_healed":0,"gold_gain":0,"player_choice":"Entered Light","damage_taken":16,"max_hp_gain":0,"max_hp_loss":0,"event_name":"Shining Light","floor":5,"gold_loss":0,"cards_upgraded":["Compile Driver","Defend_B"]},{"damage_healed":0,"gold_gain":76,"player_choice":"Gained Gold","damage_taken":0,"max_hp_gain":0,"max_hp_loss":0,"event_name":"Golden Wing","floor":13,"gold_loss":0},{"damage_healed":0,"gold_gain":99,"player_choice":"Stole From Cult","damage_taken":0,"max_hp_gain":0,"max_hp_loss":0,"event_name":"Nest","floor":19,"gold_loss":0},{"damage_healed":0,"gold_gain":0,"cards_transformed":["Defend_B","Strike_B"],"player_choice":"Became Test Subject","damage_taken":0,"max_hp_gain":0,"max_hp_loss":0,"event_name":"Drug Dealer","floor":24,"gold_loss":0,"cards_obtained":["Sunder","Hello World"]}],"is_beta":false,"boss_relics":[{"not_picked":["Pandora\u0027s Box","Black Star"],"picked":"Runic Dome"}],"items_purged_floors":[10,20],"is_endless":false,"potions_floor_spawned":[1,16,18,28,29],"killed_by":"Automaton","ascension_level":4}