{"gold_per_floor":[213,70,70,91,91,135,135,151,177,211,229,229,250,286,286,410,473,456,456,472,293,317,317,331,331],"floor_reached":25,"playtime":1248,"items_purged":["Strike_G","Writhe"],"score":384,"play_id":"fd288773-d10c-4296-a41e-e3aeacde4aab","local_time":"20190404102337","is_ascension_mode":true,"campfire_choices":[{"data":"Noxious Fumes","floor":7,"key":"SMITH"},{"floor":12,"key":"REST"},{"floor":15,"key":"REST"},{"floor":23,"key":"REST"}],"neow_cost":"NONE","seed_source_timestamp":905388855475996,"circlet_count":0,"master_deck":["AscendersBane","Defend_G","Defend_G","Defend_G","Defend_G","Defend_G","Strike_G","Strike_G","Strike_G","Strike_G","Survivor","Neutralize","Dagger Spray","Noxious Fumes+1","Acrobatics","Dash+1","Bane","PiercingWail","Deadly Poison","Malaise","Backflip","Crippling Poison","Noxious Fumes+1"],"relics":["Ring of the Snake","Golden Idol","Bag of Marbles","Vajra","Frozen Egg 2","Bag of Preparation","Tiny House","Kunai"],"potions_floor_usage":[10,14,16,16,16,24,24,25,25],"damage_taken":[{"damage":0,"enemies":"Small Slimes","floor":1,"turns":5},{"damage":7,"enemies":"2 Louse","floor":4,"turns":3},{"damage":36,"enemies":"3 Sentries","floor":6,"turns":9},{"damage":0,"enemies":"Cultist","floor":8,"turns":3},{"damage":20,"enemies":"Lagavulin","floor":10,"turns":7},{"damage":0,"enemies":"Blue Slaver","floor":11,"turns":2},{"damage":4,"enemies":"Looter","floor":13,"turns":3},{"damage":0,"enemies":"3 Sentries","floor":14,"turns":6},{"damage":8,"enemies":"Slime Boss","floor":16,"turns":9},{"damage":12,"enemies":"2 Thieves","floor":18,"turns":4},{"damage":6,"enemies":"3 Byrds","floor":20,"turns":6},{"damage":24,"enemies":"Snake Plant","floor":22,"turns":6},{"damage":9,"enemies":"Snecko","floor":24,"turns":5},{"damage":37,"enemies":"Book of Stabbing","floor":25,"turns":6}],"seed_played":"3478372833082666346","potions_obtained":[{"floor":8,"key":"FearPotion"},{"floor":11,"key":"Energy Potion"},{"floor":13,"key":"AttackPotion"},{"floor":14,"key":"EntropicBrew"},{"floor":17,"key":"EntropicBrew"}],"is_trial":false,"path_per_floor":["M","$","?","M","?","E","R","M","T","E","M","R","M","E","R","B",null,"M","?","M","$","M","R","M","E"],"character_chosen":"THE_SILENT","items_purchased":["Noxious Fumes","Noxious Fumes+1"],"campfire_rested":3,"item_purchase_floors":[2,21],"current_hp_per_floor":[63,63,63,56,61,25,25,25,25,5,5,26,22,22,43,35,66,54,54,48,48,24,46,37,0],"gold":331,"neow_bonus":"HUNDRED_GOLD","is_prod":false,"is_daily":false,"chose_seed":false,"campfire_upgraded":1,"win_rate":0,"timestamp":1554366217,"path_taken":["M","$","?","M","?","E","R","M","T","E","M","R","M","E","R","BOSS","M","?","M","$","M","R","M","E"],"build_version":"2019-01-23","purchased_purges":2,"victory":false,"max_hp_per_floor":[70,70,65,65,70,70,70,70,70,70,70,70,70,70,70,70,75,75,75,75,75,75,75,75,75],"card_choices":[{"not_picked":["Slice","Underhanded Strike"],"picked":"Dagger Spray","floor":1},{"not_picked":["Choke","Underhanded Strike"],"picked":"Acrobatics","floor":4},{"not_picked":["Blur","Underhanded Strike"],"picked":"Dash","floor":6},{"not_picked":["Cloak And Dagger","Envenom"],"picked":"Bane","floor":8},{"not_picked":["Blade Dance","Dagger Spray"],"picked":"PiercingWail","floor":10},{"not_picked":["PiercingWail","Poisoned Stab","Sucker Punch"],"picked":"SKIP","floor":11},{"not_picked":["Accuracy+1","Catalyst","Quick Slash"],"picked":"SKIP","floor":13},{"not_picked":["Backstab","PiercingWail"],"picked":"Deadly Poison","floor":14},{"not_picked":["Glass Knife","A Thousand Cuts+1"],"picked":"Malaise","floor":16},{"not_picked":["Dash","Dagger Spray+1"],"picked":"Backflip","floor":18},{"not_picked":["Skewer","Poisoned Stab"],"picked":"Crippling Poison","floor":20},{"not_picked":["Acrobatics+1","Eviscerate+1","Skewer"],"picked":"SKIP","floor":22},{"not_picked":["Acrobatics+1","Eviscerate+1","Skewer"],"picked":"SKIP","floor":22},{"not_picked":["Concentrate","Slice","Outmaneuver"],"picked":"SKIP","floor":24}],"player_experience":429467,"relics_obtained":[{"floor":6,"key":"Bag of Marbles"},{"floor":9,"key":"Vajra"},{"floor":10,"key":"Frozen Egg 2"},{"floor":14,"key":"Bag of Preparation"}],"event_choices":[{"damage_healed":0,"gold_gain":0,"player_choice":"Lose Max HP","damage_taken":0,"relics_obtained":["Golden Idol"],"max_hp_gain":0,"max_hp_loss":5,"event_name":"Golden Idol","floor":3,"gold_loss":0},{"damage_healed":0,"gold_gain":0,"player_choice":"Donut","damage_taken":0,"max_hp_gain":5,"max_hp_loss":0,"event_name":"Big Fish","floor":5,"gold_loss":0},{"damage_healed":0,"gold_gain":0,"player_choice":"Opened","damage_taken":0,"relics_obtained":["Kunai"],"max_hp_gain":0,"max_hp_loss":0,"event_name":"The Mausoleum","floor":19,"gold_loss":0,"cards_obtained":["Writhe"]}],"is_beta":false,"boss_relics":[{"not_picked":["White Beast Statue","HoveringKite"],"picked":"Tiny House"}],"items_purged_floors":[2,21],"is_endless":false,"potions_floor_spawned":[8,11,13,14,22,24],"killed_by":"Book of Stabbing","ascension_level":11}