{"gold_per_floor":[115,115,115,9,19,19,34,34,115,130,130,147,166,184,184,261,261,272,272,272],"floor_reached":20,"playtime":665,"items_purged":[],"score":332,"play_id":"b1c77d3c-cf2c-4116-bc3c-c98547f79f06","local_time":"20190226103104","is_ascension_mode":true,"campfire_choices":[{"data":"Streamline","floor":6,"key":"SMITH"},{"floor":11,"key":"REST"},{"data":"Madness","floor":15,"key":"SMITH"}],"neow_cost":"NONE","seed_source_timestamp":2940380788112254,"circlet_count":0,"master_deck":["AscendersBane","Strike_B","Strike_B","Strike_B","Defend_B","Defend_B","Defend_B","Defend_B","Zap+1","Dualcast","Buffer","Streamline+1","Madness+1","Core Surge","Cold Snap","Steam","Leap","Capacitor","Undo","Ghostly","Ghostly","Ghostly"],"relics":["Cracked Core","Centennial Puzzle","Sundial","Inserter"],"potions_floor_usage":[16,20],"damage_taken":[{"damage":3,"enemies":"2 Louse","floor":1,"turns":2},{"damage":2,"enemies":"Jaw Worm","floor":5,"turns":4},{"damage":9,"enemies":"Small Slimes","floor":7,"turns":3},{"damage":0,"enemies":"Exordium Wildlife","floor":10,"turns":4},{"damage":11,"enemies":"2 Fungi Beasts","floor":12,"turns":3},{"damage":4,"enemies":"Looter","floor":13,"turns":3},{"damage":7,"enemies":"Red Slaver","floor":14,"turns":2},{"damage":7,"enemies":"The Guardian","floor":16,"turns":13},{"damage":31,"enemies":"Shell Parasite","floor":18,"turns":8},{"damage":36,"enemies":"Masked Bandits","floor":20,"turns":3}],"seed_played":"7754009691162374826","potions_obtained":[{"floor":5,"key":"LiquidBronze"},{"floor":7,"key":"Swift Potion"},{"floor":12,"key":"Poison Potion"}],"is_trial":false,"path_per_floor":["M","?","?","$","M","R","M","?","T","M","R","M","M","M","R","B",null,"M","?","?"],"character_chosen":"DEFECT","items_purchased":["Madness"],"campfire_rested":1,"item_purchase_floors":[4],"current_hp_per_floor":[61,54,43,43,41,41,32,32,32,32,53,42,38,31,31,24,59,28,28,0],"gold":272,"neow_bonus":"ONE_RANDOM_RARE_CARD","is_prod":false,"is_daily":false,"chose_seed":false,"campfire_upgraded":2,"win_rate":0,"timestamp":1551144664,"path_taken":["M","?","?","$","M","R","M","?","T","M","R","M","M","M","R","BOSS","M","?","?"],"build_version":"2019-01-23","purchased_purges":0,"victory":false,"max_hp_per_floor":[71,71,71,71,71,71,71,71,71,71,71,71,71,71,71,71,71,71,35,35],"card_choices":[{"not_picked":["Rebound","Conserve Battery"],"picked":"Streamline","floor":1},{"not_picked":["Fusion","Redo","Cold Snap"],"picked":"SKIP","floor":5},{"not_picked":["Rebound","BootSequence"],"picked":"Core Surge","floor":7},{"not_picked":["Ball Lightning","Turbo"],"picked":"Cold Snap","floor":10},{"not_picked":["Ball Lightning","Sweeping Beam"],"picked":"Steam","floor":12},{"not_picked":["Hologram","Capacitor"],"picked":"Leap","floor":13},{"not_picked":["Hologram","Cold Snap"],"picked":"Capacitor","floor":14},{"not_picked":["Sunder","Storm"],"picked":"Undo","floor":18}],"player_experience":588753,"relics_obtained":[{"floor":9,"key":"Sundial"}],"event_choices":[{"cards_removed":["Strike_B"],"damage_healed":0,"gold_gain":0,"player_choice":"Card Removal","damage_taken":7,"max_hp_gain":0,"max_hp_loss":0,"event_name":"Golden Wing","floor":2,"gold_loss":0},{"damage_healed":0,"gold_gain":0,"player_choice":"Success","damage_taken":11,"relics_obtained":["Centennial Puzzle"],"max_hp_gain":0,"max_hp_loss":0,"event_name":"Scrap Ooze","floor":3,"gold_loss":0},{"damage_healed":0,"gold_gain":0,"player_choice":"Grow","damage_taken":0,"max_hp_gain":0,"max_hp_loss":0,"event_name":"Living Wall","floor":8,"gold_loss":0,"cards_upgraded":["Zap"]},{"damage_healed":0,"gold_gain":0,"player_choice":"Became a Ghost","damage_taken":0,"max_hp_gain":0,"max_hp_loss":36,"event_name":"Ghosts","floor":19,"gold_loss":0,"cards_obtained":["Ghostly","Ghostly","Ghostly"]},{"damage_healed":0,"gold_gain":0,"player_choice":"Fought Bandits","damage_taken":0,"max_hp_gain":0,"max_hp_loss":0,"event_name":"Masked Bandits","floor":20,"gold_loss":0}],"is_beta":false,"boss_relics":[{"not_picked":["Ectoplasm","Astrolabe"],"picked":"Inserter"}],"items_purged_floors":[],"is_endless":false,"potions_floor_spawned":[5,7,12,14],"killed_by":"Masked Bandits","ascension_level":20}