{"gold_per_floor":[109,16,28,47,63,98,98,126,126,159,159,190,8,21,21,100,100,118,128,43,43,43,43,43,43,43,93,93,111,29,44,44,44],"floor_reached":33,"playtime":1082,"items_purged":[],"score":478,"play_id":"3e2ac266-c521-408c-be56-b327670d65a5","local_time":"20190326192616","is_ascension_mode":true,"campfire_choices":[{"floor":7,"key":"REST"},{"floor":11,"key":"REST"},{"floor":15,"key":"REST"},{"floor":23,"key":"REST"},{"floor":25,"key":"REST"},{"floor":32,"key":"REST"}],"neow_cost":"NONE","seed_source_timestamp":324045525861760,"circlet_count":0,"master_deck":["AscendersBane","Strike_B","Strike_B","Strike_B","Strike_B","Defend_B","Defend_B","Defend_B","Defend_B","Zap","Dualcast","Gash","Beam Cell","Gash","FTL","Conserve Battery","Gash","Ball Lightning","Steam Power","Glacier","Rebound","Master of Strategy","Creative AI","Go for the Eyes+1","Seek"],"relics":["Cracked Core","Dead Branch","Bottled Lightning","Sundial","Cables","Pear","Sozu","Bag of Marbles","MutagenicStrength","Bottled Flame","Bottled Tornado"],"potions_floor_usage":[6,12,12],"damage_taken":[{"damage":1,"enemies":"Cultist","floor":1,"turns":3},{"damage":7,"enemies":"Jaw Worm","floor":3,"turns":2},{"damage":0,"enemies":"2 Louse","floor":4,"turns":3},{"damage":9,"enemies":"2 Fungi Beasts","floor":5,"turns":3},{"damage":28,"enemies":"3 Sentries","floor":6,"turns":6},{"damage":8,"enemies":"Gremlin Nob","floor":8,"turns":3},{"damage":23,"enemies":"Lagavulin","floor":10,"turns":5},{"damage":9,"enemies":"Gremlin Nob","floor":12,"turns":4},{"damage":8,"enemies":"Blue Slaver","floor":14,"turns":2},{"damage":25,"enemies":"Hexaghost","floor":16,"turns":8},{"damage":24,"enemies":"3 Byrds","floor":18,"turns":4},{"damage":13,"enemies":"2 Thieves","floor":19,"turns":3},{"damage":36,"enemies":"Colosseum Slavers","floor":21,"turns":5},{"damage":9,"enemies":"Cultist and Chosen","floor":29,"turns":6},{"damage":13,"enemies":"Snecko","floor":31,"turns":4},{"damage":59,"enemies":"Collector","floor":33,"turns":7}],"seed_played":"-5762573831542050830","potions_obtained":[{"floor":1,"key":"Dexterity Potion"},{"floor":3,"key":"SpeedPotion"},{"floor":10,"key":"FearPotion"},{"floor":12,"key":"FairyPotion"}],"is_trial":false,"path_per_floor":["M","$","M","M","M","E","R","E","T","E","R","E","$","M","R","B",null,"M","M","?","?","?","R","$","R","T","?","T","M","$","M","R","B"],"character_chosen":"DEFECT","items_purchased":["Gash","FTL","Master of Strategy","Seek"],"campfire_rested":6,"item_purchase_floors":[2,2,13,30],"current_hp_per_floor":[63,63,56,56,47,19,40,32,32,9,30,31,31,23,47,22,66,42,29,29,6,6,30,30,54,54,54,54,45,45,32,56,0],"gold":44,"neow_bonus":"THREE_CARDS","is_prod":false,"is_daily":false,"chose_seed":false,"campfire_upgraded":0,"win_rate":0,"timestamp":1553646376,"path_taken":["M","?","M","M","M","E","R","E","T","E","R","E","$","M","R","BOSS","M","M","?","?","?","R","?","R","T","?","?","M","$","M","R","BOSS"],"build_version":"2019-01-23","purchased_purges":0,"victory":false,"max_hp_per_floor":[71,71,71,71,71,71,71,71,71,71,71,81,81,81,81,81,81,81,81,81,81,81,81,81,81,81,81,81,81,81,81,81,81],"card_choices":[{"not_picked":["Steam","Cold Snap"],"picked":"Gash","floor":0},{"not_picked":["Darkness","Compile Driver"],"picked":"Beam Cell","floor":1},{"not_picked":["Coolheaded","Steam"],"picked":"Conserve Battery","floor":3},{"not_picked":["Sweeping Beam","Beam Cell"],"picked":"Gash","floor":4},{"not_picked":["Conserve Battery","Heatsinks"],"picked":"Ball Lightning","floor":5},{"not_picked":["Self Repair","Redo"],"picked":"Steam Power","floor":6},{"not_picked":["Force Field","Hyperbeam","Lockon"],"picked":"SKIP","floor":8},{"not_picked":["Steam","Doom and Gloom"],"picked":"Glacier","floor":10},{"not_picked":["Redo","Steam"],"picked":"Rebound","floor":12},{"not_picked":["Cold Snap","Steam","Barrage"],"picked":"SKIP","floor":14},{"not_picked":["Hyperbeam","Amplify"],"picked":"Creative AI","floor":16},{"not_picked":["Sweeping Beam","Turbo"],"picked":"Go for the Eyes+1","floor":18},{"not_picked":["Steam Power","Hello World","Stack"],"picked":"SKIP","floor":19},{"not_picked":["Melter","Redo","Stack"],"picked":"SKIP","floor":29},{"not_picked":["Turbo","Go for the Eyes","Ball Lightning+1"],"picked":"SKIP","floor":31}],"player_experience":1157673,"relics_obtained":[{"floor":6,"key":"Dead Branch"},{"floor":8,"key":"Bottled Lightning"},{"floor":9,"key":"Sundial"},{"floor":10,"key":"Cables"},{"floor":12,"key":"Pear"},{"floor":26,"key":"Bottled Flame"},{"floor":28,"key":"Bottled Tornado"}],"event_choices":[{"damage_healed":0,"gold_gain":0,"player_choice":"Obtained Relic","damage_taken":0,"relics_obtained":["Bag of Marbles"],"max_hp_gain":0,"max_hp_loss":0,"event_name":"Addict","floor":20,"gold_loss":85},{"damage_healed":0,"gold_gain":0,"player_choice":"Fight","damage_taken":0,"max_hp_gain":0,"max_hp_loss":0,"event_name":"Colosseum","floor":21,"gold_loss":0},{"damage_healed":0,"gold_gain":0,"player_choice":"Fled From Nobs","damage_taken":0,"max_hp_gain":0,"max_hp_loss":0,"event_name":"Colosseum","floor":21,"gold_loss":0},{"damage_healed":0,"gold_gain":0,"player_choice":"Inject Mutagens","damage_taken":0,"relics_obtained":["MutagenicStrength"],"max_hp_gain":0,"max_hp_loss":0,"event_name":"Drug Dealer","floor":22,"gold_loss":0},{"damage_healed":0,"gold_gain":50,"player_choice":"Stole From Cult","damage_taken":0,"max_hp_gain":0,"max_hp_loss":0,"event_name":"Nest","floor":27,"gold_loss":0}],"is_beta":false,"boss_relics":[{"not_picked":["FrozenCore","Eternal Feather"],"picked":"Sozu"}],"items_purged_floors":[],"is_endless":false,"potions_floor_spawned":[1,3,10,12,19,21,29],"killed_by":"Collector","ascension_level":15}