{"gold_per_floor":[115,190,190,190,210,245,245,265,265,276,291,90,190,204,204,204],"floor_reached":16,"playtime":469,"items_purged":["Strike_B"],"score":178,"play_id":"f4077d99-55cc-4139-a8f4-1ec440a159ce","local_time":"20190404100235","is_ascension_mode":true,"campfire_choices":[{"floor":7,"key":"REST"},{"floor":15,"key":"REST"}],"neow_cost":"NONE","seed_source_timestamp":904905369528267,"circlet_count":0,"master_deck":["Strike_B","Strike_B","Strike_B","Defend_B","Defend_B","Defend_B","Defend_B","Zap","Dualcast","Streamline","Loop","Ball Lightning","White Noise","Coolheaded","Electrodynamics","Cold Snap","Storm"],"relics":["Cracked Core","NeowsBlessing","Gambling Chip","Du-Vu Doll","Ice Cream"],"potions_floor_usage":[16,16],"damage_taken":[{"damage":0,"enemies":"Small Slimes","floor":1,"turns":1},{"damage":0,"enemies":"2 Louse","floor":5,"turns":1},{"damage":0,"enemies":"Gremlin Nob","floor":6,"turns":1},{"damage":6,"enemies":"Cultist","floor":8,"turns":3},{"damage":11,"enemies":"Blue Slaver","floor":10,"turns":4},{"damage":17,"enemies":"Lots of Slimes","floor":11,"turns":2},{"damage":8,"enemies":"Looter","floor":14,"turns":3},{"damage":27,"enemies":"The Guardian","floor":16,"turns":12}],"seed_played":"-3653890292207286205","potions_obtained":[{"floor":5,"key":"Poison Potion"},{"floor":14,"key":"EssenceOfSteel"}],"is_trial":false,"path_per_floor":["M","?","?","?","M","E","R","M","T","M","M","$","?","M","R","B"],"character_chosen":"DEFECT","items_purchased":["Electrodynamics","Cold Snap"],"campfire_rested":2,"item_purchase_floors":[12,12],"current_hp_per_floor":[68,57,24,24,24,24,46,40,40,29,12,12,12,4,26,0],"gold":204,"neow_bonus":"THREE_ENEMY_KILL","is_prod":false,"is_daily":false,"chose_seed":false,"campfire_upgraded":0,"win_rate":0,"timestamp":1554364955,"path_taken":["M","?","?","?","?","E","R","M","T","M","M","$","?","?","R","BOSS"],"build_version":"2019-01-23","purchased_purges":1,"victory":false,"max_hp_per_floor":[75,75,75,75,75,75,75,75,75,75,75,75,75,75,75,75],"card_choices":[{"not_picked":["Barrage","Stack","Compile Driver"],"picked":"SKIP","floor":1},{"not_picked":["Beam Cell","Turbo"],"picked":"Streamline","floor":5},{"not_picked":["Creative AI","Chill"],"picked":"Loop","floor":6},{"not_picked":["Consume","Steam Power"],"picked":"Ball Lightning","floor":8},{"not_picked":["Sweeping Beam","Redo"],"picked":"White Noise","floor":10},{"not_picked":["Gash","Stack"],"picked":"Coolheaded","floor":11},{"not_picked":["Steam","Gash"],"picked":"Storm","floor":14}],"player_experience":428998,"relics_obtained":[{"floor":6,"key":"Du-Vu Doll"},{"floor":9,"key":"Ice Cream"}],"event_choices":[{"damage_healed":0,"gold_gain":75,"player_choice":"Gather Gold","damage_taken":11,"max_hp_gain":0,"max_hp_loss":0,"event_name":"World of Goop","floor":2,"gold_loss":0},{"damage_healed":0,"gold_gain":0,"player_choice":"Success","damage_taken":33,"relics_obtained":["Gambling Chip"],"max_hp_gain":0,"max_hp_loss":0,"event_name":"Scrap Ooze","floor":3,"gold_loss":0},{"damage_healed":0,"gold_gain":0,"player_choice":"Leave","damage_taken":0,"max_hp_gain":0,"max_hp_loss":0,"event_name":"FaceTrader","floor":4,"gold_loss":0},{"damage_healed":0,"gold_gain":100,"player_choice":"Pray","damage_taken":0,"max_hp_gain":0,"max_hp_loss":0,"event_name":"Golden Shrine","floor":13,"gold_loss":0}],"is_beta":false,"boss_relics":[],"items_purged_floors":[12],"is_endless":false,"potions_floor_spawned":[5,14],"killed_by":"The Guardian","ascension_level":8}