{"gold_per_floor":[118,118,136,163,9,35,35,70,123,123,137,7,21,21,21,120,120,79,79,97,97,47,47],"floor_reached":23,"playtime":1288,"items_purged":["Defend_B","Strike_B","Defend_B"],"score":374,"play_id":"1c520363-2d6b-41ab-bb16-6b745d942490","local_time":"20190422060941","is_ascension_mode":true,"campfire_choices":[{"floor":7,"key":"REST"},{"data":"Zap","floor":10,"key":"SMITH"},{"data":"Buffer","floor":15,"key":"SMITH"}],"neow_cost":"NONE","seed_source_timestamp":84164108955735,"circlet_count":0,"master_deck":["AscendersBane","Strike_B","Strike_B","Strike_B","Defend_B+1","Defend_B+1","Zap+1","Dualcast","All For One","Cold Snap","Coolheaded+1","Steam+1","Hologram+1","Doom and Gloom","Buffer+1","Capacitor","BootSequence+1","Electrodynamics","Streamline"],"relics":["Cracked Core","Toxic Egg 2","Smiling Mask","Ancient Tea Set","War Paint","Tiny Chest","Golden Idol","Snecko Eye"],"potions_floor_usage":[6,16,18,23,23],"damage_taken":[{"damage":2,"enemies":"Jaw Worm","floor":1,"turns":5},{"damage":0,"enemies":"Cultist","floor":3,"turns":3},{"damage":28,"enemies":"Gremlin Nob","floor":6,"turns":4},{"damage":11,"enemies":"3 Sentries","floor":8,"turns":7},{"damage":0,"enemies":"Small Slimes","floor":11,"turns":2},{"damage":0,"enemies":"3 Louse","floor":13,"turns":2},{"damage":11,"enemies":"Hexaghost","floor":16,"turns":11},{"damage":1,"enemies":"2 Thieves","floor":18,"turns":5},{"damage":0,"enemies":"Spheric Guardian","floor":20,"turns":5},{"damage":59,"enemies":"Book of Stabbing","floor":23,"turns":7}],"seed_played":"-8544832531364588731","potions_obtained":[{"floor":3,"key":"Poison Potion"},{"floor":6,"key":"Fire Potion"},{"floor":13,"key":"AttackPotion"},{"floor":16,"key":"Weak Potion"},{"floor":18,"key":"SpeedPotion"}],"is_trial":false,"path_per_floor":["M","?","M","T","$","E","R","E","T","R","M","$","M","?","R","B",null,"M","?","M","?","$","E"],"character_chosen":"DEFECT","items_purchased":["Steam+1","Hologram+1","BootSequence+1"],"campfire_rested":1,"item_purchase_floors":[5,5,12],"current_hp_per_floor":[62,51,51,51,51,23,44,33,33,33,33,33,33,33,33,22,54,53,53,53,53,53,0],"gold":47,"neow_bonus":"ONE_RANDOM_RARE_CARD","is_prod":false,"is_daily":false,"chose_seed":false,"campfire_upgraded":2,"win_rate":0,"timestamp":1555906181,"path_taken":["M","?","M","?","?","E","R","E","T","R","M","$","?","?","R","BOSS","M","?","M","?","$","E"],"build_version":"2019-01-23","purchased_purges":3,"victory":false,"max_hp_per_floor":[71,71,71,71,71,71,71,71,71,71,71,71,71,64,64,64,64,64,64,64,64,64,64],"card_choices":[{"not_picked":["Barrage","Turbo"],"picked":"Cold Snap","floor":1},{"not_picked":["BootSequence+1","Redo+1"],"picked":"Coolheaded+1","floor":3},{"not_picked":["Storm","Darkness+1"],"picked":"Doom and Gloom","floor":6},{"not_picked":["Multi-Cast+1","Rebound"],"picked":"Buffer","floor":8},{"not_picked":["Cold Snap","Loop"],"picked":"Capacitor","floor":11},{"not_picked":["Beam Cell","Coolheaded+1"],"picked":"Steam+1","floor":13},{"not_picked":["Biased Cognition","Fission+1"],"picked":"Electrodynamics","floor":16},{"not_picked":["Compile Driver","Scrape","Beam Cell"],"picked":"SKIP","floor":18},{"not_picked":["Reprogram+1","Stack+1"],"picked":"Streamline","floor":20}],"player_experience":691764,"relics_obtained":[{"floor":4,"key":"Smiling Mask"},{"floor":6,"key":"Ancient Tea Set"},{"floor":8,"key":"War Paint"},{"floor":9,"key":"Tiny Chest"}],"event_choices":[{"damage_healed":0,"gold_gain":0,"player_choice":"Success","damage_taken":11,"relics_obtained":["Toxic Egg 2"],"max_hp_gain":0,"max_hp_loss":0,"event_name":"Scrap Ooze","floor":2,"gold_loss":0},{"damage_healed":0,"gold_gain":0,"player_choice":"Lose Max HP","damage_taken":0,"relics_obtained":["Golden Idol"],"max_hp_gain":0,"max_hp_loss":7,"event_name":"Golden Idol","floor":14,"gold_loss":0},{"damage_healed":0,"gold_gain":0,"player_choice":"Ignored","damage_taken":0,"max_hp_gain":0,"max_hp_loss":0,"event_name":"Ghosts","floor":19,"gold_loss":0},{"cards_removed":["Steam"],"damage_healed":0,"gold_gain":0,"player_choice":"Elegance","damage_taken":0,"max_hp_gain":0,"max_hp_loss":0,"event_name":"Back to Basics","floor":21,"gold_loss":0}],"is_beta":false,"boss_relics":[{"not_picked":["Busted Crown","FrozenCore"],"picked":"Snecko Eye"}],"items_purged_floors":[5,12,22],"is_endless":false,"potions_floor_spawned":[3,6,13,16,18],"killed_by":"Book of Stabbing","ascension_level":18}