{"gold_per_floor":[118,118,118,29,44,44,69,69,69,95,108,140,140,153,153,153],"floor_reached":16,"playtime":528,"items_purged":[],"score":286,"play_id":"d4f14c43-62b7-448c-a215-46fc2fb8c319","local_time":"20190318115943","is_ascension_mode":true,"campfire_choices":[{"data":"Bash","floor":6,"key":"SMITH"},{"data":"Anger","floor":8,"key":"SMITH"},{"data":"Carnage","floor":15,"key":"SMITH"}],"neow_cost":"NONE","seed_source_timestamp":976163574603876,"circlet_count":0,"master_deck":["AscendersBane","Strike_R","Strike_R","Strike_R","Strike_R","Defend_R","Defend_R","Defend_R","Defend_R","Bash+1","Anger+1","Armaments+1","Shrug It Off+1","Inflame+1","Pommel Strike","Carnage+1"],"relics":["Burning Blood","NeowsBlessing","Toxic Egg 2","Meat on the Bone","Frozen Egg 2","Sundial","Pen Nib"],"potions_floor_usage":[16],"damage_taken":[{"damage":0,"enemies":"Small Slimes","floor":1,"turns":1},{"damage":0,"enemies":"2 Louse","floor":5,"turns":1},{"damage":0,"enemies":"3 Sentries","floor":7,"turns":2},{"damage":50,"enemies":"Gremlin Nob","floor":10,"turns":6},{"damage":1,"enemies":"Cultist","floor":11,"turns":4},{"damage":40,"enemies":"3 Sentries","floor":12,"turns":10},{"damage":9,"enemies":"Exordium Wildlife","floor":14,"turns":4},{"damage":43,"enemies":"Slime Boss","floor":16,"turns":6}],"seed_played":"571774218331033575","potions_obtained":[{"floor":11,"key":"SpeedPotion"},{"floor":12,"key":"Swift Potion"}],"is_trial":false,"path_per_floor":["M","?","?","?","M","R","E","R","T","E","M","E","?","M","R","B"],"character_chosen":"IRONCLAD","items_purchased":[],"campfire_rested":0,"item_purchase_floors":[],"current_hp_per_floor":[74,74,79,79,80,80,80,80,80,48,53,31,31,40,40,0],"gold":153,"neow_bonus":"THREE_ENEMY_KILL","is_prod":false,"is_daily":false,"chose_seed":false,"campfire_upgraded":3,"win_rate":0,"timestamp":1552877983,"path_taken":["M","?","?","?","?","R","E","R","T","E","M","E","?","M","R","BOSS"],"build_version":"2019-01-23","purchased_purges":0,"victory":false,"max_hp_per_floor":[75,75,80,80,80,80,80,80,80,80,80,80,80,80,80,80],"card_choices":[{"not_picked":["Clash","Iron Wave"],"picked":"Anger","floor":1},{"not_picked":["Reckless Charge","Bloodletting+1"],"picked":"Armaments+1","floor":5},{"not_picked":["Sword Boomerang","Ghostly Armor+1"],"picked":"Shrug It Off+1","floor":7},{"not_picked":["Twin Strike","Sword Boomerang"],"picked":"Inflame+1","floor":10},{"not_picked":["Perfected Strike","Body Slam"],"picked":"Pommel Strike","floor":11},{"not_picked":["Pummel","Whirlwind"],"picked":"Carnage","floor":12},{"not_picked":["Bloodletting+1","Ghostly Armor+1","Dark Embrace+1"],"picked":"SKIP","floor":14}],"player_experience":733068,"relics_obtained":[{"floor":7,"key":"Meat on the Bone"},{"floor":9,"key":"Frozen Egg 2"},{"floor":10,"key":"Sundial"},{"floor":12,"key":"Pen Nib"}],"event_choices":[{"damage_healed":0,"gold_gain":0,"player_choice":"Ignored","damage_taken":0,"max_hp_gain":0,"max_hp_loss":0,"event_name":"Liars Game","floor":2,"gold_loss":0},{"damage_healed":0,"gold_gain":0,"player_choice":"Donut","damage_taken":0,"max_hp_gain":5,"max_hp_loss":0,"event_name":"Big Fish","floor":3,"gold_loss":0},{"damage_healed":0,"gold_gain":0,"player_choice":"Paid Gold","damage_taken":0,"relics_obtained":["Toxic Egg 2"],"max_hp_gain":0,"max_hp_loss":0,"event_name":"WeMeetAgain","floor":4,"gold_loss":89},{"cards_removed":["Strike_R"],"damage_healed":0,"gold_gain":0,"player_choice":"Purged","damage_taken":0,"max_hp_gain":0,"max_hp_loss":0,"event_name":"Purifier","floor":13,"gold_loss":0}],"is_beta":false,"boss_relics":[],"items_purged_floors":[],"is_endless":false,"potions_floor_spawned":[11,12,14],"killed_by":"Slime Boss","ascension_level":20}