{"gold_per_floor":[110,110,121,42,53,53,11,40,40,40,60,60,60],"floor_reached":13,"playtime":524,"items_purged":[],"score":162,"play_id":"675fb145-e307-4b71-9336-f3cdbd8dcb66","local_time":"20190408193139","is_ascension_mode":true,"campfire_choices":[{"data":"Defragment","floor":6,"key":"SMITH"},{"data":"Zap","floor":10,"key":"SMITH"},{"data":"Fusion","floor":12,"key":"SMITH"}],"neow_cost":"NONE","seed_source_timestamp":764071924426900,"circlet_count":0,"master_deck":["AscendersBane","Strike_B","Strike_B","Strike_B","Strike_B","Defend_B","Defend_B","Defend_B","Defend_B","Zap+1","Dualcast","Beam Cell","Conserve Battery","FTL","Defragment+1","Fusion+1","Steam Power"],"relics":["Cracked Core","NeowsBlessing","Matryoshka","Vajra","Bronze Scales","Kunai"],"potions_floor_usage":[13],"damage_taken":[{"damage":0,"enemies":"2 Louse","floor":1,"turns":2},{"damage":0,"enemies":"Jaw Worm","floor":3,"turns":1},{"damage":0,"enemies":"Cultist","floor":5,"turns":1},{"damage":28,"enemies":"3 Sentries","floor":8,"turns":8},{"damage":0,"enemies":"Large Slime","floor":11,"turns":4},{"damage":41,"enemies":"Gremlin Nob","floor":13,"turns":3}],"seed_played":"-2431183824234245046","potions_obtained":[{"floor":8,"key":"PowerPotion"},{"floor":11,"key":"GamblersBrew"}],"is_trial":false,"path_per_floor":["M","?","M","$","M","R","$","E","T","R","M","R","E"],"character_chosen":"DEFECT","items_purchased":["FTL","Fusion"],"campfire_rested":0,"item_purchase_floors":[4,7],"current_hp_per_floor":[64,59,59,59,59,59,59,31,31,31,31,31,0],"gold":60,"neow_bonus":"THREE_ENEMY_KILL","is_prod":false,"is_daily":false,"chose_seed":false,"campfire_upgraded":3,"win_rate":0,"timestamp":1554744699,"path_taken":["M","?","M","$","M","R","$","E","T","R","M","R","E"],"build_version":"2019-01-23","purchased_purges":0,"victory":false,"max_hp_per_floor":[71,71,71,71,71,71,71,71,71,71,71,71,71],"card_choices":[{"not_picked":["Compile Driver","Go for the Eyes"],"picked":"Beam Cell","floor":1},{"not_picked":["Rebound","Beam Cell"],"picked":"Conserve Battery","floor":3},{"not_picked":["Lockon","Hologram"],"picked":"Defragment","floor":5},{"not_picked":["Rebound","Tempest"],"picked":"Steam Power","floor":8},{"not_picked":["Static Discharge","Stack","Ball Lightning"],"picked":"SKIP","floor":11}],"player_experience":516894,"relics_obtained":[{"floor":8,"key":"Vajra"},{"floor":9,"key":"Bronze Scales"},{"floor":9,"key":"Kunai"}],"event_choices":[{"damage_healed":0,"gold_gain":0,"player_choice":"Success","damage_taken":5,"relics_obtained":["Matryoshka"],"max_hp_gain":0,"max_hp_loss":0,"event_name":"Scrap Ooze","floor":2,"gold_loss":0}],"is_beta":false,"boss_relics":[],"items_purged_floors":[],"is_endless":false,"potions_floor_spawned":[8,11],"killed_by":"Gremlin Nob","ascension_level":19}