{"gold_per_floor":[119,130,140,215,235,235,235,33,33,43,43,71,71,246,246,246],"floor_reached":16,"playtime":515,"items_purged":["Strike_G"],"score":155,"play_id":"953f930a-6728-41a6-b381-e01bd5ab8a71","local_time":"20190428210849","is_ascension_mode":true,"campfire_choices":[{"data":"Neutralize","floor":6,"key":"SMITH"},{"data":"Dagger Spray","floor":11,"key":"SMITH"},{"floor":13,"key":"REST"},{"data":"Noxious Fumes","floor":15,"key":"SMITH"}],"neow_cost":"NONE","seed_source_timestamp":177642604746138,"circlet_count":0,"master_deck":["AscendersBane","Defend_G","Defend_G","Defend_G","Defend_G","Defend_G","Strike_G","Strike_G","Strike_G","Survivor","Neutralize+1","PiercingWail","Finisher","Backflip","Endless Agony","Noxious Fumes+1","Dagger Spray+1","Deflect","Doubt"],"relics":["Ring of the Snake","Anchor","Matryoshka"],"potions_floor_usage":[12,12,16],"damage_taken":[{"damage":0,"enemies":"2 Louse","floor":1,"turns":3},{"damage":4,"enemies":"Jaw Worm","floor":2,"turns":6},{"damage":2,"enemies":"Small Slimes","floor":3,"turns":4},{"damage":8,"enemies":"3 Louse","floor":5,"turns":4},{"damage":1,"enemies":"Exordium Thugs","floor":10,"turns":4},{"damage":22,"enemies":"Lagavulin","floor":12,"turns":6},{"damage":41,"enemies":"Slime Boss","floor":16,"turns":7}],"seed_played":"-3236876603466389024","potions_obtained":[{"floor":1,"key":"GhostInAJar"},{"floor":2,"key":"Strength Potion"},{"floor":12,"key":"Swift Potion"}],"is_trial":false,"path_per_floor":["M","M","M","?","M","R","?","$","T","M","R","E","R","?","R","B"],"character_chosen":"THE_SILENT","items_purchased":["Noxious Fumes","Dagger Spray"],"campfire_rested":1,"item_purchase_floors":[8,8],"current_hp_per_floor":[70,66,64,53,45,45,45,45,45,44,44,22,45,45,45,4],"gold":246,"neow_bonus":"TEN_PERCENT_HP_BONUS","is_prod":false,"is_daily":false,"chose_seed":false,"campfire_upgraded":3,"win_rate":0,"timestamp":1556478529,"path_taken":["M","M","M","?","M","R","?","$","T","?","R","E","R","?","R","BOSS"],"build_version":"2019-01-23","purchased_purges":1,"victory":false,"max_hp_per_floor":[77,77,77,77,77,77,77,77,77,77,77,77,77,77,77,77],"card_choices":[{"not_picked":["Acrobatics","Riddle With Holes","Catalyst"],"picked":"SKIP","floor":1},{"not_picked":["Bane","Prepared"],"picked":"PiercingWail","floor":2},{"not_picked":["Flying Knee","Sucker Punch"],"picked":"Finisher","floor":3},{"not_picked":["Blade Dance","Poisoned Stab"],"picked":"Backflip","floor":5},{"not_picked":["All Out Attack","Poisoned Stab","Tactician"],"picked":"SKIP","floor":10},{"not_picked":["Flechettes","Backstab"],"picked":"Deflect","floor":12}],"player_experience":505301,"relics_obtained":[{"floor":9,"key":"Anchor"},{"floor":12,"key":"Matryoshka"}],"event_choices":[{"damage_healed":0,"gold_gain":75,"player_choice":"Gather Gold","damage_taken":11,"max_hp_gain":0,"max_hp_loss":0,"event_name":"World of Goop","floor":4,"gold_loss":0},{"damage_healed":0,"gold_gain":0,"cards_transformed":["Strike_G"],"player_choice":"Change","damage_taken":0,"max_hp_gain":0,"max_hp_loss":0,"event_name":"Living Wall","floor":7,"gold_loss":0,"cards_obtained":["Endless Agony"]},{"damage_healed":0,"gold_gain":175,"player_choice":"AGREE","damage_taken":0,"max_hp_gain":0,"max_hp_loss":0,"event_name":"Liars Game","floor":14,"gold_loss":0,"cards_obtained":["Doubt"]}],"is_beta":false,"boss_relics":[],"items_purged_floors":[8],"is_endless":false,"potions_floor_spawned":[1,2,12],"killed_by":"Slime Boss","ascension_level":11}