{"path_per_floor":["M","?","M","M","M","R","M","R","T","M","R","M","M","$","R"],"character_chosen":"THE_SILENT","items_purchased":["Panache"],"gold_per_floor":[119,119,131,149,163,163,180,180,180,200,200,220,239,64,64,64],"floor_reached":16,"campfire_rested":0,"playtime":1521,"item_purchase_floors":[14],"current_hp_per_floor":[65,70,70,65,57,57,54,54,54,48,48,45,40,40,40,0],"items_purged":[],"gold":64,"score":96,"play_id":"f5d74f04-ea64-49cc-a75a-5ec51ea90497","local_time":"20180530214411","is_prod":false,"is_daily":false,"chose_seed":false,"is_ascension_mode":false,"campfire_upgraded":4,"win_rate":0.0,"timestamp":1527734651,"campfire_choices":[{"data":"Crippling Poison","floor":6,"key":"SMITH"},{"data":"Footwork","floor":8,"key":"SMITH"},{"data":"Flechettes","floor":11,"key":"SMITH"},{"data":"Outmaneuver","floor":15,"key":"SMITH"}],"path_taken":["M","?","M","?","M","R","M","R","T","M","R","M","?","$","R","BOSS"],"build_version":"2018-05-24","seed_source_timestamp":683589440353382,"purchased_purges":0,"victory":false,"master_deck":["Defend_G","Defend_G","Defend_G","Defend_G","Defend_G","Strike_G","Strike_G","Strike_G","Strike_G","Strike_G","Survivor","Neutralize","Crippling Poison+1","Dagger Throw","Dodge and Roll","Footwork+1","Flechettes+1","Outmaneuver+1","Dodge and Roll","Panache"],"max_hp_per_floor":[70,75,75,75,75,75,75,75,75,75,75,75,75,75,75,75],"relics":["Ring of the Snake","Bottled Flame"],"card_choices":[{"not_picked":["Deadly Poison","Calculated Gamble"],"picked":"Crippling Poison","floor":1},{"not_picked":["Acrobatics","Well Laid Plans"],"picked":"Dagger Throw","floor":3},{"not_picked":["Deadly Poison","Deflect"],"picked":"Dodge and Roll","floor":4},{"not_picked":["Flechettes","Eviscerate"],"picked":"Footwork","floor":5},{"not_picked":["Leg Sweep","Deflect","PiercingWail"],"picked":"SKIP","floor":7},{"not_picked":["Flying Knee","Deflect"],"picked":"Flechettes","floor":10},{"not_picked":["Reflex","Noxious Fumes"],"picked":"Outmaneuver","floor":12},{"not_picked":["PiercingWail","Eviscerate"],"picked":"Dodge and Roll","floor":13}],"player_experience":71215,"potions_floor_usage":[5,16],"damage_taken":[{"damage":5,"enemies":"Small Slimes","floor":1,"turns":6},{"damage":0,"enemies":"2 Louse","floor":3,"turns":3},{"damage":5,"enemies":"Cultist","floor":4,"turns":4},{"damage":8,"enemies":"Lots of Slimes","floor":5,"turns":5},{"damage":3,"enemies":"2 Fungi Beasts","floor":7,"turns":4},{"damage":6,"enemies":"Gremlin Gang","floor":10,"turns":3},{"damage":3,"enemies":"3 Louse","floor":12,"turns":4},{"damage":5,"enemies":"Exordium Wildlife","floor":13,"turns":4},{"damage":45,"enemies":"Hexaghost","floor":16,"turns":14}],"relics_obtained":[{"floor":9,"key":"Bottled Flame"}],"event_choices":[{"event_name":"Big Fish","player_choice":"Donut","floor":2,"damage_taken":0}],"boss_relics":[],"items_purged_floors":[],"potions_floor_spawned":[1,4],"seed_played":"8195257190887221226","killed_by":"Hexaghost","ascension_level":0,"potions_obtained":[{"floor":1,"key":"Fire Potion"},{"floor":4,"key":"SpeedPotion"}],"is_trial":false}