{"gold_per_floor":[111,186,60,73,20,52,52,68,91,91,91,91],"floor_reached":12,"playtime":282,"items_purged":["Strike_B"],"score":131,"play_id":"a3d4d59f-5d4a-4bcb-9b70-3996ce26bdcd","local_time":"20190217142754","is_ascension_mode":true,"campfire_choices":[{"data":"Creative AI","floor":7,"key":"SMITH"},{"data":"Dualcast","floor":10,"key":"SMITH"}],"neow_cost":"NONE","seed_source_timestamp":343007238890442,"circlet_count":0,"master_deck":["Strike_B","Strike_B","Strike_B","Defend_B+1","Defend_B","Defend_B","Defend_B","Zap","Dualcast+1","Coolheaded+1","Streamline","Creative AI+1","Coolheaded"],"relics":["Cracked Core","NeowsBlessing","War Paint","Lantern"],"potions_floor_usage":[],"damage_taken":[{"damage":0,"enemies":"2 Louse","floor":1,"turns":1},{"damage":0,"enemies":"Cultist","floor":4,"turns":1},{"damage":0,"enemies":"Gremlin Nob","floor":6,"turns":1},{"damage":12,"enemies":"Small Slimes","floor":8,"turns":3},{"damage":23,"enemies":"Gremlin Gang","floor":12,"turns":3}],"seed_played":"-1418357659133560164","potions_obtained":[{"floor":6,"key":"GamblersBrew"}],"is_trial":false,"path_per_floor":["M","?","$","M","$","E","R","M","T","R","?","M"],"character_chosen":"DEFECT","items_purchased":["Streamline","Coolheaded"],"campfire_rested":0,"item_purchase_floors":[3,5],"current_hp_per_floor":[68,61,61,61,61,61,61,49,49,49,49,26],"gold":91,"neow_bonus":"THREE_ENEMY_KILL","is_prod":false,"is_daily":false,"chose_seed":false,"campfire_upgraded":2,"win_rate":0,"timestamp":1550410074,"path_taken":["M","?","$","M","$","E","R","?","T","R","?","?"],"build_version":"2019-01-23","purchased_purges":1,"victory":false,"max_hp_per_floor":[75,75,75,75,75,75,75,75,75,75,75,75],"card_choices":[{"not_picked":["Streamline","Sunder"],"picked":"Coolheaded","floor":1},{"not_picked":["Compile Driver","Rebound"],"picked":"Creative AI","floor":4},{"not_picked":["Heatsinks","Ball Lightning","Streamline"],"picked":"SKIP","floor":6},{"not_picked":["Double Energy","Sweeping Beam","Turbo"],"picked":"SKIP","floor":8}],"player_experience":327351,"relics_obtained":[{"floor":6,"key":"War Paint"},{"floor":9,"key":"Lantern"}],"event_choices":[{"damage_healed":0,"gold_gain":75,"player_choice":"Touch","damage_taken":7,"max_hp_gain":0,"max_hp_loss":0,"event_name":"FaceTrader","floor":2,"gold_loss":0},{"damage_healed":0,"gold_gain":0,"player_choice":"Bought 0 Potions","damage_taken":0,"max_hp_gain":0,"max_hp_loss":0,"event_name":"The Woman in Blue","floor":11,"gold_loss":0}],"is_beta":false,"boss_relics":[],"items_purged_floors":[3],"is_endless":false,"potions_floor_spawned":[6],"killed_by":"Gremlin Gang","ascension_level":6}