{"gold_per_floor":[109,122,122,141,155,186,136,116,116,66,93,93,93,110,110,210,210,220,91,110,125,137,169,169,200,225,225,238,238,238,250,250,250],"floor_reached":33,"playtime":1988,"items_purged":["Strike_R","Strike_R","Strike_R"],"score":416,"play_id":"28f5c9cc-b9af-4ac6-b7bd-1713f2928431","local_time":"20190425195822","is_ascension_mode":true,"campfire_choices":[{"floor":13,"key":"REST"},{"data":"Bludgeon","floor":15,"key":"SMITH"},{"data":"Flame Barrier","floor":24,"key":"SMITH"},{"data":"Evolve","floor":27,"key":"SMITH"},{"data":"Pommel Strike","floor":29,"key":"SMITH"},{"data":"Bash","floor":32,"key":"SMITH"}],"neow_cost":"NONE","seed_source_timestamp":426203526661864,"circlet_count":0,"master_deck":["Strike_R","Strike_R+1","Defend_R","Defend_R","Defend_R","Defend_R","Bash+1","Cleave+1","Blood for Blood","Warcry","Clothesline","Flame Barrier+1","Intimidate","Bludgeon+1","Brutality","Armaments+1","Rupture","Evolve+1","Rupture","Power Through+1","Pommel Strike+1","Hemokinesis"],"relics":["Burning Blood","Blood Vial","PreservedInsect","Snecko Eye","Meat on the Bone","Orichalcum","Nloth\u0027s Gift"],"potions_floor_usage":[6,14,22,25,33,33],"damage_taken":[{"damage":6,"enemies":"Cultist","floor":1,"turns":3},{"damage":19,"enemies":"Jaw Worm","floor":2,"turns":5},{"damage":1,"enemies":"Small Slimes","floor":4,"turns":3},{"damage":15,"enemies":"Exordium Wildlife","floor":5,"turns":4},{"damage":51,"enemies":"Lagavulin","floor":6,"turns":6},{"damage":2,"enemies":"Blue Slaver","floor":14,"turns":4},{"damage":38,"enemies":"The Guardian","floor":16,"turns":12},{"damage":6,"enemies":"3 Byrds","floor":18,"turns":3},{"damage":0,"enemies":"Spheric Guardian","floor":20,"turns":3},{"damage":13,"enemies":"Centurion and Healer","floor":21,"turns":4},{"damage":18,"enemies":"Snake Plant","floor":22,"turns":3},{"damage":21,"enemies":"Slavers","floor":23,"turns":6},{"damage":32,"enemies":"Book of Stabbing","floor":25,"turns":4},{"damage":7,"enemies":"Shelled Parasite and Fungi","floor":28,"turns":4},{"damage":0,"enemies":"Snecko","floor":31,"turns":3},{"damage":59,"enemies":"Automaton","floor":33,"turns":8}],"seed_played":"-4031531884838382992","potions_obtained":[{"floor":0,"key":"Regen Potion"},{"floor":0,"key":"EssenceOfSteel"},{"floor":0,"key":"SmokeBomb"},{"floor":2,"key":"FearPotion"},{"floor":4,"key":"Swift Potion"},{"floor":14,"key":"Fruit Juice"},{"floor":18,"key":"Poison Potion"},{"floor":21,"key":"Dexterity Potion"},{"floor":23,"key":"Poison Potion"},{"floor":31,"key":"GamblersBrew"}],"is_trial":false,"path_per_floor":["M","M","?","M","M","E","$","?","T","$","T","?","R","M","R","B",null,"M","$","M","M","M","E","R","E","T","R","M","R","?","M","R","B"],"character_chosen":"IRONCLAD","items_purchased":["Rupture"],"campfire_rested":1,"item_purchase_floors":[19],"current_hp_per_floor":[72,59,43,48,39,9,9,9,9,9,9,9,33,44,44,14,67,69,69,77,72,62,49,49,37,37,37,50,50,50,58,58,1],"gold":250,"neow_bonus":"THREE_SMALL_POTIONS","is_prod":false,"is_daily":false,"chose_seed":false,"campfire_upgraded":5,"win_rate":0,"timestamp":1556236702,"path_taken":["M","?","?","M","M","E","$","?","T","?","?","?","R","M","R","BOSS","M","$","?","?","?","E","R","E","T","R","M","R","?","M","R","BOSS"],"build_version":"2019-01-23","purchased_purges":3,"victory":false,"max_hp_per_floor":[80,80,80,80,80,80,80,80,80,80,80,80,80,85,85,85,85,85,85,85,85,85,85,85,85,85,85,85,85,85,85,85,85],"card_choices":[{"not_picked":["Rage","Havoc"],"picked":"Cleave","floor":1},{"not_picked":["Infernal Blade","Entrench"],"picked":"Blood for Blood","floor":2},{"not_picked":["Sentinel","Dual Wield"],"picked":"Warcry","floor":4},{"not_picked":["Cleave","Whirlwind"],"picked":"Clothesline","floor":5},{"not_picked":["Cleave","Power Through"],"picked":"Flame Barrier","floor":6},{"not_picked":["Heavy Blade","Clothesline"],"picked":"Bludgeon","floor":14},{"not_picked":["Exhume","Limit Break"],"picked":"Brutality","floor":16},{"not_picked":["Warcry","Whirlwind"],"picked":"Armaments+1","floor":18},{"not_picked":["Havoc","Perfected Strike"],"picked":"Evolve","floor":20},{"not_picked":["Pommel Strike","Infernal Blade"],"picked":"Rupture","floor":21},{"not_picked":["Headbutt+1","Warcry","Anger"],"picked":"SKIP","floor":22},{"not_picked":["Cleave","Heavy Blade","Warcry"],"picked":"SKIP","floor":23},{"not_picked":["Anger","Evolve"],"picked":"Power Through+1","floor":25},{"not_picked":["Fire Breathing","Perfected Strike"],"picked":"Pommel Strike","floor":28},{"not_picked":["Whirlwind+1","Seeing Red"],"picked":"Hemokinesis","floor":31}],"player_experience":208996,"relics_obtained":[{"floor":6,"key":"Smiling Mask"},{"floor":9,"key":"Blood Vial"},{"floor":11,"key":"PreservedInsect"},{"floor":23,"key":"Meat on the Bone"},{"floor":25,"key":"Orichalcum"}],"event_choices":[{"damage_healed":0,"gold_gain":0,"player_choice":"Entered Light","damage_taken":16,"max_hp_gain":0,"max_hp_loss":0,"event_name":"Shining Light","floor":3,"gold_loss":0,"cards_upgraded":["Cleave","Strike_R"]},{"damage_healed":0,"gold_gain":0,"player_choice":"Left Gold","damage_taken":0,"max_hp_gain":0,"max_hp_loss":0,"event_name":"World of Goop","floor":8,"gold_loss":20},{"damage_healed":0,"gold_gain":0,"player_choice":"1 cards matched","damage_taken":0,"max_hp_gain":0,"max_hp_loss":0,"event_name":"Match and Keep!","floor":12,"gold_loss":0,"cards_obtained":["Intimidate"]},{"damage_healed":0,"gold_gain":0,"player_choice":"Traded Relic","damage_taken":0,"relics_obtained":["Nloth\u0027s Gift"],"max_hp_gain":0,"max_hp_loss":0,"event_name":"N\u0027loth","floor":30,"relics_lost":["Smiling Mask"],"gold_loss":0}],"is_beta":false,"boss_relics":[{"not_picked":["Eternal Feather","Runic Dome"],"picked":"Snecko Eye"}],"items_purged_floors":[7,10,19],"is_endless":false,"potions_floor_spawned":[2,4,14,18,21,23,31],"killed_by":"Automaton","ascension_level":9}