{"gold_per_floor":[119,119,34,46,46,46,78,78,78,78,2,36,47,47,47,118,118,134,134,134,144,164,164,183,183,229,229,140,154,204,215,215,215],"floor_reached":33,"playtime":953,"items_purged":[],"score":528,"play_id":"a5c56396-1c5b-4035-97da-9c9bfb9be488","local_time":"20190319204810","is_ascension_mode":true,"campfire_choices":[{"data":"Static Discharge","floor":6.0,"key":"SMITH"},{"data":"Go for the Eyes","floor":8.0,"key":"SMITH"},{"data":"Zap","floor":10.0,"key":"SMITH"},{"floor":15.0,"key":"REST"},{"floor":23.0,"key":"REST"},{"floor":25.0,"key":"REST"},{"data":"Heatsinks","floor":32,"key":"SMITH"}],"neow_cost":"NONE","seed_source_timestamp":515763761268900,"circlet_count":0,"master_deck":["AscendersBane","Strike_B+1","Strike_B+1","Strike_B+1","Strike_B+1","Defend_B+1","Defend_B+1","Defend_B+1","Defend_B+1","Zap+1","Dualcast","Go for the Eyes+1","Static Discharge+1","Gash","Heatsinks","Creative AI","White Noise","Thunder Strike","Heatsinks+1","Ghostly","Ghostly","Ghostly","Cold Snap","Self Repair","Cold Snap"],"special_seed":0,"relics":["Cracked Core","NeowsBlessing","Mummified Hand","Singing Bowl","Cables","Boot","Busted Crown","Blood Vial"],"potions_floor_usage":[33,33],"damage_taken":[{"damage":0.0,"enemies":"Small Slimes","floor":1.0,"turns":1.0},{"damage":0.0,"enemies":"2 Louse","floor":4.0,"turns":1.0},{"damage":0.0,"enemies":"3 Sentries","floor":7.0,"turns":2.0},{"damage":36.0,"enemies":"Lagavulin","floor":12.0,"turns":5.0},{"damage":3.0,"enemies":"Cultist","floor":13.0,"turns":3.0},{"damage":34.0,"enemies":"Hexaghost","floor":16.0,"turns":7.0},{"damage":18.0,"enemies":"3 Byrds","floor":18.0,"turns":2.0},{"damage":17.0,"enemies":"Colosseum Slavers","floor":19.0,"turns":2.0},{"damage":5.0,"enemies":"Shell Parasite","floor":21.0,"turns":5.0},{"damage":18.0,"enemies":"Centurion and Healer","floor":22.0,"turns":5.0},{"damage":11.0,"enemies":"Sentry and Sphere","floor":24.0,"turns":5.0},{"damage":5,"enemies":"Shelled Parasite and Fungi","floor":29,"turns":10},{"damage":0,"enemies":"Centurion and Healer","floor":31,"turns":5},{"damage":36,"enemies":"Collector","floor":33,"turns":7}],"seed_played":"5527531804179645082","potions_obtained":[{"floor":1.0,"key":"Ancient Potion"},{"floor":18.0,"key":"Fire Potion"},{"floor":24.0,"key":"Poison Potion"}],"is_trial":false,"path_per_floor":["M","?","$","M","$","R","E","R","T","R","$","E","M","?","R","B",null,"M","?","?","M","M","R","M","R","T","?","$","M","?","M","R","B"],"character_chosen":"DEFECT","items_purchased":["Static Discharge","Heatsinks","Self Repair","Cold Snap"],"campfire_rested":3,"item_purchase_floors":[3,11,28,28],"current_hp_per_floor":[64,59,59,59,59,59,61,61,61,61,61,25,22,22,43,9,57,39,22,22,19,1,12,3,15,15,15,15,21,21,32,32,0],"gold":215,"neow_bonus":"THREE_ENEMY_KILL","is_prod":false,"is_daily":false,"chose_seed":false,"campfire_upgraded":4,"win_rate":0,"timestamp":1553024890,"path_taken":["M","?","$","M","$","R","E","R","T","R","$","E","M","?","R","BOSS","M","?","?","M","M","R","M","R","T","?","$","M","?","M","R","BOSS"],"build_version":"2019-01-23","purchased_purges":0,"victory":false,"max_hp_per_floor":[71,71,71,71,71,71,73,73,73,73,73,73,73,73,73,73,73,73,73,36,38,38,38,40,40,40,40,40,42,42,44,44,44],"card_choices":[{"not_picked":["Skim","Streamline"],"picked":"Go for the Eyes","floor":1.0},{"not_picked":["Stack","Recycle"],"picked":"Gash","floor":4.0},{"not_picked":["Go for the Eyes","Hologram","Beam Cell"],"picked":"Singing Bowl","floor":7.0},{"not_picked":["Coolheaded","Buffer"],"picked":"Creative AI","floor":12.0},{"not_picked":["Ball Lightning","Conserve Battery"],"picked":"White Noise","floor":13.0},{"not_picked":["Fission","Rainbow"],"picked":"Thunder Strike","floor":16.0},{"not_picked":[],"picked":"Heatsinks","floor":18.0},{"not_picked":["Barrage+1"],"picked":"Singing Bowl","floor":21.0},{"not_picked":[],"picked":"Cold Snap","floor":22.0},{"not_picked":["Darkness"],"picked":"Singing Bowl","floor":24.0},{"not_picked":["Go for the Eyes+1"],"picked":"Singing Bowl","floor":29},{"not_picked":["Cold Snap"],"picked":"Singing Bowl","floor":31}],"player_experience":488974,"relics_obtained":[{"floor":7.0,"key":"Singing Bowl"},{"floor":9.0,"key":"Cables"},{"floor":12.0,"key":"Boot"},{"floor":26.0,"key":"Blood Vial"}],"event_choices":[{"damage_healed":0.0,"max_hp_gain":0.0,"max_hp_loss":0.0,"gold_gain":0.0,"event_name":"Scrap Ooze","player_choice":"Success","floor":2.0,"gold_loss":0.0,"damage_taken":5.0,"relics_obtained":["Mummified Hand"]},{"damage_healed":0.0,"max_hp_gain":0.0,"max_hp_loss":0.0,"gold_gain":0.0,"event_name":"Dead Adventurer","player_choice":"Searched \u00270\u0027 times","floor":14.0,"gold_loss":0.0,"damage_taken":0.0},{"damage_healed":0.0,"max_hp_gain":0.0,"max_hp_loss":0.0,"gold_gain":0.0,"event_name":"Colosseum","player_choice":"Fight","floor":19.0,"gold_loss":0.0,"damage_taken":0.0},{"damage_healed":0.0,"max_hp_gain":0.0,"max_hp_loss":0.0,"gold_gain":0.0,"event_name":"Colosseum","player_choice":"Fled From Nobs","floor":19.0,"gold_loss":0.0,"damage_taken":0.0},{"damage_healed":0.0,"max_hp_gain":0.0,"max_hp_loss":37.0,"gold_gain":0.0,"event_name":"Ghosts","player_choice":"Became a Ghost","floor":20.0,"gold_loss":0.0,"damage_taken":0.0,"cards_obtained":["Ghostly","Ghostly","Ghostly"]},{"damage_healed":0.0,"max_hp_gain":0.0,"max_hp_loss":0.0,"gold_gain":0.0,"event_name":"Back to Basics","player_choice":"Simplicity","floor":27.0,"gold_loss":0.0,"damage_taken":0.0,"cards_upgraded":["Strike_B","Strike_B","Strike_B","Strike_B","Defend_B","Defend_B","Defend_B","Defend_B"]},{"damage_healed":0,"gold_gain":50,"player_choice":"Stole From Cult","damage_taken":0,"max_hp_gain":0,"max_hp_loss":0,"event_name":"Nest","floor":30,"gold_loss":0}],"is_beta":false,"boss_relics":[{"not_picked":["FrozenCore","Orrery"],"picked":"Busted Crown"}],"items_purged_floors":[],"is_endless":false,"potions_floor_spawned":[1,18,24,29,31],"killed_by":"Collector","ascension_level":18}