{"gold_per_floor":[118,118,118,118,134,134,146,71,94,120,120,151,171,33,33,128,128,147,147,101,118,136,155,155,186,213,64,64,18,33,33,33,33],"floor_reached":33,"playtime":1023,"items_purged":["Strike_B","Strike_B","Defend_B"],"score":273,"play_id":"e853deda-2e4b-4611-9b87-8a317de7ce71","local_time":"20190413231413","is_ascension_mode":false,"campfire_choices":[{"data":"Streamline","floor":6,"key":"SMITH"},{"data":"Tempest","floor":11,"key":"SMITH"},{"data":"Loop","floor":15,"key":"SMITH"},{"data":"Heatsinks","floor":24,"key":"SMITH"},{"data":"White Noise","floor":28,"key":"SMITH"},{"data":"Hologram","floor":32,"key":"SMITH"}],"neow_cost":"NONE","seed_source_timestamp":8681660869101,"circlet_count":0,"master_deck":["Strike_B","Strike_B","Defend_B","Defend_B","Defend_B","Zap+1","Dualcast","Streamline+1","Beam Cell","Heatsinks+1","Tempest+1","Beam Cell","Self Repair","Loop+1","Core Surge","Fusion+1","Turbo","Redo+1","Go for the Eyes","Cold Snap","White Noise+1","Hologram+1","Gash","Gash"],"relics":["Cracked Core","NeowsBlessing","Mummified Hand","Anchor","Lantern","Boot","Philosopher\u0027s Stone","Emotion Chip","Bag of Preparation","DataDisk"],"potions_floor_usage":[10,21,21,25,25,33],"damage_taken":[{"damage":0,"enemies":"Cultist","floor":1,"turns":1},{"damage":0,"enemies":"Small Slimes","floor":5,"turns":1},{"damage":0,"enemies":"2 Louse","floor":7,"turns":1},{"damage":13,"enemies":"3 Sentries","floor":10,"turns":5},{"damage":16,"enemies":"Gremlin Nob","floor":12,"turns":3},{"damage":0,"enemies":"Blue Slaver","floor":13,"turns":2},{"damage":38,"enemies":"The Guardian","floor":16,"turns":8},{"damage":10,"enemies":"Shell Parasite","floor":18,"turns":3},{"damage":6,"enemies":"2 Thieves","floor":21,"turns":3},{"damage":13,"enemies":"Cultist and Chosen","floor":22,"turns":5},{"damage":5,"enemies":"Centurion and Healer","floor":23,"turns":3},{"damage":10,"enemies":"Book of Stabbing","floor":25,"turns":3},{"damage":2,"enemies":"Snake Plant","floor":30,"turns":2},{"damage":60,"enemies":"Collector","floor":33,"turns":5}],"seed_played":"-6903103527730519856","potions_obtained":[{"floor":7,"key":"Strength Potion"},{"floor":10,"key":"Explosive Potion"},{"floor":12,"key":"Swift Potion"},{"floor":13,"key":"Poison Potion"},{"floor":21,"key":"PowerPotion"},{"floor":30,"key":"FocusPotion"}],"is_trial":false,"path_per_floor":["M","?","?","?","M","R","M","$","T","E","R","E","M","$","R","B",null,"M","?","$","M","M","M","R","E","T","$","R","$","M","?","R","B"],"character_chosen":"DEFECT","items_purchased":["Loop","Turbo","Hologram","Gash"],"campfire_rested":0,"item_purchase_floors":[14,20,27,29],"current_hp_per_floor":[75,75,68,68,68,68,68,68,68,55,55,39,39,39,39,8,75,65,65,65,66,60,62,62,59,59,59,59,59,57,57,57,0],"gold":33,"neow_bonus":"THREE_ENEMY_KILL","is_prod":false,"is_daily":false,"chose_seed":false,"campfire_upgraded":6,"win_rate":0,"timestamp":1555168453,"path_taken":["M","?","?","?","M","R","M","?","T","E","R","E","M","$","R","BOSS","M","?","$","?","M","M","R","E","T","$","R","$","M","?","R","BOSS"],"build_version":"2019-01-23","purchased_purges":3,"victory":false,"max_hp_per_floor":[75,75,75,75,75,75,75,75,75,75,75,75,75,75,75,75,75,75,75,75,75,75,75,75,75,75,75,75,75,75,75,75,75],"card_choices":[{"not_picked":["Conserve Battery","Genetic Algorithm"],"picked":"Streamline","floor":1},{"not_picked":["Sweeping Beam","Static Discharge"],"picked":"Beam Cell","floor":5},{"not_picked":["Sunder","Go for the Eyes"],"picked":"Heatsinks","floor":7},{"not_picked":["Coolheaded","Fusion"],"picked":"Tempest","floor":10},{"not_picked":["Turbo","Streamline"],"picked":"Beam Cell","floor":12},{"not_picked":["Steam","Leap"],"picked":"Self Repair","floor":13},{"not_picked":["Echo Form","Amplify"],"picked":"Core Surge","floor":16},{"not_picked":["Force Field+1","Blizzard+1"],"picked":"Fusion+1","floor":18},{"not_picked":["Streamline","Barrage"],"picked":"Redo+1","floor":21},{"not_picked":["Barrage","Lockon"],"picked":"Go for the Eyes","floor":22},{"not_picked":["Stack","Compile Driver+1"],"picked":"Cold Snap","floor":23},{"not_picked":["Force Field","Streamline"],"picked":"White Noise","floor":25},{"not_picked":["Cold Snap","Aggregate"],"picked":"Gash","floor":30}],"player_experience":434149,"relics_obtained":[{"floor":9,"key":"Anchor"},{"floor":10,"key":"Lantern"},{"floor":12,"key":"Boot"},{"floor":19,"key":"Emotion Chip"},{"floor":25,"key":"Bag of Preparation"},{"floor":26,"key":"DataDisk"}],"event_choices":[{"damage_healed":0,"gold_gain":0,"player_choice":"Box","damage_taken":0,"relics_obtained":["Mummified Hand"],"max_hp_gain":0,"max_hp_loss":0,"event_name":"Big Fish","floor":2,"gold_loss":0,"cards_obtained":["Regret"]},{"cards_removed":["Regret"],"damage_healed":0,"gold_gain":0,"player_choice":"Card Removal","damage_taken":7,"max_hp_gain":0,"max_hp_loss":0,"event_name":"Golden Wing","floor":3,"gold_loss":0},{"damage_healed":0,"gold_gain":0,"player_choice":"Grow","damage_taken":0,"max_hp_gain":0,"max_hp_loss":0,"event_name":"Living Wall","floor":4,"gold_loss":0,"cards_upgraded":["Zap"]},{"damage_healed":0,"gold_gain":0,"player_choice":"Relic","damage_taken":0,"max_hp_gain":0,"max_hp_loss":0,"event_name":"Wheel of Change","floor":19,"gold_loss":0},{"damage_healed":0,"gold_gain":0,"player_choice":"Ignored","damage_taken":0,"max_hp_gain":0,"max_hp_loss":0,"event_name":"Vampires","floor":31,"gold_loss":0}],"is_beta":false,"boss_relics":[{"not_picked":["Velvet Choker","Astrolabe"],"picked":"Philosopher\u0027s Stone"}],"items_purged_floors":[8,14,27],"is_endless":false,"potions_floor_spawned":[7,10,12,13,16,18,21,30],"killed_by":"Collector","ascension_level":0}