{"gold_per_floor":[99,99,99,99,99,99,99,99,99,99,99,99,99,99,99,99,99,99,99,99,99,99,99,99,99,99,99,99,99,99,99,99,99,99,99,99,1,1,1,1,1,1,1,1,1,1,1,1,1,1],"floor_reached":50,"playtime":5402,"items_purged":[],"score":1071,"play_id":"b90e6511-3c5d-42dc-a806-326c5d340bb6","local_time":"20190511152817","is_ascension_mode":true,"campfire_choices":[{"floor":6.0,"key":"REST"},{"data":"Neutralize","floor":8.0,"key":"SMITH"},{"data":"Cloak And Dagger","floor":10.0,"key":"SMITH"},{"data":"Dodge and Roll","floor":13.0,"key":"SMITH"},{"floor":15.0,"key":"REST"},{"floor":23.0,"key":"REST"},{"floor":28.0,"key":"REST"},{"floor":32.0,"key":"REST"},{"floor":40.0,"key":"REST"},{"floor":45.0,"key":"REST"},{"data":"A Thousand Cuts","floor":49.0,"key":"SMITH"}],"neow_cost":"NONE","seed_source_timestamp":4526009443503,"circlet_count":0,"master_deck":["AscendersBane","Defend_G","Defend_G","Defend_G","Defend_G","Defend_G","Strike_G","Strike_G","Strike_G","Strike_G","Strike_G","Survivor","Neutralize+1","Cloak And Dagger+1","Dodge and Roll+1","Predator","Blade Dance+1","Escape Plan","Escape Plan","A Thousand Cuts+1","Sucker Punch+1","Flying Knee+1","Dagger Throw","Predator","Distraction+1","Leg Sweep","Wraith Form v2","Blade Dance","Flash of Steel","The Bomb","Blade Dance+1","Blur","Leg Sweep"],"special_seed":0,"relics":["Ectoplasm","PreservedInsect","Pear","Lantern","Mercury Hourglass","Black Star","Art of War","Blue Candle","Vajra","Ornamental Fan","Kunai","Eternal Feather","Frozen Egg 2","Bird Faced Urn","Pantograph","Centennial Puzzle","War Paint"],"potions_floor_usage":[50,50],"damage_taken":[{"damage":0.0,"enemies":"Jaw Worm","floor":1.0,"turns":5.0},{"damage":4.0,"enemies":"Small Slimes","floor":2.0,"turns":5.0},{"damage":0.0,"enemies":"Cultist","floor":5.0,"turns":5.0},{"damage":7.0,"enemies":"Lagavulin","floor":7.0,"turns":7.0},{"damage":10.0,"enemies":"3 Louse","floor":11.0,"turns":4.0},{"damage":3.0,"enemies":"3 Sentries","floor":12.0,"turns":5.0},{"damage":39.0,"enemies":"Slime Boss","floor":16.0,"turns":13.0},{"damage":17.0,"enemies":"Shell Parasite","floor":18.0,"turns":5.0},{"damage":17.0,"enemies":"Spheric Guardian","floor":19.0,"turns":5.0},{"damage":0.0,"enemies":"Centurion and Healer","floor":20.0,"turns":8.0},{"damage":8.0,"enemies":"Snecko","floor":21.0,"turns":5.0},{"damage":15.0,"enemies":"Chosen and Byrds","floor":24.0,"turns":6.0},{"damage":0.0,"enemies":"Slavers","floor":25.0,"turns":3.0},{"damage":19.0,"enemies":"Shelled Parasite and Fungi","floor":27.0,"turns":3.0},{"damage":10.0,"enemies":"Snecko","floor":29.0,"turns":4.0},{"damage":21.0,"enemies":"Book of Stabbing","floor":30.0,"turns":5.0},{"damage":41.0,"enemies":"Champ","floor":33.0,"turns":17.0},{"damage":5.0,"enemies":"Orb Walker","floor":35.0,"turns":3.0},{"damage":47.0,"enemies":"3 Darklings","floor":36.0,"turns":7.0},{"damage":32.0,"enemies":"Nemesis","floor":41.0,"turns":7.0},{"damage":2.0,"enemies":"Spire Growth","floor":42.0,"turns":7.0},{"damage":6.0,"enemies":"Giant Head","floor":44.0,"turns":9.0},{"damage":3.0,"enemies":"Transient","floor":46.0,"turns":6.0},{"damage":10.0,"enemies":"Maw","floor":47.0,"turns":10.0},{"damage":8.0,"enemies":"Spire Growth","floor":48.0,"turns":5.0},{"damage":111,"enemies":"Time Eater","floor":50,"turns":12}],"seed_played":"-6354071993487360303","potions_obtained":[{"floor":1.0,"key":"Block Potion"},{"floor":7.0,"key":"Dexterity Potion"},{"floor":20.0,"key":"PowerPotion"},{"floor":24.0,"key":"GhostInAJar"},{"floor":29.0,"key":"LiquidBronze"},{"floor":30.0,"key":"Energy Potion"},{"floor":35.0,"key":"Strength Potion"},{"floor":36.0,"key":"GhostInAJar"},{"floor":39.0,"key":"EntropicBrew"},{"floor":48.0,"key":"Dexterity Potion"}],"is_trial":false,"path_per_floor":["M","M","?","?","M","R","E","R","T","R","M","E","R","?","R","B",null,"M","M","M","M","?","R","M","E","T","M","R","M","E","?","R","B",null,"M","M","$","?","?","R","E","M","T","E","R","M","M","M","R","B"],"character_chosen":"THE_SILENT","items_purchased":["Flash of Steel"],"campfire_rested":7,"item_purchase_floors":[37],"current_hp_per_floor":[59,55,60,34,34,55,58,58,58,58,48,45,45,45,69,30,68,51,34,34,26,42,66,51,51,51,32,56,46,25,25,49,8,63,58,11,11,11,11,53,21,21,21,19,61,60,54,50,68,0],"gold":1,"neow_bonus":"BOSS_RELIC","is_prod":false,"is_daily":false,"chose_seed":false,"campfire_upgraded":4,"win_rate":0,"timestamp":1557613697,"path_taken":["M","M","?","?","?","R","E","R","T","R","M","E","R","?","R","BOSS","M","M","M","M","?","R","M","E","T","M","R","M","E","?","R","BOSS","M","M","$","?","?","R","E","?","T","E","R","M","?","M","R","BOSS"],"build_version":"2019-01-23","purchased_purges":0,"victory":false,"max_hp_per_floor":[66,66,71,71,71,71,81,81,81,81,81,81,81,81,81,81,81,81,81,81,81,81,81,81,81,81,81,81,81,81,81,81,81,81,81,81,81,81,81,81,81,81,81,81,81,81,81,81,81,81],"card_choices":[{"not_picked":["Backstab","Dodge and Roll"],"picked":"Cloak And Dagger","floor":1.0},{"not_picked":["Acrobatics","Deflect"],"picked":"Dodge and Roll","floor":2.0},{"not_picked":["Flying Knee","Expertise"],"picked":"Predator","floor":5.0},{"not_picked":["Quick Slash","Storm of Steel"],"picked":"Blade Dance","floor":7.0},{"not_picked":["Slice","Dodge and Roll"],"picked":"Escape Plan","floor":11.0},{"not_picked":["All Out Attack","Flechettes"],"picked":"Escape Plan","floor":12.0},{"not_picked":["Burst","Bullet Time"],"picked":"A Thousand Cuts","floor":16.0},{"not_picked":["Dagger Throw","Riddle With Holes"],"picked":"Sucker Punch+1","floor":18.0},{"not_picked":["Slice","Outmaneuver"],"picked":"Flying Knee+1","floor":19.0},{"not_picked":["Underhanded Strike","Bane"],"picked":"Dagger Throw","floor":20.0},{"not_picked":["Skewer","Deflect"],"picked":"Predator","floor":21.0},{"not_picked":["Expertise","Eviscerate"],"picked":"Distraction+1","floor":24.0},{"not_picked":["Flying Knee","Catalyst+1","Underhanded Strike"],"picked":"SKIP","floor":25.0},{"not_picked":["PiercingWail","Dagger Spray","Eviscerate"],"picked":"SKIP","floor":27.0},{"not_picked":["Prepared","Crippling Poison","Doppelganger"],"picked":"SKIP","floor":29.0},{"not_picked":["Expertise","Predator"],"picked":"Leg Sweep","floor":30.0},{"not_picked":["Storm of Steel","Bullet Time"],"picked":"Wraith Form v2","floor":33.0},{"not_picked":["Concentrate+1","Bouncing Flask+1","Bane+1"],"picked":"SKIP","floor":35.0},{"not_picked":["Dagger Spray","Quick Slash+1"],"picked":"Blade Dance","floor":36.0},{"not_picked":["Trip","Panacea"],"picked":"The Bomb","floor":38.0},{"not_picked":["Poisoned Stab","Acrobatics","Bane+1"],"picked":"SKIP","floor":41.0},{"not_picked":["Distraction","Finisher"],"picked":"Blade Dance","floor":42.0},{"not_picked":["Concentrate+1","Quick Slash+1"],"picked":"Blur","floor":44.0},{"not_picked":["Dagger Spray","Prepared","Underhanded Strike+1"],"picked":"SKIP","floor":46.0},{"not_picked":["All Out Attack","Masterful Stab","Quick Slash"],"picked":"SKIP","floor":47.0},{"not_picked":["Finisher","Poisoned Stab+1"],"picked":"Leg Sweep","floor":48.0}],"player_experience":675287,"relics_obtained":[{"floor":7.0,"key":"Pear"},{"floor":9.0,"key":"Lantern"},{"floor":12.0,"key":"Mercury Hourglass"},{"floor":25.0,"key":"Art of War"},{"floor":25.0,"key":"Blue Candle"},{"floor":26.0,"key":"Vajra"},{"floor":30.0,"key":"Ornamental Fan"},{"floor":30.0,"key":"Kunai"},{"floor":41.0,"key":"Frozen Egg 2"},{"floor":41.0,"key":"Bird Faced Urn"},{"floor":43.0,"key":"Pantograph"},{"floor":44.0,"key":"Centennial Puzzle"},{"floor":44.0,"key":"War Paint"}],"event_choices":[{"damage_healed":0.0,"max_hp_gain":5.0,"max_hp_loss":0.0,"gold_gain":0.0,"event_name":"Big Fish","player_choice":"Donut","floor":3.0,"gold_loss":0.0,"damage_taken":0.0},{"damage_healed":0.0,"max_hp_gain":0.0,"max_hp_loss":0.0,"gold_gain":0.0,"event_name":"Scrap Ooze","player_choice":"Success","floor":4.0,"gold_loss":0.0,"damage_taken":26.0,"relics_obtained":["PreservedInsect"]},{"damage_healed":0.0,"max_hp_gain":0.0,"max_hp_loss":0.0,"gold_gain":0.0,"event_name":"Golden Idol","player_choice":"Ignored","floor":14.0,"gold_loss":0.0,"damage_taken":0.0},{"damage_healed":16.0,"max_hp_gain":0.0,"max_hp_loss":0.0,"gold_gain":0.0,"event_name":"The Library","player_choice":"Heal","floor":22.0,"gold_loss":0.0,"damage_taken":0.0},{"damage_healed":0.0,"max_hp_gain":0.0,"max_hp_loss":0.0,"gold_gain":50.0,"event_name":"Golden Shrine","player_choice":"Pray","floor":31.0,"gold_loss":0.0,"damage_taken":0.0},{"damage_healed":0.0,"max_hp_gain":0.0,"max_hp_loss":0.0,"gold_gain":0.0,"event_name":"SensoryStone","player_choice":"Memory 1","floor":38.0,"gold_loss":0.0,"damage_taken":0.0},{"damage_healed":0.0,"max_hp_gain":0.0,"max_hp_loss":0.0,"gold_gain":0.0,"event_name":"Lab","player_choice":"Got Potions","floor":39.0,"gold_loss":0.0,"damage_taken":0.0}],"is_beta":false,"boss_relics":[{"not_picked":["Fusion Hammer","Runic Pyramid"],"picked":"Black Star"},{"not_picked":["Busted Crown","Astrolabe"],"picked":"Eternal Feather"}],"items_purged_floors":[],"is_endless":false,"potions_floor_spawned":[1,7,20,24,29,30,35,36,41,48],"killed_by":"Time Eater","ascension_level":17}