{"gold_per_floor":[116,116,126,142,152,152,152,152,229,229,263,280,175,195,195,195],"floor_reached":16,"playtime":583,"items_purged":[],"score":204,"play_id":"94958512-bbee-422d-a4e2-fb0a006503d3","local_time":"20190423203132","is_ascension_mode":true,"campfire_choices":[{"data":"Bash","floor":6,"key":"SMITH"},{"floor":8,"key":"REST"},{"data":"Inflame","floor":10,"key":"SMITH"},{"data":"Pummel","floor":15,"key":"SMITH"}],"neow_cost":"NONE","seed_source_timestamp":389680466220998,"circlet_count":0,"master_deck":["AscendersBane","Strike_R","Strike_R","Strike_R","Strike_R","Strike_R","Defend_R","Defend_R","Defend_R","Defend_R+1","Bash+1","Inflame+1","Disarm","Sword Boomerang","True Grit+1","Warcry","Pummel+1"],"relics":["Burning Blood","War Paint","Gremlin Horn","Dodecahedron","Kunai"],"potions_floor_usage":[5,11,11,11,14],"damage_taken":[{"damage":6,"enemies":"2 Louse","floor":1,"turns":5},{"damage":2,"enemies":"Cultist","floor":3,"turns":4},{"damage":12,"enemies":"Small Slimes","floor":4,"turns":4},{"damage":39,"enemies":"Exordium Thugs","floor":5,"turns":5},{"damage":8,"enemies":"Gremlin Nob","floor":11,"turns":3},{"damage":7,"enemies":"Looter","floor":12,"turns":4},{"damage":12,"enemies":"Exordium Wildlife","floor":14,"turns":2},{"damage":67,"enemies":"The Guardian","floor":16,"turns":13}],"seed_played":"7399755487877518891","potions_obtained":[{"floor":0,"key":"Explosive Potion"},{"floor":0,"key":"Swift Potion"},{"floor":2,"key":"EntropicBrew"},{"floor":12,"key":"Explosive Potion"},{"floor":14,"key":"SpeedPotion"}],"is_trial":false,"path_per_floor":["M","?","M","M","M","R","?","R","T","R","E","M","?","M","R","B"],"character_chosen":"IRONCLAD","items_purchased":[],"campfire_rested":1,"item_purchase_floors":[],"current_hp_per_floor":[68,68,72,66,33,33,28,50,50,50,48,47,47,41,41,0],"gold":195,"neow_bonus":"THREE_SMALL_POTIONS","is_prod":false,"is_daily":false,"chose_seed":false,"campfire_upgraded":3,"win_rate":0,"timestamp":1556019092,"path_taken":["M","?","?","?","M","R","?","R","T","R","E","M","?","M","R","BOSS"],"build_version":"2019-01-23","purchased_purges":0,"victory":false,"max_hp_per_floor":[75,75,75,75,75,75,75,75,75,75,75,75,75,75,75,75],"card_choices":[{"not_picked":["Rampage","Cleave"],"picked":"Inflame","floor":1},{"not_picked":["Flex","Twin Strike"],"picked":"Disarm","floor":3},{"not_picked":["True Grit","Armaments"],"picked":"Sword Boomerang","floor":4},{"not_picked":["Rupture","Berserk"],"picked":"True Grit","floor":5},{"not_picked":["Clash","Wild Strike","Havoc"],"picked":"SKIP","floor":11},{"not_picked":["Wild Strike","Iron Wave"],"picked":"Warcry","floor":12},{"not_picked":["Heavy Blade","Warcry"],"picked":"Pummel","floor":14}],"player_experience":1064379,"relics_obtained":[{"floor":9,"key":"Gremlin Horn"},{"floor":11,"key":"Dodecahedron"}],"event_choices":[{"damage_healed":0,"gold_gain":0,"player_choice":"Got Potions","damage_taken":0,"max_hp_gain":0,"max_hp_loss":0,"event_name":"Lab","floor":2,"gold_loss":0},{"damage_healed":0,"gold_gain":0,"player_choice":"Success","damage_taken":5,"relics_obtained":["War Paint"],"max_hp_gain":0,"max_hp_loss":0,"event_name":"Scrap Ooze","floor":7,"gold_loss":0},{"damage_healed":0,"gold_gain":0,"player_choice":"Paid Gold","damage_taken":0,"relics_obtained":["Kunai"],"max_hp_gain":0,"max_hp_loss":0,"event_name":"WeMeetAgain","floor":13,"gold_loss":105}],"is_beta":false,"boss_relics":[],"items_purged_floors":[],"is_endless":false,"potions_floor_spawned":[4,12,14],"killed_by":"The Guardian","ascension_level":20}