{"gold_per_floor":[14,14,38,62,87,87,87,112,160,160,180,180,180,196,196,322,322,336,329,347,347,347,363,388,59,112,12,35,35],"floor_reached":29,"playtime":2228,"items_purged":["Barricade","Strike_R"],"score":263,"play_id":"632e7855-ce24-47ce-a92f-a6a1146d0324","local_time":"20180808001031","is_ascension_mode":true,"campfire_choices":[{"data":"Dropkick","floor":6.0,"key":"SMITH"},{"data":"Uppercut","floor":10.0,"key":"SMITH"},{"data":"True Grit","floor":13.0,"key":"SMITH"},{"data":"Bash","floor":15.0,"key":"SMITH"}],"neow_cost":"NO_GOLD","seed_source_timestamp":0,"circlet_count":0,"master_deck":["Strike_R","Strike_R","Strike_R","Defend_R","Defend_R","Defend_R","Bash+1","Dropkick+1","True Grit+1","Uppercut+1","Dropkick","Battle Trance","Shrug It Off"],"special_seed":0,"relics":["Black Blood","Golden Idol","Oddly Smooth Stone","Strawberry","GremlinMask","Ancient Tea Set","Bag of Preparation"],"potions_floor_usage":[16,19,20,29],"damage_taken":[{"damage":12.0,"enemies":"Small Slimes","floor":1.0,"turns":4.0},{"damage":12.0,"enemies":"Jaw Worm","floor":4.0,"turns":3.0},{"damage":14.0,"enemies":"Cultist","floor":5.0,"turns":5.0},{"damage":6.0,"enemies":"Large Slime","floor":8.0,"turns":6.0},{"damage":2.0,"enemies":"Red Slaver","floor":11.0,"turns":5.0},{"damage":20.0,"enemies":"Lots of Slimes","floor":14.0,"turns":5.0},{"damage":22,"enemies":"Slime Boss","floor":16,"turns":7},{"damage":17,"enemies":"Shell Parasite","floor":18,"turns":6},{"damage":5,"enemies":"2 Thieves","floor":19,"turns":4},{"damage":9,"enemies":"Snake Plant","floor":20,"turns":5},{"damage":28,"enemies":"Chosen and Byrds","floor":23,"turns":8},{"damage":35,"enemies":"Snecko","floor":24,"turns":5},{"damage":29,"enemies":"Centurion and Healer","floor":28,"turns":5},{"damage":25,"enemies":"Book of Stabbing","floor":29,"turns":5}],"seed_played":"469428939867332422","potions_obtained":[{"floor":4.0,"key":"SkillPotion"},{"floor":5.0,"key":"SteroidPotion"},{"floor":11.0,"key":"Ancient Potion"},{"floor":18,"key":"Block Potion"},{"floor":23,"key":"Weak Potion"},{"floor":24,"key":"Swift Potion"},{"floor":28,"key":"Ancient Potion"}],"is_trial":false,"path_per_floor":["M","?","T","M","M","R","?","M","T","R","M","?","R","M","R","B",null,"M","M","M","?","?","M","M","$","T","$","M"],"character_chosen":"IRONCLAD","items_purchased":["Battle Trance","Shrug It Off","Ancient Tea Set"],"campfire_rested":0,"item_purchase_floors":[25,25,25],"current_hp_per_floor":[74,54,54,48,40,40,40,40,47,47,51,51,51,37,37,21,87,80,85,86,86,86,68,43,43,43,43,24,0],"gold":35,"neow_bonus":"THREE_RARE_CARDS","is_prod":false,"is_daily":false,"chose_seed":false,"campfire_upgraded":4,"win_rate":0,"timestamp":1533658231,"path_taken":["M","?","?","M","?","R","?","M","T","R","M","?","R","M","R","BOSS","M","M","M","?","?","M","M","$","T","$","M","E"],"build_version":"2018-08-02","purchased_purges":2,"victory":false,"max_hp_per_floor":[80,80,80,80,80,80,80,80,87,87,87,87,87,87,87,87,87,87,87,87,87,87,87,87,87,87,87,87,87],"card_choices":[{"not_picked":["Impervious","Bludgeon"],"picked":"Juggernaut","floor":0.0},{"not_picked":["Flex","Shrug It Off"],"picked":"Dropkick","floor":1.0},{"not_picked":["Cleave","Feel No Pain"],"picked":"True Grit","floor":4.0},{"not_picked":["Infernal Blade","Perfected Strike","Shockwave"],"picked":"SKIP","floor":5.0},{"not_picked":["Infernal Blade","Entrench","Shrug It Off"],"picked":"SKIP","floor":8.0},{"not_picked":["Armaments","Body Slam","Twin Strike"],"picked":"SKIP","floor":11.0},{"not_picked":["Dropkick","Flame Barrier","Clothesline"],"picked":"SKIP","floor":14.0},{"not_picked":["Exhume","Impervious"],"picked":"Barricade","floor":16},{"not_picked":["Body Slam","Heavy Blade","Perfected Strike+1"],"picked":"SKIP","floor":18},{"not_picked":["Headbutt+1","Armaments"],"picked":"Dropkick","floor":19},{"not_picked":["Shrug It Off","Dual Wield","True Grit+1"],"picked":"SKIP","floor":20},{"not_picked":["Searing Blow","Anger+1","Havoc+1"],"picked":"SKIP","floor":23},{"not_picked":["Sever Soul","Reckless Charge","Combust"],"picked":"SKIP","floor":24},{"not_picked":["Sword Boomerang","Havoc","Clash+1"],"picked":"SKIP","floor":28}],"player_experience":290521,"relics_obtained":[{"floor":3.0,"key":"Oddly Smooth Stone"},{"floor":9.0,"key":"Strawberry"},{"floor":26,"key":"Bag of Preparation"}],"event_choices":[{"event_name":"Golden Idol","player_choice":"Take Damage","floor":2.0,"damage_taken":0.0},{"event_name":"Transmorgrifier","player_choice":"Transform","floor":7.0,"damage_taken":0.0},{"event_name":"Living Wall","player_choice":"Forget","floor":12.0,"damage_taken":0.0},{"event_name":"Vampires","player_choice":"Ignored","floor":21,"damage_taken":0},{"event_name":"FaceTrader","player_choice":"Trade","floor":22,"damage_taken":0}],"is_beta":false,"boss_relics":[{"not_picked":["Eternal Feather","Velvet Choker"],"picked":"Black Blood"}],"items_purged_floors":[25,27],"is_endless":false,"potions_floor_spawned":[4,5,11,18,23,24,28],"killed_by":"Book of Stabbing","ascension_level":4}