{"gold_per_floor":[109,109,34,334,348,348,381,400,400,413,432,432,445,470,470,571,571,585,765,327,341,352,352,382,400,430,101,101,101,114,129,129,129],"floor_reached":33,"playtime":1206,"items_purged":["Strike_R","Strike_R","Defend_R"],"score":304,"play_id":"8371acc7-50eb-4112-854b-fcced2e19dae","local_time":"20190511214200","is_ascension_mode":false,"campfire_choices":[{"data":"Shrug It Off","floor":6,"key":"SMITH"},{"floor":15,"key":"REST"},{"data":"Inflame","floor":23,"key":"SMITH"},{"floor":32,"key":"REST"}],"neow_cost":"NONE","seed_source_timestamp":440206784745427,"circlet_count":0,"master_deck":["Strike_R","Defend_R","Defend_R","Defend_R","Bash","Shrug It Off+1","Inflame+1","Dropkick","Offering"],"relics":["Burning Blood","NeowsBlessing","Old Coin","Lantern","Shuriken","Oddly Smooth Stone","Busted Crown","Vajra","ClockworkSouvenir","Centennial Puzzle","Tiny Chest"],"potions_floor_usage":[14,16,18,22,22,24,25,33],"damage_taken":[{"damage":0,"enemies":"2 Louse","floor":1,"turns":1},{"damage":0,"enemies":"Jaw Worm","floor":5,"turns":1},{"damage":0,"enemies":"Gremlin Nob","floor":7,"turns":1},{"damage":10,"enemies":"Cultist","floor":8,"turns":4},{"damage":16,"enemies":"Large Slime","floor":10,"turns":6},{"damage":7,"enemies":"Blue Slaver","floor":11,"turns":3},{"damage":8,"enemies":"Gremlin Gang","floor":13,"turns":5},{"damage":44,"enemies":"3 Sentries","floor":14,"turns":11},{"damage":25,"enemies":"The Guardian","floor":16,"turns":10},{"damage":22,"enemies":"3 Byrds","floor":18,"turns":6},{"damage":6,"enemies":"Shell Parasite","floor":21,"turns":6},{"damage":15,"enemies":"Snecko","floor":22,"turns":5},{"damage":33,"enemies":"Gremlin Leader","floor":24,"turns":5},{"damage":0,"enemies":"Cultist and Chosen","floor":25,"turns":4},{"damage":6,"enemies":"Snake Plant","floor":30,"turns":3},{"damage":6,"enemies":"Shelled Parasite and Fungi","floor":31,"turns":4},{"damage":69,"enemies":"Collector","floor":33,"turns":7}],"seed_played":"-8546511593423128535","potions_obtained":[{"floor":1,"key":"SteroidPotion"},{"floor":5,"key":"Poison Potion"},{"floor":13,"key":"Explosive Potion"},{"floor":14,"key":"Strength Potion"},{"floor":18,"key":"BloodPotion"},{"floor":21,"key":"BloodPotion"},{"floor":22,"key":"Energy Potion"},{"floor":24,"key":"SkillPotion"}],"is_trial":false,"path_per_floor":["M","?","$","?","M","R","E","M","T","M","M","?","M","E","R","B",null,"M","?","$","M","M","R","E","M","T","$","?","$","M","M","R","B"],"character_chosen":"IRONCLAD","items_purchased":["Vajra","ClockworkSouvenir","Offering","Block Potion"],"campfire_rested":2,"item_purchase_floors":[20,20,27,27],"current_hp_per_floor":[80,73,73,73,79,79,80,76,76,66,65,65,63,25,49,30,80,64,40,40,40,47,47,20,26,26,26,26,26,26,26,50,0],"gold":129,"neow_bonus":"THREE_ENEMY_KILL","is_prod":false,"is_daily":false,"chose_seed":false,"campfire_upgraded":2,"win_rate":0,"timestamp":1557625320,"path_taken":["M","?","$","?","M","R","E","M","T","M","?","?","M","E","R","BOSS","M","?","$","M","?","R","E","M","T","?","?","$","?","M","R","BOSS"],"build_version":"2019-01-23","purchased_purges":3,"victory":false,"max_hp_per_floor":[80,80,80,80,80,80,80,80,80,80,80,80,80,80,80,80,80,80,80,80,80,80,80,80,80,80,80,80,80,80,80,80,80],"card_choices":[{"not_picked":["Rampage","Wild Strike"],"picked":"Shrug It Off","floor":1},{"not_picked":["Power Through","Clash","Heavy Blade"],"picked":"SKIP","floor":5},{"not_picked":["Barricade","Metallicize"],"picked":"Inflame","floor":7},{"not_picked":["Cleave","Sentinel","Armaments"],"picked":"SKIP","floor":8},{"not_picked":["Anger","Clothesline","Rage"],"picked":"SKIP","floor":10},{"not_picked":["Heavy Blade","Cleave"],"picked":"Dropkick","floor":11},{"not_picked":["True Grit","Disarm","Dual Wield"],"picked":"SKIP","floor":13},{"not_picked":["Sword Boomerang","Disarm","Twin Strike"],"picked":"SKIP","floor":14},{"not_picked":["Inflame"],"picked":"SKIP","floor":18},{"not_picked":["Pommel Strike"],"picked":"SKIP","floor":21},{"not_picked":["Clothesline"],"picked":"SKIP","floor":22},{"not_picked":["Body Slam"],"picked":"SKIP","floor":24},{"not_picked":["Seeing Red"],"picked":"SKIP","floor":25},{"not_picked":["Wild Strike"],"picked":"SKIP","floor":30},{"not_picked":["True Grit"],"picked":"SKIP","floor":31}],"player_experience":132152,"relics_obtained":[{"floor":7,"key":"Lantern"},{"floor":9,"key":"Shuriken"},{"floor":14,"key":"Oddly Smooth Stone"},{"floor":24,"key":"Centennial Puzzle"},{"floor":26,"key":"Tiny Chest"}],"event_choices":[{"cards_removed":["Strike_R"],"damage_healed":0,"gold_gain":0,"player_choice":"Card Removal","damage_taken":7,"max_hp_gain":0,"max_hp_loss":0,"event_name":"Golden Wing","floor":2,"gold_loss":0},{"damage_healed":0,"gold_gain":0,"player_choice":"Gave Potion","damage_taken":0,"relics_obtained":["Old Coin"],"max_hp_gain":0,"max_hp_loss":0,"event_name":"WeMeetAgain","floor":4,"gold_loss":0},{"cards_removed":["Strike_R"],"damage_healed":0,"gold_gain":0,"player_choice":"Forget","damage_taken":0,"max_hp_gain":0,"max_hp_loss":0,"event_name":"Living Wall","floor":12,"gold_loss":0},{"damage_healed":0,"gold_gain":180,"player_choice":"GOLD GOLD ","damage_taken":24,"max_hp_gain":0,"max_hp_loss":0,"event_name":"Knowing Skull","floor":19,"potions_obtained":[],"gold_loss":0,"cards_obtained":[]},{"damage_healed":0,"gold_gain":0,"player_choice":"Ignored","damage_taken":0,"max_hp_gain":0,"max_hp_loss":0,"event_name":"Duplicator","floor":28,"gold_loss":0}],"is_beta":false,"boss_relics":[{"not_picked":["Cursed Key","Velvet Choker"],"picked":"Busted Crown"}],"items_purged_floors":[3,20,27],"is_endless":false,"potions_floor_spawned":[1,5,13,14,18,21,22,24],"killed_by":"Collector","ascension_level":0}