{"gold_per_floor":[113,123,123,147,97,97,111,129,129,168,168,191,235,249,249,339,339,358,248,262,277,301,301,337,337,360,383,402,19,19,44,44,134,134,153,27,42,16,35,35,73,73,96,43,62,82,98,111,111,111,111,111,111,11,42,42],"floor_reached":57,"playtime":4145,"items_purged":["Shame","Regret"],"score":2644,"play_id":"e349f4b2-6ce4-471c-8652-6ae1e4abdb75","local_time":"20190505181706","is_ascension_mode":true,"campfire_choices":[{"data":"Whirlwind","floor":6,"key":"SMITH"},{"data":"Demon Form","floor":11,"key":"SMITH"},{"data":"Shockwave","floor":15,"key":"SMITH"},{"data":"Uppercut","floor":23,"key":"SMITH"},{"data":"Thunderclap","floor":25,"key":"SMITH"},{"data":"Pummel","floor":30,"key":"SMITH"},{"floor":32,"key":"REST"},{"floor":40,"key":"RECALL"},{"floor":42,"key":"REST"},{"floor":49,"key":"REST"},{"floor":53,"key":"REST"}],"neow_cost":"NONE","seed_source_timestamp":562386760406399,"circlet_count":0,"master_deck":["AscendersBane","Strike_R","Strike_R","Strike_R+1","Strike_R","Defend_R","Defend_R","Defend_R+1","Defend_R","Bash+1","Pummel+1","Whirlwind+1","Anger","Demon Form+1","Shockwave+1","Armaments+1","Shrug It Off+1","Feed+1","Thunderclap+1","Uppercut+1","True Grit+1","Sentinel+1","Exhume+1","Shrug It Off+1","True Grit+1","Dual Wield+1","True Grit+1","Shrug It Off+1","Impervious+1","Corruption","Shockwave+1"],"relics":["Burning Blood","Golden Idol","Regal Pillow","Bronze Scales","Meat on the Bone","Toxic Egg 2","Cursed Key","Gremlin Horn","Whetstone","Turnip","Snecko Eye","Letter Opener","Torii"],"potions_floor_usage":[7,13,13,13,20,24,27,55],"damage_taken":[{"damage":7,"enemies":"Jaw Worm","floor":1,"turns":5},{"damage":7,"enemies":"Small Slimes","floor":2,"turns":4},{"damage":1,"enemies":"Cultist","floor":4,"turns":3},{"damage":5,"enemies":"Looter","floor":7,"turns":3},{"damage":13,"enemies":"Lots of Slimes","floor":8,"turns":3},{"damage":30,"enemies":"Lagavulin","floor":10,"turns":7},{"damage":23,"enemies":"Exordium Thugs","floor":12,"turns":4},{"damage":29,"enemies":"Gremlin Nob","floor":13,"turns":4},{"damage":0,"enemies":"2 Fungi Beasts","floor":14,"turns":2},{"damage":26,"enemies":"Hexaghost","floor":16,"turns":8},{"damage":24,"enemies":"Spheric Guardian","floor":18,"turns":5},{"damage":1,"enemies":"2 Thieves","floor":20,"turns":2},{"damage":37,"enemies":"Snake Plant","floor":21,"turns":5},{"damage":19,"enemies":"Snecko","floor":22,"turns":7},{"damage":35,"enemies":"Gremlin Leader","floor":24,"turns":5},{"damage":18,"enemies":"Shelled Parasite and Fungi","floor":27,"turns":5},{"damage":19,"enemies":"Cultist and Chosen","floor":28,"turns":5},{"damage":0,"enemies":"3 Cultists","floor":31,"turns":4},{"damage":48,"enemies":"Collector","floor":33,"turns":9},{"damage":7,"enemies":"3 Shapes","floor":35,"turns":5},{"damage":3,"enemies":"3 Darklings","floor":37,"turns":5},{"damage":13,"enemies":"Sphere and 2 Shapes","floor":39,"turns":5},{"damage":71,"enemies":"Nemesis","floor":41,"turns":7},{"damage":6,"enemies":"Transient","floor":45,"turns":6},{"damage":15,"enemies":"4 Shapes","floor":46,"turns":6},{"damage":45,"enemies":"Jaw Worm Horde","floor":47,"turns":4},{"damage":6,"enemies":"Maw","floor":48,"turns":7},{"damage":25,"enemies":"Donu and Deca","floor":50,"turns":6},{"damage":68,"enemies":"Time Eater","floor":51,"turns":9},{"damage":0,"enemies":"Shield and Spear","floor":55,"turns":5},{"damage":79,"enemies":"The Heart","floor":56,"turns":9}],"seed_played":"4139783809746183147","potions_obtained":[{"floor":4,"key":"EssenceOfSteel"},{"floor":12,"key":"EntropicBrew"},{"floor":16,"key":"Explosive Potion"},{"floor":22,"key":"Regen Potion"},{"floor":24,"key":"Strength Potion"},{"floor":27,"key":"Strength Potion"},{"floor":35,"key":"PowerPotion"},{"floor":55,"key":"Energy Potion"}],"is_trial":false,"path_per_floor":["M","M","?","M","?","R","M","M","T","E","R","M","E","M","R","B",null,"M","?","M","M","M","R","E","R","T","M","M","$","R","M","R","B",null,"M","$","M","$","M","R","E","R","T","$","M","M","M","M","R","B","B",null,"R","$","E","B",null],"character_chosen":"IRONCLAD","items_purchased":["Turnip","Weak Potion","True Grit+1","True Grit+1","SteroidPotion"],"campfire_rested":4,"item_purchase_floors":[29,29,36,38,44],"current_hp_per_floor":[67,66,66,68,68,68,68,61,61,37,37,32,33,51,51,43,62,44,44,49,33,32,32,29,29,29,33,32,32,32,54,79,49,72,79,79,86,86,83,83,34,78,78,78,78,77,50,66,111,96,46,98,115,115,119,62],"gold":42,"neow_bonus":"UPGRADE_CARD","is_prod":false,"is_daily":false,"chose_seed":false,"campfire_upgraded":6,"win_rate":0,"timestamp":1557047826,"path_taken":["M","M","?","M","?","R","?","M","T","E","R","M","E","M","R","BOSS","M","?","M","M","M","R","E","R","T","M","M","$","R","M","R","BOSS","M","?","M","?","M","R","E","R","T","$","M","M","M","M","R","BOSS","BOSS","R","$","E","BOSS"],"build_version":"2019-01-23","purchased_purges":2,"victory":true,"max_hp_per_floor":[75,75,68,68,68,68,68,68,68,68,68,68,68,68,68,68,68,68,68,68,71,71,71,71,71,71,75,75,75,75,79,79,79,79,87,87,91,91,95,95,99,99,99,99,99,107,107,111,111,115,115,115,115,115,119,123],"card_choices":[{"not_picked":["Armaments","Rage","Wild Strike"],"picked":"SKIP","floor":1},{"not_picked":["Wild Strike","Feel No Pain"],"picked":"Pummel","floor":2},{"not_picked":["Clash","Twin Strike"],"picked":"Whirlwind","floor":4},{"not_picked":["Sword Boomerang","True Grit"],"picked":"Anger","floor":7},{"not_picked":["Combust","Whirlwind","Burning Pact"],"picked":"SKIP","floor":8},{"not_picked":["Thunderclap","Bloodletting"],"picked":"Demon Form","floor":10},{"not_picked":["Sword Boomerang","Cleave"],"picked":"Shockwave","floor":12},{"not_picked":["Bloodletting","Rupture"],"picked":"Armaments","floor":13},{"not_picked":["Dropkick","Body Slam"],"picked":"Shrug It Off+1","floor":14},{"not_picked":["Juggernaut","Fiend Fire"],"picked":"Feed","floor":16},{"not_picked":["Clash","Body Slam","Searing Blow"],"picked":"SKIP","floor":18},{"not_picked":["Cleave","Anger"],"picked":"Thunderclap","floor":20},{"not_picked":["Body Slam","Iron Wave+1","Wild Strike"],"picked":"SKIP","floor":21},{"not_picked":["Brutality","Armaments+1"],"picked":"Uppercut","floor":22},{"not_picked":["Sever Soul","Anger"],"picked":"True Grit+1","floor":24},{"not_picked":["Cleave","Searing Blow","Armaments+1"],"picked":"SKIP","floor":27},{"not_picked":["Cleave","Power Through+1"],"picked":"Sentinel+1","floor":28},{"not_picked":["Body Slam","Cleave+1","Hemokinesis"],"picked":"SKIP","floor":31},{"not_picked":["Demon Form","Berserk"],"picked":"Exhume+1","floor":33},{"not_picked":["Flex+1","Clothesline"],"picked":"Shrug It Off+1","floor":35},{"not_picked":["Sword Boomerang","Perfected Strike"],"picked":"Dual Wield+1","floor":37},{"not_picked":["Spot Weakness+1","Sword Boomerang","Seeing Red+1"],"picked":"SKIP","floor":39},{"not_picked":["Spot Weakness+1","Infernal Blade+1","Twin Strike+1"],"picked":"SKIP","floor":41},{"not_picked":["Havoc+1","Perfected Strike"],"picked":"Shrug It Off+1","floor":45},{"not_picked":["Clothesline","Evolve"],"picked":"Impervious+1","floor":46},{"not_picked":["Perfected Strike+1","Searing Blow+1","Body Slam"],"picked":"SKIP","floor":47},{"not_picked":["Body Slam","Havoc+1"],"picked":"Corruption","floor":48},{"not_picked":["Cleave","Ghostly Armor+1"],"picked":"Shockwave+1","floor":55}],"player_experience":1229517,"relics_obtained":[{"floor":9,"key":"Bronze Scales"},{"floor":10,"key":"Meat on the Bone"},{"floor":13,"key":"Toxic Egg 2"},{"floor":24,"key":"Gremlin Horn"},{"floor":26,"key":"Whetstone"},{"floor":41,"key":"Letter Opener"},{"floor":55,"key":"Torii"}],"event_choices":[{"damage_healed":0,"gold_gain":0,"player_choice":"Lose Max HP","damage_taken":0,"relics_obtained":["Golden Idol"],"max_hp_gain":0,"max_hp_loss":7,"event_name":"Golden Idol","floor":3,"gold_loss":0},{"damage_healed":0,"gold_gain":0,"player_choice":"Paid Gold","damage_taken":0,"relics_obtained":["Regal Pillow"],"max_hp_gain":0,"max_hp_loss":0,"event_name":"WeMeetAgain","floor":5,"gold_loss":50},{"cards_removed":["Strike_R"],"damage_healed":0,"gold_gain":0,"player_choice":"Upgrade and Remove","damage_taken":0,"max_hp_gain":0,"max_hp_loss":0,"event_name":"Designer","floor":19,"gold_loss":110,"cards_upgraded":["Defend_R"]}],"is_beta":false,"boss_relics":[{"not_picked":["Fusion Hammer","Ectoplasm"],"picked":"Cursed Key"},{"not_picked":["Runic Pyramid","Sozu"],"picked":"Snecko Eye"}],"items_purged_floors":[36,54],"is_endless":false,"potions_floor_spawned":[4,12,16,22,24,27,35,46,47,48,55],"ascension_level":20}