{"gold_per_floor":[115,135,162,177,190,225,235,235,260,294,307,337,357,56,56,158,158,168,179,179,179,79,79,143,143,143,243,273,286,315,335,335,435,435,450,460,471,193,213,246,77,77,77,77,90,101,101,119,119,119,119,119,119,153,153],"floor_reached":55,"playtime":6250,"items_purged":["Strike_R","Strike_R","Strike_R"],"score":904,"play_id":"b45d7ed1-52e5-40b5-acb3-f3aa720a0c5b","local_time":"20181127201610","is_ascension_mode":true,"campfire_choices":[{"data":"Armaments","floor":8,"key":"SMITH"},{"data":"Madness","floor":15,"key":"SMITH"},{"floor":23,"key":"RECALL"},{"data":"Body Slam","floor":25,"key":"SMITH"},{"floor":32,"key":"REST"},{"floor":42,"key":"REST"},{"data":"Limit Break","floor":49,"key":"SMITH"},{"data":"Flame Barrier","floor":52,"key":"SMITH"}],"neow_cost":"NONE","seed_source_timestamp":1123594867940435,"circlet_count":0,"master_deck":["Strike_R","Strike_R","Defend_R","Defend_R","Defend_R","Defend_R","Bash","Madness+1","Flame Barrier+1","Flame Barrier","Headbutt","Shockwave","Cleave","Armaments+1","Flex","Body Slam+1","Intimidate","Shrug It Off","Inflame","Offering","Burning Pact+1","True Grit+1","J.A.X.","Rage+1","Body Slam+1","Flex","Limit Break+1","Headbutt+1","Flame Barrier+1","Shrug It Off","Shrug It Off","Demon Form","Disarm+1"],"relics":["Burning Blood","Vajra","Art of War","PreservedInsect","Pocketwatch","Centennial Puzzle","Sozu","Tiny Chest","Bottled Tornado","Champion Belt","Self Forming Clay","Omamori","Strawberry","Cursed Key","Bronze Scales","Red Skull","Oddly Smooth Stone","Shuriken","Bag of Marbles"],"potions_floor_usage":[6,6,10,27],"damage_taken":[{"damage":9,"enemies":"Cultist","floor":1,"turns":5},{"damage":0,"enemies":"Jaw Worm","floor":2,"turns":5},{"damage":0,"enemies":"Small Slimes","floor":4,"turns":3},{"damage":2,"enemies":"3 Louse","floor":5,"turns":6},{"damage":20,"enemies":"3 Sentries","floor":6,"turns":10},{"damage":4,"enemies":"Blue Slaver","floor":7,"turns":3},{"damage":16,"enemies":"Gremlin Nob","floor":10,"turns":3},{"damage":7,"enemies":"2 Fungi Beasts","floor":11,"turns":4},{"damage":13,"enemies":"3 Sentries","floor":12,"turns":4},{"damage":13,"enemies":"3 Louse","floor":13,"turns":3},{"damage":8,"enemies":"Hexaghost","floor":16,"turns":10},{"damage":11,"enemies":"Chosen","floor":18,"turns":5},{"damage":2,"enemies":"3 Byrds","floor":19,"turns":5},{"damage":9,"enemies":"Book of Stabbing","floor":24,"turns":3},{"damage":11,"enemies":"Colosseum Slavers","floor":27,"turns":3},{"damage":22,"enemies":"Colosseum Nobs","floor":27,"turns":3},{"damage":7,"enemies":"Gremlin Leader","floor":28,"turns":4},{"damage":15,"enemies":"Snake Plant","floor":29,"turns":3},{"damage":27,"enemies":"Slavers","floor":30,"turns":5},{"damage":3,"enemies":"3 Cultists","floor":31,"turns":4},{"damage":35,"enemies":"Collector","floor":33,"turns":8},{"damage":9,"enemies":"Orb Walker","floor":35,"turns":2},{"damage":10,"enemies":"3 Shapes","floor":36,"turns":4},{"damage":6,"enemies":"Jaw Worm Horde","floor":37,"turns":4},{"damage":12,"enemies":"4 Shapes","floor":39,"turns":4},{"damage":70,"enemies":"Nemesis","floor":40,"turns":6},{"damage":6,"enemies":"Spire Growth","floor":45,"turns":3},{"damage":9,"enemies":"Maw","floor":46,"turns":6},{"damage":23,"enemies":"3 Darklings","floor":48,"turns":5},{"damage":64,"enemies":"Time Eater","floor":50,"turns":11},{"damage":42,"enemies":"Shield and Spear","floor":54,"turns":7},{"damage":57,"enemies":"The Heart","floor":55,"turns":5}],"seed_played":"-7326914926185606621","potions_obtained":[{"floor":2,"key":"Energy Potion"},{"floor":5,"key":"Energy Potion"},{"floor":6,"key":"Strength Potion"},{"floor":11,"key":"Poison Potion"}],"is_trial":false,"path_per_floor":["M","M","T","M","M","E","M","R","T","E","M","E","M","$","R","B",null,"M","M","?","?","$","R","E","R","T","?","E","M","E","M","R","B",null,"M","M","M","$","M","E","$","R","T","?","M","M","$","M","R","B",null,"R","$","E","B"],"character_chosen":"IRONCLAD","items_purchased":["Centennial Puzzle","Inflame","Bronze Scales","Oddly Smooth Stone","Shrug It Off"],"campfire_rested":2,"item_purchase_floors":[14,14,38,41,41],"current_hp_per_floor":[77,80,80,80,80,66,68,68,68,58,57,50,43,43,43,41,80,75,79,79,79,79,79,76,76,76,55,54,45,31,34,60,31,87,84,80,80,80,74,10,10,36,36,87,87,84,84,67,67,9,87,87,87,51,0],"gold":153,"neow_bonus":"RANDOM_COLORLESS","is_prod":false,"is_daily":false,"chose_seed":false,"campfire_upgraded":5,"win_rate":0,"timestamp":1543367770,"path_taken":["M","M","?","M","M","E","?","R","T","E","M","E","M","$","R","BOSS","M","M","?","?","$","R","E","R","T","?","E","M","E","M","R","BOSS","M","M","M","$","M","E","$","R","T","?","M","M","$","M","R","BOSS","R","$","E","BOSS"],"build_version":"2018-11-15","purchased_purges":3,"victory":false,"max_hp_per_floor":[80,80,80,80,80,80,80,80,80,80,80,80,80,80,80,80,80,80,80,80,80,80,80,80,80,80,80,80,80,87,87,87,87,87,87,87,87,87,87,87,87,87,87,87,87,87,87,87,87,87,87,87,87,87,87],"card_choices":[{"not_picked":["Evolve","Rupture"],"picked":"Flame Barrier","floor":1},{"not_picked":["Clothesline","Flex"],"picked":"Flame Barrier","floor":2},{"not_picked":["Warcry","Perfected Strike"],"picked":"Headbutt","floor":4},{"not_picked":["Perfected Strike","Wild Strike"],"picked":"Shockwave","floor":5},{"not_picked":["Twin Strike","Dark Embrace"],"picked":"Cleave","floor":6},{"not_picked":["Fire Breathing","Flex"],"picked":"Armaments","floor":7},{"not_picked":["Thunderclap","Entrench"],"picked":"Flex","floor":10},{"not_picked":["Hemokinesis","Carnage"],"picked":"Body Slam","floor":11},{"not_picked":["Ghostly Armor","Rampage"],"picked":"Intimidate","floor":12},{"not_picked":["Fire Breathing","Intimidate"],"picked":"Shrug It Off","floor":13},{"not_picked":["Bludgeon","Limit Break"],"picked":"Offering","floor":16},{"not_picked":["Wild Strike","Pummel"],"picked":"Burning Pact+1","floor":18},{"not_picked":["Cleave","Ghostly Armor"],"picked":"True Grit+1","floor":19},{"not_picked":["Body Slam","Iron Wave+1"],"picked":"Rage+1","floor":24},{"not_picked":["Limit Break","Pommel Strike"],"picked":"Body Slam+1","floor":28},{"not_picked":["Whirlwind","Twin Strike"],"picked":"Flex","floor":29},{"not_picked":["Body Slam","Rage","Heavy Blade"],"picked":"SKIP","floor":30},{"not_picked":["Heavy Blade","Thunderclap","Burning Pact"],"picked":"SKIP","floor":31},{"not_picked":["Brutality","Reaper"],"picked":"Limit Break","floor":33},{"not_picked":["Sword Boomerang","Havoc+1","Seeing Red+1"],"picked":"SKIP","floor":35},{"not_picked":["Pommel Strike","Blood for Blood+1","Rampage"],"picked":"SKIP","floor":36},{"not_picked":["Shockwave+1","Armaments+1","Heavy Blade"],"picked":"SKIP","floor":37},{"not_picked":["Havoc+1","Rage+1"],"picked":"Headbutt+1","floor":39},{"not_picked":["Headbutt+1","Flex"],"picked":"Flame Barrier+1","floor":40},{"not_picked":["Disarm","Headbutt+1","Thunderclap"],"picked":"SKIP","floor":45},{"not_picked":["Sever Soul+1","Blood for Blood"],"picked":"Shrug It Off","floor":46},{"not_picked":["Disarm+1","Clothesline"],"picked":"Demon Form","floor":48},{"not_picked":["Infernal Blade+1","Flex"],"picked":"Disarm+1","floor":54}],"player_experience":70015,"relics_obtained":[{"floor":3,"key":"Vajra"},{"floor":6,"key":"Art of War"},{"floor":10,"key":"PreservedInsect"},{"floor":12,"key":"Pocketwatch"},{"floor":24,"key":"Tiny Chest"},{"floor":26,"key":"Bottled Tornado"},{"floor":27,"key":"Champion Belt"},{"floor":27,"key":"Self Forming Clay"},{"floor":28,"key":"Omamori"},{"floor":30,"key":"Strawberry"},{"floor":40,"key":"Red Skull"},{"floor":43,"key":"Shuriken"},{"floor":54,"key":"Bag of Marbles"}],"event_choices":[{"damage_healed":0,"gold_gain":0,"player_choice":"Ignored","damage_taken":0,"max_hp_gain":0,"max_hp_loss":0,"event_name":"Vampires","floor":20,"gold_loss":0},{"damage_healed":0,"gold_gain":0,"player_choice":"Obtain J.A.X.","damage_taken":0,"max_hp_gain":0,"max_hp_loss":0,"event_name":"Drug Dealer","floor":21,"gold_loss":0,"cards_obtained":["J.A.X."]},{"damage_healed":0,"gold_gain":0,"player_choice":"Fight","damage_taken":0,"max_hp_gain":0,"max_hp_loss":0,"event_name":"Colosseum","floor":27,"gold_loss":0},{"damage_healed":0,"gold_gain":0,"player_choice":"Fought Nobs","damage_taken":0,"max_hp_gain":0,"max_hp_loss":0,"event_name":"Colosseum","floor":27,"gold_loss":0},{"damage_healed":51,"gold_gain":0,"player_choice":"Heal","damage_taken":0,"max_hp_gain":0,"max_hp_loss":0,"event_name":"MindBloom","floor":44,"gold_loss":0,"cards_obtained":["Doubt"]}],"is_beta":false,"boss_relics":[{"not_picked":["Black Blood","Philosopher\u0027s Stone"],"picked":"Sozu"},{"not_picked":["Velvet Choker","Runic Dome"],"picked":"Cursed Key"}],"items_purged_floors":[14,22,38],"is_endless":false,"potions_floor_spawned":[2,5,6,11,18,27,28,31,33,35,37,40,45],"killed_by":"The Heart","ascension_level":3}