{"gold_per_floor":[369,94,114,114,133,133,308,308,308,341,366,366,387,387,387,387],"floor_reached":16,"playtime":529,"items_purged":["Clumsy"],"score":110,"play_id":"a24d011c-ff52-4aee-b7a2-df8ba4841e89","local_time":"20190413131313","is_ascension_mode":false,"campfire_choices":[{"data":"Hologram","floor":6,"key":"SMITH"},{"data":"Zap","floor":8,"key":"SMITH"},{"floor":12,"key":"REST"},{"floor":15,"key":"REST"}],"neow_cost":"CURSE","seed_source_timestamp":10192077726536,"circlet_count":0,"master_deck":["Strike_B","Strike_B","Strike_B","Strike_B","Defend_B","Defend_B","Defend_B","Defend_B","Zap+1","Dualcast","Streamline","Gash","Hologram+1","Doubt","Multi-Cast","Turbo","Ball Lightning"],"relics":["Cracked Core","OrangePellets","Golden Idol","Smiling Mask","Boot"],"potions_floor_usage":[14],"damage_taken":[{"damage":1,"enemies":"Jaw Worm","floor":1,"turns":3},{"damage":5,"enemies":"Small Slimes","floor":3,"turns":3},{"damage":1,"enemies":"2 Louse","floor":5,"turns":2},{"damage":48,"enemies":"Gremlin Nob","floor":10,"turns":5},{"damage":0,"enemies":"Large Slime","floor":11,"turns":3},{"damage":0,"enemies":"Lots of Slimes","floor":13,"turns":4},{"damage":18,"enemies":"Lagavulin","floor":14,"turns":5},{"damage":31,"enemies":"Hexaghost","floor":16,"turns":7}],"seed_played":"-7835943093186144086","potions_obtained":[{"floor":3,"key":"SmokeBomb"}],"is_trial":false,"path_per_floor":["M","$","M","?","M","R","?","R","T","E","M","R","M","E","R","B"],"character_chosen":"DEFECT","items_purchased":["OrangePellets"],"campfire_rested":2,"item_purchase_floors":[2],"current_hp_per_floor":[74,74,69,51,50,50,50,50,50,2,2,24,24,6,28,0],"gold":387,"neow_bonus":"TWO_FIFTY_GOLD","is_prod":false,"is_daily":false,"chose_seed":false,"campfire_upgraded":2,"win_rate":0,"timestamp":1555132393,"path_taken":["M","$","M","?","M","R","?","R","T","E","M","R","M","E","R","BOSS"],"build_version":"2019-01-23","purchased_purges":1,"victory":false,"max_hp_per_floor":[75,75,75,75,75,75,75,75,75,75,75,75,75,75,75,75],"card_choices":[{"not_picked":["Rip and Tear","Redo"],"picked":"Streamline","floor":1},{"not_picked":["Lockon","Steam"],"picked":"Gash","floor":3},{"not_picked":["Double Energy","Genetic Algorithm"],"picked":"Hologram","floor":5},{"not_picked":["Stack","Reprogram"],"picked":"Multi-Cast","floor":10},{"not_picked":["Leap","Sunder"],"picked":"Turbo","floor":11},{"not_picked":["Scrape","Rebound"],"picked":"Ball Lightning","floor":13}],"player_experience":429212,"relics_obtained":[{"floor":9,"key":"Smiling Mask"},{"floor":10,"key":"Boot"}],"event_choices":[{"damage_healed":0,"gold_gain":0,"player_choice":"Take Damage","damage_taken":18,"relics_obtained":["Golden Idol"],"max_hp_gain":0,"max_hp_loss":0,"event_name":"Golden Idol","floor":4,"gold_loss":0},{"damage_healed":0,"gold_gain":175,"player_choice":"AGREE","damage_taken":0,"max_hp_gain":0,"max_hp_loss":0,"event_name":"Liars Game","floor":7,"gold_loss":0,"cards_obtained":["Doubt"]}],"is_beta":false,"boss_relics":[],"items_purged_floors":[2],"is_endless":false,"potions_floor_spawned":[3],"killed_by":"Hexaghost","ascension_level":0}