{"gold_per_floor":[119,129,129,142,16,16,41,41,41,41,68,84,94,105,105,182,182,202,214,227,227,241,269,269,298,344,377,387,387,400,123,123,194,194,206,206,1205,1205,1205,1205,1238,1252,1303,1337,1347,831,831,845,845,845,845],"floor_reached":51,"playtime":3022,"items_purged":["Decay","Strike_R","Strike_R"],"score":1579,"play_id":"dc73c21b-9e4f-4c6a-8b1c-ac55d01df7e0","local_time":"20190428123240","is_ascension_mode":true,"campfire_choices":[{"data":"Immolate","floor":6.0,"key":"SMITH"},{"floor":10.0,"key":"REST"},{"data":"Uppercut","floor":15.0,"key":"SMITH"},{"floor":24.0,"key":"REST"},{"floor":29,"key":"REST"},{"floor":32,"key":"REST"},{"floor":40,"key":"REST"},{"floor":47,"key":"RECALL"},{"floor":49,"key":"REST"}],"neow_cost":"NONE","seed_source_timestamp":100649707850945,"circlet_count":0,"master_deck":["AscendersBane","Strike_R","Strike_R","Strike_R","Defend_R","Defend_R","Defend_R","Defend_R","Bash+1","Shrug It Off","Pommel Strike","Immolate+1","Shrug It Off","Reaper","Offering","Uppercut+1","Feed","Feel No Pain","Spot Weakness","True Grit","Inflame","Thunderclap","Warcry","Limit Break","Reaper","Disarm","Warcry+1","Armaments+1","Secret Weapon","Clothesline","Corruption+1","Shockwave","Shrug It Off","True Grit"],"special_seed":0,"relics":["Burning Blood","Boot","Meat on the Bone","Paper Frog","Fusion Hammer","Turnip","Omamori","Pen Nib","PreservedInsect","Orrery","Charon\u0027s Ashes","Ancient Tea Set","Vajra"],"potions_floor_usage":[33,44,44,50,50],"damage_taken":[{"damage":7.0,"enemies":"Small Slimes","floor":1.0,"turns":3.0},{"damage":9.0,"enemies":"Cultist","floor":2.0,"turns":5.0},{"damage":9.0,"enemies":"2 Louse","floor":4.0,"turns":3.0},{"damage":36.0,"enemies":"Lagavulin","floor":7.0,"turns":7.0},{"damage":17.0,"enemies":"3 Sentries","floor":11.0,"turns":4.0},{"damage":5.0,"enemies":"2 Fungi Beasts","floor":12.0,"turns":3.0},{"damage":11.0,"enemies":"3 Louse","floor":13.0,"turns":3.0},{"damage":4.0,"enemies":"Exordium Wildlife","floor":14.0,"turns":3.0},{"damage":74.0,"enemies":"The Guardian","floor":16.0,"turns":12.0},{"damage":6.0,"enemies":"3 Byrds","floor":18.0,"turns":3.0},{"damage":18.0,"enemies":"Chosen","floor":19.0,"turns":3.0},{"damage":24.0,"enemies":"Centurion and Healer","floor":20.0,"turns":5.0},{"damage":6.0,"enemies":"Snecko","floor":22.0,"turns":3.0},{"damage":36.0,"enemies":"Slavers","floor":23.0,"turns":3.0},{"damage":28.0,"enemies":"Gremlin Leader","floor":25.0,"turns":6.0},{"damage":37.0,"enemies":"Slavers","floor":27.0,"turns":4.0},{"damage":38,"enemies":"Snake Plant","floor":28,"turns":4},{"damage":16,"enemies":"Centurion and Healer","floor":30,"turns":10},{"damage":49,"enemies":"Collector","floor":33,"turns":8},{"damage":75,"enemies":"3 Shapes","floor":35,"turns":9},{"damage":38,"enemies":"Nemesis","floor":41,"turns":9},{"damage":49,"enemies":"3 Darklings","floor":42,"turns":5},{"damage":96,"enemies":"Giant Head","floor":44,"turns":8},{"damage":15,"enemies":"4 Shapes","floor":45,"turns":3},{"damage":27,"enemies":"Transient","floor":48,"turns":6},{"damage":87,"enemies":"Awakened One","floor":50,"turns":12},{"damage":140,"enemies":"Time Eater","floor":51,"turns":13}],"seed_played":"-6233241427968107166","potions_obtained":[{"floor":2.0,"key":"AttackPotion"},{"floor":7.0,"key":"SteroidPotion"},{"floor":12.0,"key":"Dexterity Potion"},{"floor":19.0,"key":"Weak Potion"},{"floor":20.0,"key":"Energy Potion"},{"floor":27.0,"key":"SteroidPotion"},{"floor":28,"key":"Regen Potion"},{"floor":35,"key":"Strength Potion"}],"is_trial":false,"path_per_floor":["M","M","?","M","$","R","E","$","T","R","E","M","M","M","R","B",null,"M","M","M","?","M","E","R","E","T","E","M","R","M","$","R","B",null,"M","?","?","?","?","R","E","M","T","E","M","$","R","M","R","B","B"],"character_chosen":"IRONCLAD","items_purchased":["Shrug It Off","Limit Break","Shockwave","Vajra","Shrug It Off","Energy Potion","Explosive Potion"],"campfire_rested":6,"item_purchase_floors":[5,31,46,46,46,46,46],"current_hp_per_floor":[67,64,64,61,61,61,31,31,31,53,57,70,75,75,75,26,63,76,71,68,56,71,71,87,68,68,58,46,74,79,79,99,73,95,82,72,72,72,72,103,80,74,74,65,73,73,73,93,112,80,0],"gold":845,"neow_bonus":"UPGRADE_CARD","is_prod":false,"is_daily":false,"chose_seed":false,"campfire_upgraded":2,"win_rate":0,"timestamp":1556422360,"path_taken":["M","M","?","M","$","R","E","$","T","R","E","?","M","M","R","BOSS","M","M","M","?","M","E","R","E","T","E","?","R","M","$","R","BOSS","M","?","?","?","?","R","E","M","T","E","M","$","R","M","R","BOSS","BOSS"],"build_version":"2019-01-23","purchased_purges":3,"victory":false,"max_hp_per_floor":[75,75,75,75,75,75,75,75,75,75,75,75,75,75,75,75,75,78,78,81,81,84,87,87,90,90,93,96,96,99,99,99,102,102,105,105,105,105,105,105,105,109,109,109,112,112,112,112,112,116,116],"card_choices":[{"not_picked":["Wild Strike","Warcry"],"picked":"Shrug It Off","floor":1.0},{"not_picked":["Heavy Blade","Body Slam"],"picked":"Pommel Strike","floor":2.0},{"not_picked":["Heavy Blade","Armaments"],"picked":"Immolate","floor":4.0},{"not_picked":["Thunderclap","Body Slam"],"picked":"Reaper","floor":7.0},{"not_picked":["Flex","Armaments"],"picked":"Offering","floor":11.0},{"not_picked":["Wild Strike","Flex"],"picked":"Uppercut","floor":12.0},{"not_picked":["Power Through","Wild Strike"],"picked":"Headbutt","floor":13.0},{"not_picked":["Cleave","Blood for Blood","Corruption"],"picked":"SKIP","floor":14.0},{"not_picked":["Juggernaut","Demon Form"],"picked":"Feed","floor":16.0},{"not_picked":["Anger","Bloodletting"],"picked":"Feel No Pain","floor":18.0},{"not_picked":["Wild Strike","Anger"],"picked":"Spot Weakness","floor":19.0},{"not_picked":["Cleave","Anger"],"picked":"True Grit","floor":20.0},{"not_picked":["Wild Strike","Hemokinesis","Burning Pact"],"picked":"SKIP","floor":22.0},{"not_picked":["Armaments","Flex+1"],"picked":"Inflame","floor":23.0},{"not_picked":["Spot Weakness+1","Body Slam","Rupture"],"picked":"SKIP","floor":25.0},{"not_picked":["Berserk","Havoc","Dark Embrace"],"picked":"SKIP","floor":27.0},{"not_picked":["Carnage","Flex"],"picked":"Thunderclap","floor":28},{"not_picked":["True Grit","Armaments"],"picked":"Warcry","floor":30},{"not_picked":["Double Tap","Fiend Fire"],"picked":"Reaper","floor":33},{"not_picked":["Carnage","Armaments"],"picked":"Disarm","floor":34},{"not_picked":["Headbutt","Clash"],"picked":"Warcry+1","floor":34},{"not_picked":["Iron Wave+1","Headbutt"],"picked":"Armaments+1","floor":35},{"not_picked":["Panache","Purity"],"picked":"Secret Weapon","floor":36},{"not_picked":["Reckless Charge","Warcry","Metallicize"],"picked":"SKIP","floor":41},{"not_picked":["Twin Strike","Havoc"],"picked":"Clothesline","floor":42},{"not_picked":["Seeing Red","Berserk"],"picked":"Corruption+1","floor":44},{"not_picked":["Heavy Blade","Wild Strike","Twin Strike"],"picked":"SKIP","floor":45},{"not_picked":["Spot Weakness+1","Searing Blow"],"picked":"True Grit","floor":48}],"player_experience":1125265,"relics_obtained":[{"floor":7.0,"key":"Boot"},{"floor":9.0,"key":"Meat on the Bone"},{"floor":11.0,"key":"Paper Frog"},{"floor":23.0,"key":"Turnip"},{"floor":25.0,"key":"Omamori"},{"floor":26.0,"key":"Pen Nib"},{"floor":27.0,"key":"PreservedInsect"},{"floor":41,"key":"Charon\u0027s Ashes"},{"floor":44,"key":"Ancient Tea Set"}],"event_choices":[{"damage_healed":0.0,"max_hp_gain":0.0,"max_hp_loss":0.0,"gold_gain":0.0,"event_name":"Wheel of Change","player_choice":"Cursed","floor":3.0,"gold_loss":0.0,"damage_taken":0.0,"cards_obtained":["Decay"]},{"damage_healed":0.0,"max_hp_gain":0.0,"max_hp_loss":0.0,"gold_gain":0.0,"event_name":"Wheel of Change","player_choice":"Damaged","floor":21.0,"gold_loss":0.0,"damage_taken":12.0},{"damage_healed":0,"gold_gain":0,"player_choice":"Memory 3","damage_taken":10,"max_hp_gain":0,"max_hp_loss":0,"event_name":"SensoryStone","floor":36,"gold_loss":0},{"damage_healed":0,"gold_gain":999,"player_choice":"Gold","damage_taken":0,"max_hp_gain":0,"max_hp_loss":0,"event_name":"MindBloom","floor":37,"gold_loss":0,"cards_obtained":["Normality","Normality"]},{"damage_healed":0,"gold_gain":0,"player_choice":"Ignored","damage_taken":0,"max_hp_gain":0,"max_hp_loss":0,"event_name":"Tomb of Lord Red Mask","floor":38,"gold_loss":0},{"cards_removed":["Headbutt"],"damage_healed":0,"gold_gain":0,"player_choice":"Removed Attack","damage_taken":0,"max_hp_gain":0,"max_hp_loss":0,"event_name":"Falling","floor":39,"gold_loss":0}],"is_beta":false,"boss_relics":[{"not_picked":["Empty Cage","Calling Bell"],"picked":"Fusion Hammer"},{"not_picked":["Tiny House","Lizard Tail"],"picked":"Orrery"}],"items_purged_floors":[5,31,46],"is_endless":false,"potions_floor_spawned":[2,7,12,13,19,20,27,28,30,35,41,42],"killed_by":"Time Eater","ascension_level":20}