{"gold_per_floor":[109,184,199,216,64,129,193,205,242,285,297,326,372,398,410,422],"floor_reached":16,"playtime":791,"items_purged":[],"score":162,"play_id":"4f6486f4-dc42-495f-ac77-d51118069280","local_time":"20190324174115","is_ascension_mode":true,"campfire_choices":[{"floor":11,"key":"REST"},{"floor":15,"key":"REST"}],"neow_cost":"NONE","seed_source_timestamp":163065291401645,"circlet_count":0,"master_deck":["Strike_B","Strike_B","Strike_B","Strike_B","Defend_B","Defend_B","Defend_B","Defend_B","Zap","Dualcast+1","Capacitor","Melter","Ball Lightning","Loop","Glacier","Leap","Go for the Eyes","Gash","Glacier","Heatsinks"],"relics":["Cracked Core","Anchor","Tiny Chest","MawBank","Dream Catcher","Smiling Mask","Shuriken"],"potions_floor_usage":[6,10,10,12,13],"damage_taken":[{"damage":4,"enemies":"Jaw Worm","floor":1,"turns":3},{"damage":1,"enemies":"2 Louse","floor":3,"turns":2},{"damage":0,"enemies":"Cultist","floor":4,"turns":2},{"damage":10,"enemies":"3 Sentries","floor":6,"turns":7},{"damage":25,"enemies":"Gremlin Nob","floor":7,"turns":4},{"damage":8,"enemies":"Gremlin Nob","floor":10,"turns":3},{"damage":4,"enemies":"Exordium Wildlife","floor":12,"turns":4},{"damage":11,"enemies":"3 Sentries","floor":13,"turns":5},{"damage":2,"enemies":"Looter","floor":14,"turns":3},{"damage":36,"enemies":"Slime Boss","floor":16,"turns":7}],"seed_played":"-2134503192740155744","potions_obtained":[{"floor":3,"key":"Fire Potion"},{"floor":4,"key":"LiquidBronze"},{"floor":7,"key":"Swift Potion"},{"floor":8,"key":"Poison Potion"},{"floor":8,"key":"SteroidPotion"},{"floor":12,"key":"LiquidBronze"}],"is_trial":false,"path_per_floor":["M","?","M","M","$","E","?","?","T","E","R","M","E","M","R","B"],"character_chosen":"DEFECT","items_purchased":["Anchor"],"campfire_rested":2,"item_purchase_floors":[5],"current_hp_per_floor":[64,53,52,52,52,42,17,17,17,9,31,27,16,14,36,0],"gold":422,"neow_bonus":"UPGRADE_CARD","is_prod":false,"is_daily":false,"chose_seed":false,"campfire_upgraded":0,"win_rate":0,"timestamp":1553445675,"path_taken":["M","?","M","M","$","E","?","?","T","E","R","M","E","?","R","BOSS"],"build_version":"2019-01-23","purchased_purges":0,"victory":false,"max_hp_per_floor":[75,75,75,75,75,75,75,75,75,75,75,75,75,75,75,75],"card_choices":[{"not_picked":["Go for the Eyes","Steam Power"],"picked":"Capacitor","floor":1},{"not_picked":["Compile Driver","Gash"],"picked":"Melter","floor":3},{"not_picked":["Rip and Tear","Recycle","Blizzard"],"picked":"SKIP","floor":4},{"not_picked":["Capacitor","Beam Cell"],"picked":"Ball Lightning","floor":6},{"not_picked":["Reprogram","Go for the Eyes"],"picked":"Loop","floor":7},{"not_picked":["Thunder Strike","Steam"],"picked":"Glacier","floor":10},{"not_picked":["Steam","Beam Cell"],"picked":"Leap","floor":11},{"not_picked":["Fusion","White Noise"],"picked":"Go for the Eyes","floor":12},{"not_picked":["Beam Cell","Barrage"],"picked":"Gash","floor":13},{"not_picked":["Go for the Eyes","Sweeping Beam"],"picked":"Glacier","floor":14},{"not_picked":["Genetic Algorithm","Turbo"],"picked":"Heatsinks","floor":15}],"player_experience":365849,"relics_obtained":[{"floor":6,"key":"Tiny Chest"},{"floor":7,"key":"MawBank"},{"floor":9,"key":"Dream Catcher"},{"floor":10,"key":"Smiling Mask"},{"floor":13,"key":"Shuriken"}],"event_choices":[{"damage_healed":0,"gold_gain":75,"player_choice":"Gather Gold","damage_taken":11,"max_hp_gain":0,"max_hp_loss":0,"event_name":"World of Goop","floor":2,"gold_loss":0},{"damage_healed":0,"gold_gain":0,"player_choice":"Searched \u00271\u0027 times","damage_taken":0,"max_hp_gain":0,"max_hp_loss":0,"event_name":"Dead Adventurer","floor":7,"gold_loss":0},{"damage_healed":0,"gold_gain":0,"player_choice":"Got Potions","damage_taken":0,"max_hp_gain":0,"max_hp_loss":0,"event_name":"Lab","floor":8,"gold_loss":0}],"is_beta":false,"boss_relics":[],"items_purged_floors":[],"is_endless":false,"potions_floor_spawned":[3,4,7,12],"killed_by":"Slime Boss","ascension_level":7}