{"gold_per_floor":[113,113,113,113,113,113,127,54,54,66,76,76,94,44,44,142,142,153,78,78,88,100,100,100,100,100,25,41,61,81,91,91,91],"floor_reached":33,"playtime":1379,"items_purged":["Strike_G"],"score":239,"play_id":"2f94afd5-24d3-42f6-918a-a76aaf1b072f","local_time":"20181215114715","is_ascension_mode":false,"campfire_choices":[{"data":"Neutralize","floor":6,"key":"SMITH"},{"data":"Catalyst","floor":12,"key":"SMITH"},{"data":"Noxious Fumes","floor":15,"key":"SMITH"},{"floor":23,"key":"REST"},{"floor":25,"key":"REST"},{"floor":32,"key":"REST"}],"neow_cost":"NONE","seed_source_timestamp":1419722154630601,"circlet_count":0,"master_deck":["Defend_G","Defend_G","Defend_G","Strike_G","Strike_G","Survivor","Neutralize+1","Well Laid Plans","Deadly Poison","Noxious Fumes+1","Leg Sweep","Catalyst+1","Corpse Explosion","Bouncing Flask","Crippling Poison","Leg Sweep+1","Acrobatics"],"relics":["Sozu"],"potions_floor_usage":[],"damage_taken":[{"damage":0,"enemies":"2 Louse","floor":1,"turns":2},{"damage":1,"enemies":"Jaw Worm","floor":7,"turns":4},{"damage":0,"enemies":"Small Slimes","floor":10,"turns":4},{"damage":0,"enemies":"2 Fungi Beasts","floor":11,"turns":4},{"damage":0,"enemies":"Exordium Wildlife","floor":13,"turns":4},{"damage":22,"enemies":"The Guardian","floor":16,"turns":8},{"damage":17,"enemies":"Spheric Guardian","floor":18,"turns":4},{"damage":21,"enemies":"Colosseum Slavers","floor":20,"turns":2},{"damage":24,"enemies":"2 Thieves","floor":21,"turns":3},{"damage":12,"enemies":"Snake Plant","floor":22,"turns":3},{"damage":13,"enemies":"Centurion and Healer","floor":28,"turns":6},{"damage":5,"enemies":"3 Cultists","floor":29,"turns":4},{"damage":9,"enemies":"Snake Plant","floor":30,"turns":5},{"damage":0,"enemies":"Cultist and Chosen","floor":31,"turns":5},{"damage":57,"enemies":"Champ","floor":33,"turns":10}],"seed_played":"-5178101214820904526","potions_obtained":[],"is_trial":false,"path_per_floor":["M","?","?","?","?","R","M","$","T","M","M","R","M","?","R","B",null,"M","?","?","M","M","R","?","R","T","$","M","M","M","M","R","B"],"character_chosen":"THE_SILENT","items_purchased":["Noxious Fumes"],"campfire_rested":3,"item_purchase_floors":[8],"current_hp_per_floor":[70,70,70,75,68,68,67,67,67,67,67,67,67,67,67,45,75,58,58,37,13,1,23,23,45,45,45,32,27,18,18,40,0],"gold":91,"neow_bonus":"BOSS_RELIC","is_prod":false,"is_daily":false,"chose_seed":false,"campfire_upgraded":3,"win_rate":0,"timestamp":1544842035,"path_taken":["M","?","?","?","?","R","M","$","T","M","M","R","?","?","R","BOSS","M","?","?","M","M","R","?","R","T","$","M","M","M","M","R","BOSS"],"build_version":"2018-12-13","purchased_purges":1,"victory":false,"max_hp_per_floor":[70,70,70,75,75,75,75,75,75,75,75,75,75,75,75,75,75,75,75,75,75,75,75,75,75,75,75,75,75,75,75,75,75],"card_choices":[{"not_picked":["Dodge and Roll","Skewer"],"picked":"Well Laid Plans","floor":1},{"not_picked":["Bane","Underhanded Strike"],"picked":"Deadly Poison","floor":7},{"not_picked":["Caltrops","Choke"],"picked":"Leg Sweep","floor":10},{"not_picked":["Dodge and Roll","Acrobatics"],"picked":"Catalyst","floor":11},{"not_picked":["Caltrops","Sucker Punch","Prepared"],"picked":"SKIP","floor":13},{"not_picked":["Bullet Time","Unload"],"picked":"Corpse Explosion","floor":16},{"not_picked":["Prepared","Dagger Spray"],"picked":"Bouncing Flask","floor":18},{"not_picked":["Outmaneuver+1","Caltrops"],"picked":"Crippling Poison","floor":21},{"not_picked":["Deflect","Setup+1","Underhanded Strike+1"],"picked":"SKIP","floor":22},{"not_picked":["Deadly Poison","Finisher"],"picked":"Leg Sweep+1","floor":28},{"not_picked":["Bouncing Flask","Poisoned Stab"],"picked":"Acrobatics","floor":29},{"not_picked":["Flying Knee","Underhanded Strike","Terror"],"picked":"SKIP","floor":30},{"not_picked":["Dagger Spray","After Image","Masterful Stab+1"],"picked":"SKIP","floor":31}],"player_experience":204699,"relics_obtained":[],"event_choices":[{"damage_healed":0,"gold_gain":0,"player_choice":"Ignored","damage_taken":0,"max_hp_gain":0,"max_hp_loss":0,"event_name":"Liars Game","floor":2,"gold_loss":0},{"cards_removed":["Defend_G"],"damage_healed":0,"gold_gain":0,"player_choice":"Forget","damage_taken":0,"max_hp_gain":0,"max_hp_loss":0,"event_name":"Living Wall","floor":3,"gold_loss":0},{"damage_healed":0,"gold_gain":0,"player_choice":"Donut","damage_taken":0,"max_hp_gain":5,"max_hp_loss":0,"event_name":"Big Fish","floor":4,"gold_loss":0},{"cards_removed":["Strike_G"],"damage_healed":0,"gold_gain":0,"player_choice":"Card Removal","damage_taken":7,"max_hp_gain":0,"max_hp_loss":0,"event_name":"Golden Wing","floor":5,"gold_loss":0},{"cards_removed":["Defend_G"],"damage_healed":0,"gold_gain":0,"player_choice":"Card Removal","damage_taken":0,"max_hp_gain":0,"max_hp_loss":0,"event_name":"The Cleric","floor":14,"gold_loss":50},{"cards_removed":["Strike_G"],"damage_healed":0,"gold_gain":0,"player_choice":"Gave Gold","damage_taken":0,"max_hp_gain":0,"max_hp_loss":0,"event_name":"Beggar","floor":19,"gold_loss":75},{"damage_healed":0,"gold_gain":0,"player_choice":"Fight","damage_taken":0,"max_hp_gain":0,"max_hp_loss":0,"event_name":"Colosseum","floor":20,"gold_loss":0},{"damage_healed":0,"gold_gain":0,"player_choice":"Fled From Nobs","damage_taken":0,"max_hp_gain":0,"max_hp_loss":0,"event_name":"Colosseum","floor":20,"gold_loss":0}],"is_beta":false,"boss_relics":[{"not_picked":["Snecko Eye","Orrery","HoveringKite"]}],"items_purged_floors":[27],"is_endless":false,"potions_floor_spawned":[1,16,21,22,31],"killed_by":"Champ","ascension_level":0}