{"gold_per_floor":[110,124,2,2,19,19,19,51,75,25,25,25,25,41,41,144,144,134,12,12,12,0,0,26,26,26,26,26,26,26,40,40,138,138,155,155,165,65,76,76,36,36,36,36,54,54,4,14,14,14],"floor_reached":51,"playtime":4729,"items_purged":["Defend_G","Strike_G"],"score":687,"play_id":"1c7414e1-ac5a-4cdf-8591-933fdadb1b0e","local_time":"20180929131722","is_ascension_mode":true,"campfire_choices":[{"data":"Noxious Fumes","floor":6,"key":"SMITH"},{"floor":15,"key":"REST"},{"data":"Crippling Poison","floor":23,"key":"SMITH"},{"data":"Dodge and Roll","floor":25,"key":"SMITH"},{"data":"Noxious Fumes","floor":27,"key":"SMITH"},{"data":"Noxious Fumes","floor":29,"key":"SMITH"},{"data":"Blur","floor":32,"key":"SMITH"},{"floor":40,"key":"REST"},{"floor":42,"key":"REST"},{"floor":49,"key":"REST"}],"neow_cost":"NONE","seed_source_timestamp":0,"circlet_count":0,"master_deck":["Defend_G","Defend_G","Defend_G","Defend_G","Strike_G","Strike_G+1","Survivor","Neutralize+1","Noxious Fumes+1","Noxious Fumes+1","PiercingWail","Noxious Fumes+1","Blur+1","Backflip","Bullet Time+1","Crippling Poison+1","Dodge and Roll+1","All Out Attack","Adrenaline","Deflect+1","PiercingWail+1","Blur+1","Dodge and Roll","Distraction+1"],"special_seed":0,"relics":["Ring of the Snake","Anchor","Juzu Bracelet","Velvet Choker","Whetstone","Pear","Lizard Tail","Unceasing Top","Ninja Scroll"],"potions_floor_usage":[8,16,16,24,48,50,50,50],"damage_taken":[{"damage":2.0,"enemies":"Jaw Worm","floor":1.0,"turns":4.0},{"damage":5,"enemies":"Small Slimes","floor":2,"turns":4},{"damage":1,"enemies":"2 Louse","floor":5,"turns":3},{"damage":36,"enemies":"Lagavulin","floor":8,"turns":7},{"damage":0,"enemies":"Exordium Thugs","floor":14,"turns":5},{"damage":10,"enemies":"The Guardian","floor":16,"turns":10},{"damage":1,"enemies":"2 Thieves","floor":18,"turns":5},{"damage":3,"enemies":"Colosseum Slavers","floor":21,"turns":5},{"damage":18,"enemies":"Book of Stabbing","floor":24,"turns":7},{"damage":4,"enemies":"3 Byrds","floor":31,"turns":3},{"damage":25,"enemies":"Champ","floor":33,"turns":13},{"damage":41,"enemies":"Orb Walker","floor":35,"turns":6},{"damage":2,"enemies":"Mind Bloom Boss Battle","floor":36,"turns":9},{"damage":0,"enemies":"3 Shapes","floor":37,"turns":3},{"damage":22,"enemies":"Spire Growth","floor":39,"turns":7},{"damage":5,"enemies":"Maw","floor":45,"turns":9},{"damage":29,"enemies":"Sphere and 2 Shapes","floor":48,"turns":6},{"damage":94,"enemies":"Time Eater","floor":50,"turns":15}],"seed_played":"-2747576763558753046","potions_obtained":[{"floor":0.0,"key":"Poison Potion"},{"floor":0.0,"key":"Energy Potion"},{"floor":0.0,"key":"Strength Potion"},{"floor":1,"key":"SpeedPotion"},{"floor":8,"key":"EssenceOfSteel"},{"floor":18,"key":"Weak Potion"},{"floor":24,"key":"LiquidBronze"},{"floor":35,"key":"Swift Potion"},{"floor":48,"key":"Energy Potion"}],"is_trial":false,"path_per_floor":["M","M","$","?","M","R","$","E","T","?","?","$","$","M","R","B",null,"M","$","$","?","?","R","E","R","T","R","?","R","?","M","R","B",null,"M","?","M","$","M","R","?","R","T","$","M","?","$","M","R","B"],"character_chosen":"THE_SILENT","items_purchased":["PiercingWail","Noxious Fumes","Dodge and Roll","Dodge and Roll"],"campfire_rested":4,"item_purchase_floors":[3,3,19,47],"current_hp_per_floor":[68,63,63,68,67,67,67,31,31,31,31,31,31,31,53,43,75,74,74,74,71,71,71,53,53,63,63,63,63,63,59,59,34,85,44,42,42,42,20,45,45,70,70,70,65,65,65,36,61,21],"gold":14,"neow_bonus":"THREE_SMALL_POTIONS","is_prod":false,"is_daily":false,"chose_seed":false,"campfire_upgraded":6,"win_rate":0,"timestamp":1538219842,"path_taken":["M","M","$","?","M","R","?","E","T","?","?","?","$","M","R","BOSS","M","?","$","?","?","R","E","R","T","R","?","R","?","M","R","BOSS","M","?","M","?","M","R","?","R","T","?","M","?","$","M","R","BOSS"],"build_version":"2018-09-27","purchased_purges":2,"victory":true,"max_hp_per_floor":[70,70,70,75,75,75,75,75,75,75,75,75,75,75,75,75,75,75,75,75,75,75,75,75,75,85,85,85,85,85,85,85,85,85,85,85,85,85,85,85,85,85,85,85,85,85,85,85,85,85],"card_choices":[{"not_picked":["Blur","Deadly Poison"],"picked":"Noxious Fumes","floor":1},{"not_picked":["Caltrops","Tactician"],"picked":"Noxious Fumes","floor":2},{"not_picked":["Backstab","Escape Plan"],"picked":"Blur","floor":5},{"not_picked":["Deadly Poison","Quick Slash"],"picked":"Backflip","floor":8},{"not_picked":["Reflex","Slice","Prepared"],"picked":"SKIP","floor":14},{"not_picked":["Venomology","Unload"],"picked":"Bullet Time","floor":16},{"not_picked":["Flying Knee","Skewer"],"picked":"Crippling Poison","floor":18},{"not_picked":["Terror","Underhanded Strike+1"],"picked":"All Out Attack","floor":24},{"not_picked":["Skewer","Blade Dance+1","Sucker Punch"],"picked":"SKIP","floor":31},{"not_picked":["Malaise","Envenom"],"picked":"Adrenaline","floor":33},{"not_picked":["Underhanded Strike+1","Bouncing Flask+1","Distraction"],"picked":"SKIP","floor":35},{"not_picked":["Backstab+1","Prepared+1"],"picked":"Deflect","floor":37},{"not_picked":["Outmaneuver","Dagger Spray"],"picked":"PiercingWail+1","floor":39},{"not_picked":["Crippling Poison+1","Deflect+1"],"picked":"Blur+1","floor":45},{"not_picked":["Bouncing Flask","Quick Slash+1"],"picked":"Distraction+1","floor":48}],"player_experience":63554,"relics_obtained":[{"floor":8,"key":"Anchor"},{"floor":9,"key":"Juzu Bracelet"},{"floor":24,"key":"Whetstone"},{"floor":26,"key":"Pear"},{"floor":36,"key":"Unceasing Top"},{"floor":43,"key":"Ninja Scroll"}],"event_choices":[{"event_name":"Big Fish","player_choice":"Donut","floor":4,"damage_taken":0},{"event_name":"The Cleric","player_choice":"Card Removal","floor":10,"damage_taken":0},{"event_name":"Scrap Ooze","player_choice":"unsuccessful","floor":11,"damage_taken":0},{"event_name":"Colosseum","player_choice":"Fight","floor":21,"damage_taken":0},{"event_name":"Colosseum","player_choice":"Fled From Nobs","floor":21,"damage_taken":0},{"event_name":"Masked Bandits","player_choice":"Paid Fearfully","floor":22,"damage_taken":0},{"event_name":"Ghosts","player_choice":"Ignored","floor":30,"damage_taken":0},{"event_name":"MindBloom","player_choice":"Fight","floor":36,"damage_taken":0},{"event_name":"Designer","player_choice":"Upgrade 2 Random Cards","floor":41,"damage_taken":0},{"event_name":"Purifier","player_choice":"One Purge","floor":46,"damage_taken":0}],"is_beta":false,"boss_relics":[{"not_picked":["Astrolabe","Ectoplasm"],"picked":"Velvet Choker"},{"not_picked":["Empty Cage","Sozu"],"picked":"Lizard Tail"}],"items_purged_floors":[19,38],"is_endless":false,"potions_floor_spawned":[1,5,8,18,24,35,39,48],"ascension_level":1}