{"gold_per_floor":[110,110,35,35,55,119,119,154,206,206,219,240,259,273,273,273],"floor_reached":16,"playtime":445,"items_purged":[],"score":274,"play_id":"e325013b-d57c-4183-b005-aa0d493a01eb","local_time":"20190317183608","is_ascension_mode":true,"campfire_choices":[{"data":"Bash","floor":7,"key":"SMITH"},{"floor":15,"key":"REST"}],"neow_cost":"NONE","seed_source_timestamp":913629272232073,"circlet_count":0,"master_deck":["AscendersBane","Strike_R","Strike_R","Strike_R","Strike_R","Defend_R","Defend_R","Defend_R","Defend_R","Bash+1","Headbutt","Clothesline","Decay","Carnage","Spot Weakness","Heavy Blade"],"relics":["Burning Blood","NeowsBlessing","Golden Idol","Tiny Chest","Art of War","Pen Nib"],"potions_floor_usage":[8,12,14,14,16],"damage_taken":[{"damage":0,"enemies":"Jaw Worm","floor":1,"turns":1},{"damage":0,"enemies":"Cultist","floor":5,"turns":1},{"damage":0,"enemies":"Lagavulin","floor":6,"turns":1},{"damage":55,"enemies":"3 Sentries","floor":8,"turns":9},{"damage":10,"enemies":"2 Louse","floor":11,"turns":3},{"damage":16,"enemies":"Red Slaver","floor":12,"turns":4},{"damage":12,"enemies":"3 Louse","floor":13,"turns":4},{"damage":10,"enemies":"Looter","floor":14,"turns":2},{"damage":42,"enemies":"The Guardian","floor":16,"turns":5}],"seed_played":"-5348791297302812714","potions_obtained":[{"floor":1,"key":"Regen Potion"},{"floor":8,"key":"PowerPotion"},{"floor":11,"key":"Poison Potion"},{"floor":13,"key":"FearPotion"},{"floor":14,"key":"Weak Potion"}],"is_trial":false,"path_per_floor":["M","?","?","$","M","E","R","E","T","?","M","M","M","M","R","B"],"character_chosen":"IRONCLAD","items_purchased":[],"campfire_rested":1,"item_purchase_floors":[],"current_hp_per_floor":[74,68,68,68,68,68,68,34,34,34,30,20,14,10,30,0],"gold":273,"neow_bonus":"THREE_ENEMY_KILL","is_prod":false,"is_daily":false,"chose_seed":false,"campfire_upgraded":1,"win_rate":0,"timestamp":1552815368,"path_taken":["M","?","?","?","?","E","R","E","T","?","M","M","M","?","R","BOSS"],"build_version":"2019-01-23","purchased_purges":0,"victory":false,"max_hp_per_floor":[75,68,68,68,68,68,68,68,68,68,68,68,68,68,68,68],"card_choices":[{"not_picked":["Reckless Charge","Thunderclap","Wild Strike"],"picked":"SKIP","floor":1},{"not_picked":["Anger","Disarm"],"picked":"Headbutt","floor":5},{"not_picked":["Iron Wave","Anger"],"picked":"Clothesline","floor":6},{"not_picked":["Intimidate","Pummel","Dual Wield"],"picked":"SKIP","floor":8},{"not_picked":["Evolve","Cleave","Body Slam"],"picked":"SKIP","floor":11},{"not_picked":["Flex","Iron Wave"],"picked":"Carnage","floor":12},{"not_picked":["Rampage","Cleave"],"picked":"Spot Weakness","floor":13},{"not_picked":["Cleave","Iron Wave"],"picked":"Heavy Blade","floor":14}],"player_experience":725262,"relics_obtained":[{"floor":6,"key":"Tiny Chest"},{"floor":8,"key":"Art of War"},{"floor":9,"key":"Pen Nib"}],"event_choices":[{"damage_healed":0,"gold_gain":0,"player_choice":"Lose Max HP","damage_taken":0,"relics_obtained":["Golden Idol"],"max_hp_gain":0,"max_hp_loss":7,"event_name":"Golden Idol","floor":2,"gold_loss":0},{"cards_removed":["Strike_R"],"damage_healed":0,"gold_gain":0,"player_choice":"Card Removal","damage_taken":0,"max_hp_gain":0,"max_hp_loss":0,"event_name":"The Cleric","floor":3,"gold_loss":75},{"damage_healed":0,"gold_gain":0,"player_choice":"Cursed","damage_taken":0,"max_hp_gain":0,"max_hp_loss":0,"event_name":"Wheel of Change","floor":10,"gold_loss":0,"cards_obtained":["Decay"]}],"is_beta":false,"boss_relics":[],"items_purged_floors":[],"is_endless":false,"potions_floor_spawned":[1,8,11,13,14],"killed_by":"The Guardian","ascension_level":20}