{"gold_per_floor":[110,130,148,6,6,6,22,22,45,63,13,13,43,62,62,163,163,179,179,197,216,18,18,18,38,38,38,52,63,63,74,74,172,172,190,190,205,3,17,17,17],"floor_reached":41,"playtime":2188,"items_purged":["Strike_B","Strike_B","Shame","Strike_B"],"score":397,"play_id":"c077635a-ee8f-4c06-b24c-2a2d7607d298","local_time":"20190419133729","is_ascension_mode":false,"campfire_choices":[{"data":"Zap","floor":6,"key":"SMITH"},{"data":"Tempest","floor":8,"key":"SMITH"},{"data":"Defragment","floor":12,"key":"SMITH"},{"data":"Hologram","floor":15,"key":"SMITH"},{"data":"Streamline","floor":23,"key":"SMITH"},{"data":"Dualcast","floor":27,"key":"SMITH"},{"data":"Electrodynamics","floor":30,"key":"SMITH"},{"floor":32,"key":"REST"},{"data":"Coolheaded","floor":40,"key":"SMITH"}],"neow_cost":"NONE","seed_source_timestamp":13739144839951,"circlet_count":0,"master_deck":["Defend_B","Defend_B","Defend_B","Defend_B","Zap+1","Dualcast+1","Streamline+1","Coolheaded+1","Tempest+1","Reinforced Body","Defragment+1","Auto Shields","Hologram+1","Meteor Strike","Gash","Melter","Steam Power","Electrodynamics+1","Coolheaded","FTL","Meteor Strike","Coolheaded+1","Turbo+1","Gash","Self Repair","Conserve Battery","Chaos+1"],"relics":["Cracked Core","Smiling Mask","Regal Pillow","Philosopher\u0027s Stone","StoneCalendar","Lantern","Strawberry","Pantograph","Cursed Key"],"potions_floor_usage":[7,20,21,37,41],"damage_taken":[{"damage":1,"enemies":"Cultist","floor":1,"turns":3},{"damage":0,"enemies":"2 Louse","floor":2,"turns":2},{"damage":6,"enemies":"Small Slimes","floor":3,"turns":4},{"damage":9,"enemies":"2 Fungi Beasts","floor":7,"turns":2},{"damage":17,"enemies":"Gremlin Gang","floor":10,"turns":3},{"damage":14,"enemies":"Gremlin Nob","floor":13,"turns":3},{"damage":3,"enemies":"Large Slime","floor":14,"turns":5},{"damage":3,"enemies":"Slime Boss","floor":16,"turns":6},{"damage":7,"enemies":"Shell Parasite","floor":18,"turns":4},{"damage":13,"enemies":"3 Byrds","floor":20,"turns":3},{"damage":12,"enemies":"Centurion and Healer","floor":21,"turns":9},{"damage":1,"enemies":"Cultist and Chosen","floor":25,"turns":5},{"damage":6,"enemies":"Snake Plant","floor":28,"turns":3},{"damage":6,"enemies":"Centurion and Healer","floor":29,"turns":4},{"damage":24,"enemies":"Shelled Parasite and Fungi","floor":31,"turns":6},{"damage":44,"enemies":"Champ","floor":33,"turns":11},{"damage":16,"enemies":"3 Darklings","floor":35,"turns":4},{"damage":13,"enemies":"Orb Walker","floor":37,"turns":4},{"damage":28,"enemies":"Spire Growth","floor":39,"turns":5},{"damage":93,"enemies":"Nemesis","floor":41,"turns":6}],"seed_played":"-4353560080945410890","potions_obtained":[{"floor":3,"key":"Explosive Potion"},{"floor":13,"key":"Dexterity Potion"},{"floor":14,"key":"SkillPotion"},{"floor":16,"key":"Explosive Potion"},{"floor":20,"key":"FearPotion"},{"floor":31,"key":"SteroidPotion"},{"floor":35,"key":"Regen Potion"},{"floor":39,"key":"Regen Potion"}],"is_trial":false,"path_per_floor":["M","M","M","$","?","R","M","R","T","M","$","R","E","M","R","B",null,"M","?","M","M","$","R","?","M","T","R","M","M","R","M","R","B",null,"M","?","M","$","M","R","E"],"character_chosen":"DEFECT","items_purchased":["Tempest","Lantern","Gash","Self Repair","Conserve Battery"],"campfire_rested":1,"item_purchase_floors":[4,22,38,38,38],"current_hp_per_floor":[81,81,75,75,75,75,66,66,66,49,49,49,35,32,32,29,82,75,75,62,50,50,50,57,56,56,56,50,44,44,20,61,42,89,73,73,72,72,51,51,0],"gold":17,"neow_bonus":"TEN_PERCENT_HP_BONUS","is_prod":false,"is_daily":false,"chose_seed":false,"campfire_upgraded":8,"win_rate":0,"timestamp":1555652249,"path_taken":["M","M","?","$","?","R","?","R","T","M","$","R","E","M","R","BOSS","M","?","M","M","$","R","?","M","T","R","M","M","R","M","R","BOSS","M","?","M","$","?","R","E"],"build_version":"2019-01-23","purchased_purges":4,"victory":false,"max_hp_per_floor":[82,82,82,82,82,82,82,82,82,82,82,82,82,82,82,82,82,82,82,82,82,82,82,89,89,89,89,89,89,89,89,89,89,89,89,89,89,89,89,89,89],"card_choices":[{"not_picked":["Rebound","Reprogram","Go for the Eyes"],"picked":"SKIP","floor":1},{"not_picked":["Conserve Battery","Barrage"],"picked":"Streamline","floor":2},{"not_picked":["Leap","Redo"],"picked":"Coolheaded","floor":3},{"not_picked":["BootSequence","Streamline"],"picked":"Reinforced Body","floor":7},{"not_picked":["Ball Lightning","Coolheaded"],"picked":"Defragment","floor":10},{"not_picked":["Turbo","Hello World"],"picked":"Auto Shields","floor":13},{"not_picked":["Meteor Strike","Stack"],"picked":"Hologram","floor":14},{"not_picked":["Electrodynamics","Machine Learning"],"picked":"Meteor Strike","floor":16},{"not_picked":["Heatsinks","Rip and Tear","Cold Snap"],"picked":"SKIP","floor":18},{"not_picked":["Compile Driver","Barrage"],"picked":"Gash","floor":20},{"not_picked":["Streamline","Turbo"],"picked":"Melter","floor":21},{"not_picked":["Beam Cell","Leap+1"],"picked":"Steam Power","floor":25},{"not_picked":["Coolheaded","Rebound"],"picked":"Electrodynamics","floor":28},{"not_picked":["Melter+1","Reinforced Body"],"picked":"Coolheaded","floor":29},{"not_picked":["Undo+1","Streamline"],"picked":"FTL","floor":31},{"not_picked":["Multi-Cast","Machine Learning"],"picked":"Meteor Strike","floor":33},{"not_picked":["Heatsinks+1","Leap"],"picked":"Coolheaded","floor":35},{"not_picked":["Streamline","Genetic Algorithm+1"],"picked":"Turbo+1","floor":37},{"not_picked":["Reprogram","Sunder"],"picked":"Chaos+1","floor":39}],"player_experience":450594,"relics_obtained":[{"floor":9,"key":"Smiling Mask"},{"floor":13,"key":"Regal Pillow"},{"floor":26,"key":"Pantograph"}],"event_choices":[{"cards_removed":["Strike_B"],"damage_healed":0,"gold_gain":0,"player_choice":"Purged","damage_taken":0,"max_hp_gain":0,"max_hp_loss":0,"event_name":"Purifier","floor":5,"gold_loss":0},{"damage_healed":0,"gold_gain":0,"player_choice":"Stole Relic","damage_taken":0,"relics_obtained":["StoneCalendar"],"max_hp_gain":0,"max_hp_loss":0,"event_name":"Addict","floor":19,"gold_loss":0,"cards_obtained":["Shame"]},{"damage_healed":0,"gold_gain":0,"player_choice":"Opened","damage_taken":0,"relics_obtained":["Strawberry"],"max_hp_gain":0,"max_hp_loss":0,"event_name":"The Mausoleum","floor":24,"gold_loss":0},{"damage_healed":0,"gold_gain":0,"player_choice":"Upgraded","damage_taken":0,"max_hp_gain":0,"max_hp_loss":0,"event_name":"Upgrade Shrine","floor":36,"gold_loss":0,"cards_upgraded":["Coolheaded"]}],"is_beta":false,"boss_relics":[{"not_picked":["Black Star","Coffee Dripper"],"picked":"Philosopher\u0027s Stone"},{"not_picked":["FrozenCore","Empty Cage"],"picked":"Cursed Key"}],"items_purged_floors":[4,11,22,38],"is_endless":false,"potions_floor_spawned":[3,13,14,16,20,31,35,39],"killed_by":"Nemesis","ascension_level":0}