{"path_per_floor":["M","M","T","?","?","M","M","R","T","R","E","M","$","E","R","B",null,"M","?","M","$","M","E","M","R","T","?","$","E","M","?","R","B",null,"M","$","M","M","M"],"character_chosen":"IRONCLAD","items_purchased":["Shrug It Off","Dramatic Entrance","Impervious"],"gold_per_floor":[116,130,184,184,184,197,216,216,216,216,246,256,131,156,156,251,251,263,178,193,98,118,153,171,171,171,171,71,102,117,117,117,221,251,268,108,120,139,155,155],"floor_reached":40,"campfire_rested":1,"playtime":5029,"item_purchase_floors":[13,21,36],"current_hp_per_floor":[80,80,80,64,64,70,71,71,71,71,41,39,39,45,69,57,80,71,71,70,70,64,43,47,47,47,47,47,48,48,48,48,7,99,85,85,91,75,57,0],"items_purged":["Bash","Strike_R"],"gold":155,"score":488,"play_id":"99dd2c95-cb37-4e41-a49b-73494a063970","local_time":"20180526154346","is_prod":false,"is_daily":false,"chose_seed":false,"is_ascension_mode":false,"campfire_upgraded":4,"win_rate":0.0,"timestamp":1527367426,"campfire_choices":[{"data":"Cleave","floor":8,"key":"SMITH"},{"data":"Twin Strike","floor":10,"key":"SMITH"},{"floor":15,"key":"REST"},{"data":"Juggernaut","floor":25,"key":"SMITH"},{"data":"Dramatic Entrance","floor":32,"key":"SMITH"}],"path_taken":["M","M","?","?","?","M","M","R","T","R","E","?","$","E","R","BOSS","M","?","M","$","M","E","?","R","T","?","$","E","M","?","R","BOSS","M","$","M","M","M","E"],"build_version":"2018-05-24","seed_source_timestamp":312849714937862,"purchased_purges":2,"victory":false,"master_deck":["Strike_R","Strike_R","Strike_R+1","Strike_R+1","Defend_R","Defend_R","Defend_R","Defend_R","Pommel Strike","Twin Strike+1","Cleave+1","Power Through","Cleave","True Grit","Shrug It Off","Iron Wave","Juggernaut+1","Cleave","Shrug It Off+1","Dramatic Entrance+1","Body Slam+1","Fire Breathing+1","Power Through+1","Writhe","Feel No Pain","Battle Trance","Power Through+1","Impervious","Thunderclap+1","Impervious","Carnage+1","Corruption+1","Pommel Strike+1"],"max_hp_per_floor":[80,80,80,80,80,80,80,80,80,80,80,80,80,80,80,80,80,80,80,80,80,80,94,94,94,94,94,94,94,94,94,94,94,99,99,99,99,99,99,99],"relics":["Burning Blood","Vajra","Oddly Smooth Stone","Anchor","Red Skull","Orichalcum","White Beast Statue","Kunai","Mango","Shuriken","Matryoshka","Charon\u0027s Ashes","Tiny House"],"card_choices":[{"not_picked":["Perfected Strike","Sword Boomerang"],"picked":"Pommel Strike","floor":1},{"not_picked":["Sword Boomerang","Flex"],"picked":"Twin Strike","floor":2},{"not_picked":["Disarm","Armaments"],"picked":"Cleave","floor":6},{"not_picked":["Flex","Thunderclap"],"picked":"Power Through","floor":7},{"not_picked":["Pummel","Battle Trance"],"picked":"Cleave","floor":11},{"not_picked":["Clash","Anger"],"picked":"True Grit","floor":12},{"not_picked":["Clash","Twin Strike"],"picked":"Iron Wave","floor":14},{"not_picked":["Dark Embrace","Double Tap"],"picked":"Juggernaut","floor":16},{"not_picked":["Body Slam","Iron Wave"],"picked":"Cleave","floor":18},{"not_picked":["Clothesline","Combust"],"picked":"Shrug It Off","floor":20},{"not_picked":["Flex","Headbutt"],"picked":"Body Slam+1","floor":22},{"not_picked":["Sword Boomerang","Ghostly Armor"],"picked":"Fire Breathing+1","floor":23},{"not_picked":["Rupture+1","Dropkick"],"picked":"Power Through+1","floor":24},{"not_picked":["Clothesline","Clash"],"picked":"Feel No Pain","floor":29},{"not_picked":["Flex","Reckless Charge"],"picked":"Battle Trance","floor":30},{"not_picked":["Demon Form","Bludgeon"],"picked":"Impervious","floor":33},{"not_picked":["Perfected Strike+1","Burning Pact"],"picked":"Thunderclap+1","floor":35},{"not_picked":["Feed","Twin Strike"],"picked":"Carnage+1","floor":37},{"not_picked":["Clash+1","True Grit+1"],"picked":"Corruption+1","floor":38},{"not_picked":["Flex","Armaments"],"picked":"Pommel Strike+1","floor":39}],"player_experience":2548,"potions_floor_usage":[16,23,29,29,33,33,33,38,40,40,40,40,40,40],"damage_taken":[{"damage":6,"enemies":"Cultist","floor":1,"turns":3},{"damage":2,"enemies":"2 Louse","floor":2,"turns":4},{"damage":0,"enemies":"Small Slimes","floor":6,"turns":3},{"damage":5,"enemies":"Gremlin Gang","floor":7,"turns":3},{"damage":36,"enemies":"Lagavulin","floor":11,"turns":7},{"damage":8,"enemies":"Lots of Slimes","floor":12,"turns":3},{"damage":0,"enemies":"3 Sentries","floor":14,"turns":3},{"damage":18,"enemies":"Slime Boss","floor":16,"turns":12},{"damage":15,"enemies":"2 Thieves","floor":18,"turns":4},{"damage":7,"enemies":"3 Byrds","floor":20,"turns":5},{"damage":12,"enemies":"Cultist and Chosen","floor":22,"turns":8},{"damage":41,"enemies":"Book of Stabbing","floor":23,"turns":6},{"damage":2,"enemies":"Centurion and Healer","floor":24,"turns":5},{"damage":17,"enemies":"Slavers","floor":29,"turns":5},{"damage":6,"enemies":"3 Cultists","floor":30,"turns":4},{"damage":47,"enemies":"Automaton","floor":33,"turns":10},{"damage":20,"enemies":"3 Darklings","floor":35,"turns":5},{"damage":0,"enemies":"3 Shapes","floor":37,"turns":2},{"damage":22,"enemies":"Sphere and 2 Shapes","floor":38,"turns":4},{"damage":24,"enemies":"4 Shapes","floor":39,"turns":3},{"damage":73,"enemies":"Giant Head","floor":40,"turns":10}],"relics_obtained":[{"floor":3,"key":"Vajra"},{"floor":9,"key":"Anchor"},{"floor":11,"key":"Red Skull"},{"floor":14,"key":"Orichalcum"},{"floor":23,"key":"Mango"},{"floor":26,"key":"Shuriken"},{"floor":29,"key":"Charon\u0027s Ashes"}],"event_choices":[{"event_name":"Shining Light","player_choice":"Entered Light","floor":4,"damage_taken":0},{"event_name":"Accursed Blacksmith","player_choice":"Rummage","floor":5,"damage_taken":0},{"event_name":"Addict","player_choice":"Obtained Relic","floor":19,"damage_taken":0},{"event_name":"The Mausoleum","player_choice":"Yes","floor":27,"damage_taken":0},{"event_name":"Duplicator","player_choice":"One dupe","floor":31,"damage_taken":0}],"boss_relics":[{"not_picked":["Philosopher\u0027s Stone","Ectoplasm"],"picked":"White Beast Statue"},{"not_picked":["Sozu","Runic Cube"],"picked":"Tiny House"}],"items_purged_floors":[13,28],"potions_floor_spawned":[2,6,18,20,22,23,24,29,30,33,35,37,38,39],"seed_played":"6736458907772098084","killed_by":"Giant Head","ascension_level":0,"potions_obtained":[{"floor":2,"key":"Block Potion"},{"floor":6,"key":"SneckoOil"},{"floor":18,"key":"Poison Potion"},{"floor":20,"key":"BloodPotion"},{"floor":22,"key":"Ancient Potion"},{"floor":23,"key":"EssenceOfSteel"},{"floor":24,"key":"Regen Potion"},{"floor":29,"key":"AttackPotion"},{"floor":30,"key":"SteroidPotion"},{"floor":33,"key":"Strength Potion"},{"floor":34,"key":"EntropicBrew"},{"floor":35,"key":"Weak Potion"},{"floor":37,"key":"LiquidBronze"},{"floor":38,"key":"SkillPotion"},{"floor":39,"key":"Fire Potion"}],"is_trial":false}