{"gold_per_floor":[110,122,140,140,415,415,432,432,432,44,44,74,92,116,116,116],"floor_reached":16,"playtime":341,"items_purged":["Regret"],"score":195,"play_id":"36e0c060-b829-4bd7-b0c4-3cd24e54b55f","local_time":"20190408235624","is_ascension_mode":true,"campfire_choices":[{"data":"Zap","floor":6,"key":"SMITH"},{"data":"Go for the Eyes","floor":8,"key":"SMITH"},{"data":"Self Repair","floor":11,"key":"SMITH"},{"floor":15,"key":"REST"}],"neow_cost":"NONE","seed_source_timestamp":780142447481500,"circlet_count":0,"master_deck":["AscendersBane","Strike_B","Strike_B","Strike_B","Strike_B","Defend_B","Defend_B","Defend_B","Defend_B","Zap+1","Dualcast","Go for the Eyes+1","Melter","Gash","Regret","Self Repair+1","Glacier","BootSequence","Glacier"],"relics":["Cracked Core","NeowsBlessing","Cables","The Courier","Membership Card","PreservedInsect","Bronze Scales","Sundial","Regal Pillow"],"potions_floor_usage":[7],"damage_taken":[{"damage":0,"enemies":"Cultist","floor":1,"turns":1},{"damage":0,"enemies":"Jaw Worm","floor":2,"turns":1},{"damage":0,"enemies":"2 Louse","floor":3,"turns":1},{"damage":20,"enemies":"Gremlin Gang","floor":7,"turns":4},{"damage":21,"enemies":"3 Sentries","floor":12,"turns":4},{"damage":10,"enemies":"Exordium Thugs","floor":13,"turns":5},{"damage":71,"enemies":"Slime Boss","floor":16,"turns":11}],"seed_played":"2015838071537669744","potions_obtained":[{"floor":1,"key":"FearPotion"},{"floor":12,"key":"GamblersBrew"}],"is_trial":false,"path_per_floor":["M","M","M","?","?","R","M","R","T","$","R","E","M","T","R","B"],"character_chosen":"DEFECT","items_purchased":["Membership Card","Self Repair","Glacier","PreservedInsect","Bronze Scales"],"campfire_rested":1,"item_purchase_floors":[10,10,10,10,10],"current_hp_per_floor":[64,64,64,64,64,64,44,44,44,44,44,33,33,33,69,0],"gold":116,"neow_bonus":"THREE_ENEMY_KILL","is_prod":false,"is_daily":false,"chose_seed":false,"campfire_upgraded":3,"win_rate":0,"timestamp":1554760584,"path_taken":["M","M","?","?","?","R","?","R","T","$","R","E","M","?","R","BOSS"],"build_version":"2019-01-23","purchased_purges":1,"victory":false,"max_hp_per_floor":[71,71,71,71,71,71,71,71,71,71,71,71,71,71,71,71],"card_choices":[{"not_picked":["Capacitor","Sweeping Beam"],"picked":"Go for the Eyes","floor":1},{"not_picked":["Barrage","Double Energy"],"picked":"Melter","floor":2},{"not_picked":["Blizzard","Go for the Eyes"],"picked":"Gash","floor":3},{"not_picked":["Steam","Hologram","Static Discharge"],"picked":"SKIP","floor":7},{"not_picked":["Redo","Loop"],"picked":"BootSequence","floor":12},{"not_picked":["Turbo","Barrage"],"picked":"Glacier","floor":13}],"player_experience":519232,"relics_obtained":[{"floor":9,"key":"The Courier"},{"floor":12,"key":"Sundial"},{"floor":14,"key":"Regal Pillow"}],"event_choices":[{"damage_healed":0,"gold_gain":0,"player_choice":"Box","damage_taken":0,"relics_obtained":["Cables"],"max_hp_gain":0,"max_hp_loss":0,"event_name":"Big Fish","floor":4,"gold_loss":0,"cards_obtained":["Regret"]},{"damage_healed":0,"gold_gain":275,"player_choice":"Desecrate","damage_taken":0,"max_hp_gain":0,"max_hp_loss":0,"event_name":"Golden Shrine","floor":5,"gold_loss":0,"cards_obtained":["Regret"]}],"is_beta":false,"boss_relics":[],"items_purged_floors":[10],"is_endless":false,"potions_floor_spawned":[1,12],"killed_by":"Slime Boss","ascension_level":19}