{"gold_per_floor":[114,124,124,137,157,192,205,205,259,272,272,292,292,5,5,109,109,119,44,64,75,75],"floor_reached":22,"playtime":772,"items_purged":["Strike_B"],"score":257,"play_id":"2f97ad16-188f-4081-8916-2b6d08119850","local_time":"20190324180936","is_ascension_mode":true,"campfire_choices":[{"floor":8,"key":"REST"},{"data":"Sunder","floor":11,"key":"SMITH"},{"data":"Dualcast","floor":13,"key":"SMITH"},{"data":"Streamline","floor":15,"key":"SMITH"}],"neow_cost":"NONE","seed_source_timestamp":164785095572035,"circlet_count":0,"master_deck":["Strike_B","Strike_B","Defend_B","Defend_B","Defend_B","Defend_B","Zap","Dualcast+1","Sunder+1","Streamline+1","Steam","Gash","Steam","Go for the Eyes","Ball Lightning+1","Glacier","Coolheaded"],"relics":["Cracked Core","NeowsBlessing","Bottled Flame","Tiny Chest","Emotion Chip","Velvet Choker"],"potions_floor_usage":[6,6,16,20,20],"damage_taken":[{"damage":0,"enemies":"Small Slimes","floor":1,"turns":1},{"damage":0,"enemies":"Cultist","floor":2,"turns":1},{"damage":0,"enemies":"2 Louse","floor":4,"turns":1},{"damage":12,"enemies":"Looter","floor":5,"turns":4},{"damage":10,"enemies":"Lagavulin","floor":6,"turns":5},{"damage":30,"enemies":"Exordium Thugs","floor":7,"turns":4},{"damage":0,"enemies":"Exordium Wildlife","floor":10,"turns":2},{"damage":8,"enemies":"Looter","floor":12,"turns":3},{"damage":33,"enemies":"The Guardian","floor":16,"turns":10},{"damage":10,"enemies":"Shell Parasite","floor":18,"turns":5},{"damage":10,"enemies":"2 Thieves","floor":20,"turns":4},{"damage":14,"enemies":"Snake Plant","floor":21,"turns":4},{"damage":23,"enemies":"Snecko","floor":22,"turns":4}],"seed_played":"-5945131342171453075","potions_obtained":[{"floor":1,"key":"Weak Potion"},{"floor":2,"key":"Block Potion"},{"floor":7,"key":"Regen Potion"},{"floor":12,"key":"Explosive Potion"},{"floor":16,"key":"Weak Potion"},{"floor":20,"key":"SteroidPotion"},{"floor":21,"key":"Swift Potion"}],"is_trial":false,"path_per_floor":["M","M","?","M","M","E","M","R","T","M","R","M","R","$","R","B",null,"M","$","M","M","M"],"character_chosen":"DEFECT","items_purchased":["Emotion Chip"],"campfire_rested":1,"item_purchase_floors":[14],"current_hp_per_floor":[68,68,68,68,56,46,16,38,38,38,38,30,30,30,30,12,59,49,49,39,25,2],"gold":75,"neow_bonus":"THREE_ENEMY_KILL","is_prod":false,"is_daily":false,"chose_seed":false,"campfire_upgraded":3,"win_rate":0,"timestamp":1553447376,"path_taken":["M","M","?","?","?","E","M","R","T","M","R","M","R","$","R","BOSS","M","$","M","M","M"],"build_version":"2019-01-23","purchased_purges":1,"victory":false,"max_hp_per_floor":[75,75,75,75,75,75,75,75,75,75,75,75,75,75,75,75,75,75,75,75,75,75],"card_choices":[{"not_picked":["Blizzard","Barrage"],"picked":"Sunder","floor":1},{"not_picked":["Conserve Battery","Reinforced Body"],"picked":"Streamline","floor":2},{"not_picked":["Turbo","Stack"],"picked":"Steam","floor":4},{"not_picked":["Force Field","Rebound","Stack"],"picked":"SKIP","floor":5},{"not_picked":["Barrage","Multi-Cast"],"picked":"Gash","floor":6},{"not_picked":["Sunder","Hello World"],"picked":"Steam","floor":7},{"not_picked":["Beam Cell","Streamline"],"picked":"Go for the Eyes","floor":10},{"not_picked":["Cold Snap","Sweeping Beam","Stack"],"picked":"SKIP","floor":12},{"not_picked":["Rebound","Streamline"],"picked":"Ball Lightning+1","floor":18},{"not_picked":["Fusion","Genetic Algorithm"],"picked":"Glacier","floor":20},{"not_picked":["Compile Driver","Coolheaded","Capacitor"],"picked":"SKIP","floor":21},{"not_picked":["Compile Driver","Capacitor"],"picked":"Coolheaded","floor":21}],"player_experience":367542,"relics_obtained":[{"floor":6,"key":"Bottled Flame"},{"floor":9,"key":"Tiny Chest"}],"event_choices":[{"cards_removed":["Strike_B"],"damage_healed":0,"gold_gain":0,"player_choice":"Purged","damage_taken":0,"max_hp_gain":0,"max_hp_loss":0,"event_name":"Purifier","floor":3,"gold_loss":0}],"is_beta":false,"boss_relics":[{"not_picked":["Busted Crown","Runic Dome"],"picked":"Velvet Choker"}],"items_purged_floors":[19],"is_endless":false,"potions_floor_spawned":[1,2,7,12,16,20,21],"killed_by":"Snecko","ascension_level":7}