{"gold_per_floor":[215,230,405,425,154,154,179,179,179,212,229,229,37,49,49,49],"floor_reached":16,"playtime":626,"items_purged":["Doubt"],"score":165,"play_id":"a1083fae-2532-4213-b1c6-9d610a4a0475","local_time":"20190327205204","is_ascension_mode":true,"campfire_choices":[{"data":"Skewer","floor":6,"key":"SMITH"},{"data":"Neutralize","floor":8,"key":"SMITH"},{"data":"Backflip","floor":15,"key":"SMITH"}],"neow_cost":"NONE","seed_source_timestamp":256098522945755,"circlet_count":0,"master_deck":["AscendersBane","Defend_G","Defend_G","Defend_G","Defend_G","Defend_G","Strike_G","Strike_G","Strike_G","Strike_G","Strike_G","Survivor","Neutralize+1","Masterful Stab","Skewer+1","Backflip+1","Poisoned Stab","Poisoned Stab"],"relics":["Ring of the Snake","Happy Flower","Strawberry","Sundial","Omamori","TwistedFunnel"],"potions_floor_usage":[7,10,16],"damage_taken":[{"damage":4,"enemies":"Small Slimes","floor":1,"turns":3},{"damage":0,"enemies":"2 Louse","floor":2,"turns":3},{"damage":6,"enemies":"Cultist","floor":4,"turns":4},{"damage":12,"enemies":"Lagavulin","floor":7,"turns":5},{"damage":12,"enemies":"Gremlin Nob","floor":10,"turns":3},{"damage":0,"enemies":"2 Fungi Beasts","floor":11,"turns":3},{"damage":0,"enemies":"Looter","floor":14,"turns":1},{"damage":42,"enemies":"The Guardian","floor":16,"turns":8}],"seed_played":"-8491592626743473352","potions_obtained":[{"floor":1,"key":"Fire Potion"},{"floor":7,"key":"Fire Potion"},{"floor":11,"key":"Fire Potion"}],"is_trial":false,"path_per_floor":["M","M","?","M","$","R","E","R","T","E","M","?","$","M","R","B"],"character_chosen":"THE_SILENT","items_purchased":["Happy Flower","Backflip","TwistedFunnel"],"campfire_rested":0,"item_purchase_floors":[5,5,13],"current_hp_per_floor":[59,59,59,53,53,53,48,48,48,36,36,36,36,36,36,0],"gold":49,"neow_bonus":"HUNDRED_GOLD","is_prod":false,"is_daily":false,"chose_seed":false,"campfire_upgraded":3,"win_rate":0,"timestamp":1553716324,"path_taken":["M","M","?","M","$","R","E","R","T","E","M","?","$","M","R","BOSS"],"build_version":"2019-01-23","purchased_purges":1,"victory":false,"max_hp_per_floor":[70,70,70,70,70,70,77,77,77,77,77,77,77,77,77,77],"card_choices":[{"not_picked":["Quick Slash","Dagger Throw"],"picked":"Masterful Stab","floor":1},{"not_picked":["Underhanded Strike","Flying Knee","Bane"],"picked":"SKIP","floor":2},{"not_picked":["Acrobatics","Skewer","Sucker Punch"],"picked":"SKIP","floor":4},{"not_picked":["Acrobatics","Sucker Punch"],"picked":"Skewer","floor":4},{"not_picked":["PiercingWail","Backflip","Unload"],"picked":"SKIP","floor":7},{"not_picked":["Poisoned Stab","Phantasmal Killer","Sucker Punch"],"picked":"SKIP","floor":10},{"not_picked":["Flying Knee","Cloak And Dagger"],"picked":"Poisoned Stab","floor":11},{"not_picked":["Distraction","Deflect"],"picked":"Poisoned Stab","floor":14}],"player_experience":384645,"relics_obtained":[{"floor":7,"key":"Strawberry"},{"floor":9,"key":"Sundial"},{"floor":10,"key":"Omamori"}],"event_choices":[{"damage_healed":0,"gold_gain":175,"player_choice":"AGREE","damage_taken":0,"max_hp_gain":0,"max_hp_loss":0,"event_name":"Liars Game","floor":3,"gold_loss":0,"cards_obtained":["Doubt"]},{"damage_healed":0,"gold_gain":0,"player_choice":"Ignored","damage_taken":0,"max_hp_gain":0,"max_hp_loss":0,"event_name":"Shining Light","floor":12,"gold_loss":0}],"is_beta":false,"boss_relics":[],"items_purged_floors":[5],"is_endless":false,"potions_floor_spawned":[1,7,11],"killed_by":"The Guardian","ascension_level":10}