{"gold_per_floor":[116,129,129,129,153,153,194,194,220,243,243,267,267],"floor_reached":13,"playtime":410,"items_purged":[],"score":157,"play_id":"beef54ad-2633-4e22-945f-d607ff4a0b89","local_time":"20190416182502","is_ascension_mode":true,"campfire_choices":[{"data":"Zap","floor":6,"key":"SMITH"},{"floor":8,"key":"REST"},{"data":"Go for the Eyes","floor":11,"key":"SMITH"}],"neow_cost":"NONE","seed_source_timestamp":532403509705279,"circlet_count":0,"master_deck":["AscendersBane","Strike_B","Strike_B","Strike_B","Defend_B","Defend_B","Defend_B","Zap+1","Dualcast","Go for the Eyes+1","Gash","Leap","BootSequence"],"relics":["Cracked Core","Golden Idol","Lantern","Boot"],"potions_floor_usage":[7,10,13],"damage_taken":[{"damage":4,"enemies":"Small Slimes","floor":1,"turns":4},{"damage":1,"enemies":"2 Louse","floor":2,"turns":3},{"damage":2,"enemies":"Jaw Worm","floor":5,"turns":3},{"damage":30,"enemies":"3 Sentries","floor":7,"turns":7},{"damage":10,"enemies":"Exordium Thugs","floor":10,"turns":3},{"damage":0,"enemies":"Red Slaver","floor":12,"turns":3},{"damage":37,"enemies":"Gremlin Nob","floor":13,"turns":4}],"seed_played":"-3850804886999125063","potions_obtained":[{"floor":1,"key":"LiquidBronze"},{"floor":2,"key":"AttackPotion"},{"floor":10,"key":"GamblersBrew"}],"is_trial":false,"path_per_floor":["M","M","?","?","M","R","E","R","T","M","R","M","E"],"character_chosen":"DEFECT","items_purchased":[],"campfire_rested":1,"item_purchase_floors":[],"current_hp_per_floor":[60,59,52,52,50,50,20,39,39,29,29,29,0],"gold":267,"neow_bonus":"REMOVE_CARD","is_prod":false,"is_daily":false,"chose_seed":false,"campfire_upgraded":2,"win_rate":0,"timestamp":1555431902,"path_taken":["M","M","?","?","M","R","E","R","T","M","R","M","E"],"build_version":"2019-01-23","purchased_purges":0,"victory":false,"max_hp_per_floor":[71,71,71,64,64,64,64,64,64,64,64,64,64],"card_choices":[{"not_picked":["Static Discharge","Stack","Undo"],"picked":"SKIP","floor":1},{"not_picked":["Barrage","Gash"],"picked":"Go for the Eyes","floor":2},{"not_picked":["Rebound","Compile Driver"],"picked":"Gash","floor":5},{"not_picked":["Capacitor","Storm"],"picked":"Leap","floor":7},{"not_picked":["Barrage","Aggregate"],"picked":"BootSequence","floor":10},{"not_picked":["Turbo","Undo","Barrage"],"picked":"SKIP","floor":12}],"player_experience":647724,"relics_obtained":[{"floor":7,"key":"Lantern"},{"floor":9,"key":"Boot"}],"event_choices":[{"cards_removed":["Defend_B"],"damage_healed":0,"gold_gain":0,"player_choice":"Card Removal","damage_taken":7,"max_hp_gain":0,"max_hp_loss":0,"event_name":"Golden Wing","floor":3,"gold_loss":0},{"damage_healed":0,"gold_gain":0,"player_choice":"Lose Max HP","damage_taken":0,"relics_obtained":["Golden Idol"],"max_hp_gain":0,"max_hp_loss":7,"event_name":"Golden Idol","floor":4,"gold_loss":0}],"is_beta":false,"boss_relics":[],"items_purged_floors":[],"is_endless":false,"potions_floor_spawned":[1,2,5,10],"killed_by":"Gremlin Nob","ascension_level":17}