{"gold_per_floor":[115,115,135,152,32,32,32,64,64,81,100,29,42,54,54,150,150,161,173,173,190,190],"floor_reached":22,"playtime":1954,"items_purged":["Defend_G"],"score":209,"play_id":"842875bc-bea9-4c75-9eaa-0898f42d5508","local_time":"20180929135536","is_ascension_mode":true,"campfire_choices":[{"data":"Dodge and Roll","floor":6,"key":"SMITH"},{"floor":15,"key":"REST"}],"neow_cost":"NONE","seed_source_timestamp":687847722004746,"circlet_count":0,"master_deck":["Defend_G","Defend_G","Defend_G","Defend_G","Strike_G","Strike_G","Strike_G","Strike_G","Strike_G","Survivor","Neutralize+1","Well Laid Plans","Dodge and Roll+1","Flying Knee","PiercingWail","Crippling Poison","Noxious Fumes+1","Deadly Poison","Dodge and Roll","After Image+1","Deflect","Outmaneuver","Noxious Fumes+1","Caltrops+1"],"relics":["Ring of the Snake","Frozen Egg 2","Paper Crane","Snecko Eye"],"potions_floor_usage":[16,16,22],"damage_taken":[{"damage":2,"enemies":"Jaw Worm","floor":1,"turns":4},{"damage":2,"enemies":"Cultist","floor":3,"turns":4},{"damage":0,"enemies":"2 Louse","floor":4,"turns":3},{"damage":21,"enemies":"Gremlin Nob","floor":8,"turns":6},{"damage":1,"enemies":"Blue Slaver","floor":10,"turns":4},{"damage":0,"enemies":"Red Slaver","floor":11,"turns":5},{"damage":2,"enemies":"Exordium Thugs","floor":13,"turns":5},{"damage":2,"enemies":"Exordium Wildlife","floor":14,"turns":5},{"damage":55,"enemies":"Slime Boss","floor":16,"turns":11},{"damage":0,"enemies":"Spheric Guardian","floor":18,"turns":7},{"damage":17,"enemies":"Shell Parasite","floor":19,"turns":9},{"damage":35,"enemies":"Sentry and Sphere","floor":21,"turns":6},{"damage":24,"enemies":"3 Cultists","floor":22,"turns":4}],"seed_played":"6051770189742227617","potions_obtained":[{"floor":3,"key":"Ancient Potion"},{"floor":10,"key":"AttackPotion"},{"floor":11,"key":"FairyPotion"},{"floor":14,"key":"Swift Potion"},{"floor":19,"key":"LiquidBronze"}],"is_trial":false,"path_per_floor":["M","?","M","M","$","R","?","E","T","M","M","$","M","M","R","B",null,"M","M","?","M"],"character_chosen":"THE_SILENT","items_purchased":["Dodge and Roll","Noxious Fumes+1"],"campfire_rested":1,"item_purchase_floors":[5,12],"current_hp_per_floor":[68,68,66,66,66,66,59,38,38,37,37,37,35,33,54,7,70,70,53,53,18,0],"gold":190,"neow_bonus":"UPGRADE_CARD","is_prod":false,"is_daily":false,"chose_seed":false,"campfire_upgraded":1,"win_rate":0,"timestamp":1538222136,"path_taken":["M","?","M","M","$","R","?","E","T","M","?","$","M","M","R","BOSS","M","M","?","M","?"],"build_version":"2018-09-27","purchased_purges":1,"victory":false,"max_hp_per_floor":[70,70,70,70,70,70,70,70,70,70,70,70,70,70,70,70,70,70,70,70,70,70],"card_choices":[{"not_picked":["Prepared","Underhanded Strike","Bane"],"picked":"SKIP","floor":1},{"not_picked":["Blade Dance","Underhanded Strike","Cloak And Dagger"],"picked":"SKIP","floor":3},{"not_picked":["Malaise","Predator"],"picked":"Well Laid Plans","floor":4},{"not_picked":["Underhanded Strike","Cloak And Dagger"],"picked":"Flying Knee","floor":8},{"not_picked":["Dash","Masterful Stab"],"picked":"PiercingWail","floor":10},{"not_picked":["Bouncing Flask","PiercingWail"],"picked":"Crippling Poison","floor":11},{"not_picked":["Dagger Spray","Poisoned Stab"],"picked":"Deadly Poison","floor":13},{"not_picked":["Prepared","Dash"],"picked":"Dodge and Roll","floor":14},{"not_picked":["Venomology","Glass Knife"],"picked":"After Image+1","floor":16},{"not_picked":["Blade Dance","Catalyst"],"picked":"Deflect","floor":18},{"not_picked":["Deadly Poison","Underhanded Strike"],"picked":"Outmaneuver","floor":19},{"not_picked":["Blade Dance+1","Bane+1"],"picked":"Caltrops+1","floor":21}],"player_experience":68283,"relics_obtained":[{"floor":8,"key":"Frozen Egg 2"},{"floor":9,"key":"Paper Crane"}],"event_choices":[{"event_name":"Golden Idol","player_choice":"Ignored","floor":2,"damage_taken":0},{"event_name":"Scrap Ooze","player_choice":"unsuccessful","floor":7,"damage_taken":7},{"event_name":"Duplicator","player_choice":"One dupe","floor":20,"damage_taken":0}],"is_beta":false,"boss_relics":[{"not_picked":["Coffee Dripper","Empty Cage"],"picked":"Snecko Eye"}],"items_purged_floors":[5],"is_endless":false,"potions_floor_spawned":[3,10,11,14,19],"killed_by":"3 Cultists","ascension_level":2}