{"gold_per_floor":[119,269,344,362,180,208,208,233,233,253,29,56,56,67,67,140,140,157,171,44,319,330,330],"floor_reached":23,"playtime":1031,"items_purged":["Doubt"],"score":448,"play_id":"d00d23ce-f006-47e0-aa38-5384f3701973","local_time":"20190415024427","is_ascension_mode":true,"campfire_choices":[{"data":"Storm of Steel","floor":7.0,"key":"SMITH"},{"floor":13.0,"key":"REST"},{"data":"Footwork","floor":15.0,"key":"SMITH"}],"neow_cost":"NONE","seed_source_timestamp":117466423851000,"circlet_count":0,"master_deck":["AscendersBane","Defend_G","Defend_G","Defend_G","Defend_G","Defend_G","Strike_G","Strike_G","Strike_G","Strike_G","Strike_G","Survivor","Neutralize","Acrobatics","Backflip","Backflip","PiercingWail","Storm of Steel+1","Distraction","Footwork+1","Backflip","Night Terror","Infinite Blades","Accuracy","Regret","Cloak And Dagger"],"special_seed":0,"relics":["Ring of the Snake","NeowsBlessing","Ninja Scroll","Bottled Flame","Bottled Lightning","Membership Card","Lantern","Snecko Eye","Oddly Smooth Stone"],"potions_floor_usage":[23,23],"damage_taken":[{"damage":0.0,"enemies":"2 Louse","floor":1.0,"turns":1.0},{"damage":0.0,"enemies":"Jaw Worm","floor":4.0,"turns":1.0},{"damage":0.0,"enemies":"Gremlin Nob","floor":6.0,"turns":1.0},{"damage":29.0,"enemies":"3 Sentries","floor":8.0,"turns":13.0},{"damage":0.0,"enemies":"Cultist","floor":10.0,"turns":2.0},{"damage":5.0,"enemies":"Exordium Thugs","floor":14.0,"turns":6.0},{"damage":45.0,"enemies":"The Guardian","floor":16.0,"turns":26.0},{"damage":0.0,"enemies":"3 Byrds","floor":18.0,"turns":7.0},{"damage":15.0,"enemies":"2 Thieves","floor":19.0,"turns":4.0},{"damage":0.0,"enemies":"Snake Plant","floor":22.0,"turns":6.0},{"damage":40,"enemies":"Book of Stabbing","floor":23,"turns":3}],"seed_played":"-6501755107733942668","potions_obtained":[{"floor":6.0,"key":"Energy Potion"},{"floor":14.0,"key":"Regen Potion"},{"floor":16.0,"key":"LiquidBronze"},{"floor":19.0,"key":"Weak Potion"}],"is_trial":false,"path_per_floor":["M","?","?","M","$","E","R","E","T","M","$","T","R","M","R","B",null,"M","M","$","?","M","E"],"character_chosen":"THE_SILENT","items_purchased":["Backflip","PiercingWail","Membership Card","Oddly Smooth Stone","Accuracy"],"campfire_rested":1,"item_purchase_floors":[5,5,11,20,20],"current_hp_per_floor":[59,59,48,48,48,48,48,19,19,19,19,19,38,33,33,3,50,50,35,35,35,35,0],"gold":330,"neow_bonus":"THREE_ENEMY_KILL","is_prod":false,"is_daily":false,"chose_seed":false,"campfire_upgraded":2,"win_rate":0,"timestamp":1555289067,"path_taken":["M","?","?","M","$","E","R","E","T","M","?","?","R","M","R","BOSS","M","M","$","?","M","E"],"build_version":"2019-01-23","purchased_purges":1,"victory":false,"max_hp_per_floor":[66,66,66,66,66,66,66,66,66,66,66,66,66,66,66,66,66,66,66,66,66,66,66],"card_choices":[{"not_picked":["Outmaneuver","Poisoned Stab"],"picked":"Acrobatics","floor":1.0},{"not_picked":["Underhanded Strike","Dodge and Roll"],"picked":"Backflip","floor":4.0},{"not_picked":["Dash","Predator"],"picked":"Storm of Steel","floor":6.0},{"not_picked":["Sucker Punch","Bouncing Flask"],"picked":"Distraction","floor":8.0},{"not_picked":["Poisoned Stab","Acrobatics"],"picked":"Footwork","floor":10.0},{"not_picked":["Flying Knee","Riddle With Holes"],"picked":"Backflip","floor":14.0},{"not_picked":["Burst","Bullet Time"],"picked":"Night Terror","floor":16.0},{"not_picked":["Deadly Poison+1","Blade Dance"],"picked":"Infinite Blades","floor":18.0},{"not_picked":["Flying Knee","Slice","Underhanded Strike"],"picked":"SKIP","floor":19.0},{"not_picked":["Dash+1","Dagger Throw"],"picked":"Cloak And Dagger","floor":22.0}],"player_experience":559964,"relics_obtained":[{"floor":6.0,"key":"Ninja Scroll"},{"floor":8.0,"key":"Bottled Flame"},{"floor":9.0,"key":"Bottled Lightning"},{"floor":12.0,"key":"Lantern"}],"event_choices":[{"damage_healed":0.0,"max_hp_gain":0.0,"max_hp_loss":0.0,"gold_gain":150.0,"event_name":"Liars Game","player_choice":"AGREE","floor":2.0,"gold_loss":0.0,"damage_taken":0.0,"cards_obtained":["Doubt"]},{"damage_healed":0.0,"max_hp_gain":0.0,"max_hp_loss":0.0,"gold_gain":75.0,"event_name":"World of Goop","player_choice":"Gather Gold","floor":3.0,"gold_loss":0.0,"damage_taken":11.0},{"damage_healed":0.0,"max_hp_gain":0.0,"max_hp_loss":0.0,"gold_gain":275.0,"event_name":"Golden Shrine","player_choice":"Desecrate","floor":21.0,"gold_loss":0.0,"damage_taken":0.0,"cards_obtained":["Regret"]}],"is_beta":false,"boss_relics":[{"not_picked":["Astrolabe","Coffee Dripper"],"picked":"Snecko Eye"}],"items_purged_floors":[5],"is_endless":false,"potions_floor_spawned":[6,14,16,18,19,22],"killed_by":"Book of Stabbing","ascension_level":20}