{"gold_per_floor":[119,133,153,153,168,195,50,50,50,68,97,110,135,155,155,254,254,269,269,284,66,66,66,66],"floor_reached":24,"playtime":1756,"items_purged":["Strike_R"],"score":262,"play_id":"8494f586-a119-47e5-880b-6179fa53ec84","local_time":"20190228213603","is_ascension_mode":true,"campfire_choices":[{"floor":8,"key":"REST"},{"data":"Armaments","floor":15,"key":"SMITH"},{"data":"Clothesline","floor":23,"key":"SMITH"}],"neow_cost":"NONE","seed_source_timestamp":1123103897338647,"circlet_count":0,"master_deck":["Strike_R","Strike_R","Defend_R","Defend_R","Defend_R","Bash","Clothesline+1","Blood for Blood","Flex","Spot Weakness","Shrug It Off","True Grit","Armaments+1","Demon Form","Shrug It Off","Cleave","Fiend Fire","Immolate","True Grit+1","Heavy Blade","Feed"],"relics":["Burning Blood","Bag of Marbles","Art of War","Singing Bowl","Pen Nib","Black Star","Happy Flower"],"potions_floor_usage":[13,13,16,16,18,24],"damage_taken":[{"damage":13,"enemies":"2 Louse","floor":1,"turns":2},{"damage":11,"enemies":"Cultist","floor":2,"turns":4},{"damage":0,"enemies":"Small Slimes","floor":3,"turns":3},{"damage":36,"enemies":"Exordium Thugs","floor":5,"turns":6},{"damage":40,"enemies":"3 Sentries","floor":6,"turns":9},{"damage":4,"enemies":"Red Slaver","floor":10,"turns":3},{"damage":29,"enemies":"Gremlin Nob","floor":11,"turns":5},{"damage":3,"enemies":"Looter","floor":12,"turns":4},{"damage":32,"enemies":"3 Sentries","floor":13,"turns":8},{"damage":0,"enemies":"Exordium Thugs","floor":14,"turns":5},{"damage":25,"enemies":"Hexaghost","floor":16,"turns":9},{"damage":42,"enemies":"3 Byrds","floor":18,"turns":5},{"damage":16,"enemies":"Spheric Guardian","floor":20,"turns":4},{"damage":44,"enemies":"Book of Stabbing","floor":24,"turns":5}],"seed_played":"1238911601612598603","potions_obtained":[{"floor":3,"key":"SteroidPotion"},{"floor":6,"key":"Swift Potion"},{"floor":11,"key":"FearPotion"},{"floor":12,"key":"Regen Potion"},{"floor":13,"key":"Regen Potion"},{"floor":14,"key":"Strength Potion"},{"floor":20,"key":"Energy Potion"}],"is_trial":false,"path_per_floor":["M","M","M","?","M","E","$","R","T","M","E","M","E","M","R","B",null,"M","?","M","$","?","R","E"],"character_chosen":"IRONCLAD","items_purchased":["Shrug It Off","True Grit","Happy Flower","Feed"],"campfire_rested":1,"item_purchase_floors":[7,7,21,21],"current_hp_per_floor":[81,76,82,82,52,18,18,44,44,46,23,26,15,21,21,17,88,52,52,42,42,42,42,0],"gold":66,"neow_bonus":"TEN_PERCENT_HP_BONUS","is_prod":false,"is_daily":false,"chose_seed":false,"campfire_upgraded":2,"win_rate":0,"timestamp":1551407763,"path_taken":["M","M","M","?","?","E","$","R","T","M","E","?","E","M","R","BOSS","M","?","M","$","?","R","E"],"build_version":"2019-01-23","purchased_purges":1,"victory":false,"max_hp_per_floor":[88,88,88,88,88,88,88,88,88,88,88,88,88,88,88,88,88,88,88,88,88,88,88,88],"card_choices":[{"not_picked":["Heavy Blade","Rampage"],"picked":"Clothesline","floor":1},{"not_picked":["Thunderclap","Body Slam"],"picked":"Blood for Blood","floor":2},{"not_picked":["Thunderclap","Heavy Blade"],"picked":"Flex","floor":3},{"not_picked":["Entrench","Heavy Blade","Searing Blow"],"picked":"SKIP","floor":5},{"not_picked":["Battle Trance","Headbutt"],"picked":"Spot Weakness","floor":6},{"not_picked":["Sever Soul","Reckless Charge"],"picked":"Armaments","floor":10},{"not_picked":["Battle Trance","Clash"],"picked":"Demon Form","floor":11},{"not_picked":["Ghostly Armor","Pommel Strike"],"picked":"Shrug It Off","floor":12},{"not_picked":["Headbutt","Perfected Strike"],"picked":"Cleave","floor":13},{"not_picked":["Shrug It Off","Warcry"],"picked":"Fiend Fire","floor":14},{"not_picked":["Fiend Fire","Juggernaut"],"picked":"Immolate","floor":16},{"not_picked":["Dual Wield+1","Thunderclap+1"],"picked":"True Grit+1","floor":18},{"not_picked":["Wild Strike","Combust"],"picked":"Heavy Blade","floor":20}],"player_experience":107323,"relics_obtained":[{"floor":6,"key":"Bag of Marbles"},{"floor":9,"key":"Art of War"},{"floor":11,"key":"Singing Bowl"},{"floor":13,"key":"Pen Nib"}],"event_choices":[{"cards_removed":["Strike_R"],"damage_healed":0,"gold_gain":0,"player_choice":"Offered Basic","damage_taken":0,"max_hp_gain":0,"max_hp_loss":0,"event_name":"Bonfire Elementals","floor":4,"gold_loss":0},{"cards_removed":["Defend_R"],"damage_healed":0,"gold_gain":0,"player_choice":"Elegance","damage_taken":0,"max_hp_gain":0,"max_hp_loss":0,"event_name":"Back to Basics","floor":19,"gold_loss":0},{"cards_removed":["Strike_R"],"damage_healed":0,"gold_gain":0,"player_choice":"Purged","damage_taken":0,"max_hp_gain":0,"max_hp_loss":0,"event_name":"Purifier","floor":22,"gold_loss":0}],"is_beta":false,"boss_relics":[{"not_picked":["Pandora\u0027s Box","Black Blood"],"picked":"Black Star"}],"items_purged_floors":[7],"is_endless":false,"potions_floor_spawned":[3,6,11,12,13,14,20],"killed_by":"Book of Stabbing","ascension_level":4}