{"gold_per_floor":[116,75,225,150,164,191,191,191,191,191,207,207,222,222,222,299,299,310,310],"floor_reached":19,"playtime":402,"items_purged":["Doubt"],"score":361,"play_id":"876810d0-4112-47e6-bad4-da9e63a62d18","local_time":"20190320003412","is_ascension_mode":true,"campfire_choices":[{"data":"Defragment","floor":7,"key":"SMITH"},{"data":"Zap","floor":10,"key":"SMITH"},{"data":"Hologram","floor":12,"key":"SMITH"},{"data":"Stack","floor":15,"key":"SMITH"}],"neow_cost":"NONE","seed_source_timestamp":530155305574400,"circlet_count":0,"master_deck":["AscendersBane","Strike_B","Defend_B","Defend_B","Defend_B","Defend_B","Zap+1","Dualcast","Conserve Battery","Defragment+1","Rebound","Hologram+1","FTL","Stack+1","Rainbow","Glacier"],"relics":["Cracked Core","NeowsBlessing","Sundial","Bag of Marbles","Orichalcum","Empty Cage"],"potions_floor_usage":[19],"damage_taken":[{"damage":0,"enemies":"Jaw Worm","floor":1,"turns":1},{"damage":0,"enemies":"2 Louse","floor":5,"turns":1},{"damage":0,"enemies":"Gremlin Nob","floor":6,"turns":1},{"damage":7,"enemies":"Small Slimes","floor":11,"turns":3},{"damage":4,"enemies":"Red Slaver","floor":13,"turns":3},{"damage":15,"enemies":"The Guardian","floor":16,"turns":12},{"damage":8,"enemies":"Chosen","floor":18,"turns":5},{"damage":53,"enemies":"Masked Bandits","floor":19,"turns":3}],"seed_played":"8626264898538544975","potions_obtained":[{"floor":13,"key":"Poison Potion"},{"floor":16,"key":"EssenceOfSteel"}],"is_trial":false,"path_per_floor":["M","$","?","$","M","E","R","?","T","R","M","R","M","?","R","B",null,"M","?"],"character_chosen":"DEFECT","items_purchased":["Defragment"],"campfire_rested":0,"item_purchase_floors":[2],"current_hp_per_floor":[64,64,64,64,64,64,64,46,46,46,39,39,35,35,35,20,58,50,0],"gold":310,"neow_bonus":"THREE_ENEMY_KILL","is_prod":false,"is_daily":false,"chose_seed":false,"campfire_upgraded":4,"win_rate":0,"timestamp":1553038452,"path_taken":["M","$","?","$","M","E","R","?","T","R","M","R","M","?","R","BOSS","M","?"],"build_version":"2019-01-23","purchased_purges":1,"victory":false,"max_hp_per_floor":[71,71,71,71,71,71,71,71,71,71,71,71,71,71,71,71,71,71,71],"card_choices":[{"not_picked":["Cold Snap","Stack"],"picked":"Conserve Battery","floor":1},{"not_picked":["Doom and Gloom","Double Energy"],"picked":"Rebound","floor":5},{"not_picked":["Sweeping Beam","Doom and Gloom","Chaos"],"picked":"SKIP","floor":6},{"not_picked":["Machine Learning","White Noise"],"picked":"Hologram","floor":11},{"not_picked":["Rebound","Sweeping Beam"],"picked":"FTL","floor":13},{"not_picked":["Fission","Amplify"],"picked":"Rainbow","floor":16},{"not_picked":["Conserve Battery","Go for the Eyes+1"],"picked":"Glacier","floor":18}],"player_experience":491534,"relics_obtained":[{"floor":6,"key":"Sundial"},{"floor":9,"key":"Orichalcum"}],"event_choices":[{"damage_healed":0,"gold_gain":150,"player_choice":"AGREE","damage_taken":0,"max_hp_gain":0,"max_hp_loss":0,"event_name":"Liars Game","floor":3,"gold_loss":0,"cards_obtained":["Doubt"]},{"damage_healed":0,"gold_gain":0,"player_choice":"Success","damage_taken":18,"relics_obtained":["Bag of Marbles"],"max_hp_gain":0,"max_hp_loss":0,"event_name":"Scrap Ooze","floor":8,"gold_loss":0},{"damage_healed":0,"gold_gain":0,"cards_transformed":["Strike_B"],"player_choice":"Transformed","damage_taken":0,"max_hp_gain":0,"max_hp_loss":0,"event_name":"Transmorgrifier","floor":14,"gold_loss":0,"cards_obtained":["Stack"]},{"damage_healed":0,"gold_gain":0,"player_choice":"Fought Bandits","damage_taken":0,"max_hp_gain":0,"max_hp_loss":0,"event_name":"Masked Bandits","floor":19,"gold_loss":0}],"is_beta":false,"boss_relics":[{"not_picked":["Velvet Choker","Coffee Dripper"],"picked":"Empty Cage"}],"items_purged_floors":[4],"is_endless":false,"potions_floor_spawned":[13,16],"killed_by":"Masked Bandits","ascension_level":18}