{"gold_per_floor":[112,125,125,143,143,143,93,93,93,168,168,185,207,219,219,317,317,327,357,133,133,33,49,49,49,123,123,142,142,157,157,157,260,260,274,496,30,130,142,142,142,154,154,6,6,6,6,22,22,22],"floor_reached":51,"playtime":1306,"items_purged":["Defend_R","Bash","Strike_R+1"],"score":881,"play_id":"a4655d9c-e1d4-4b7c-b954-3d01ff08d453","local_time":"20181214191846","is_ascension_mode":false,"campfire_choices":[{"data":"Whirlwind","floor":6.0,"key":"SMITH"},{"data":"Carnage","floor":8.0,"key":"SMITH"},{"data":"Thunderclap","floor":15.0,"key":"SMITH"},{"data":"Rampage","floor":24.0,"key":"SMITH"},{"floor":29.0,"key":"REST"},{"floor":32.0,"key":"REST"},{"floor":40.0,"key":"REST"},{"floor":47,"key":"REST"},{"floor":49,"key":"REST"}],"neow_cost":"TEN_PERCENT_HP_LOSS","seed_source_timestamp":1360420030582982,"circlet_count":0,"master_deck":["Carnage+1","Whirlwind+1","Thunderclap+1","Rampage+1"],"special_seed":0,"relics":["Burning Blood","Art of War","Odd Mushroom","Empty Cage","Red Mask","Juzu Bracelet","Singing Bowl","Mummified Hand","FaceOfCleric","Cursed Key","Pen Nib","TheAbacus","Nunchaku","Bag of Marbles"],"potions_floor_usage":[50,50],"damage_taken":[{"damage":7.0,"enemies":"Small Slimes","floor":1.0,"turns":4.0},{"damage":5.0,"enemies":"2 Louse","floor":2.0,"turns":2.0},{"damage":0.0,"enemies":"Cultist","floor":4.0,"turns":2.0},{"damage":10.0,"enemies":"Looter","floor":12.0,"turns":2.0},{"damage":0.0,"enemies":"The Mushroom Lair","floor":13.0,"turns":2.0},{"damage":7.0,"enemies":"Blue Slaver","floor":14.0,"turns":2.0},{"damage":0.0,"enemies":"Slime Boss","floor":16.0,"turns":7.0},{"damage":10.0,"enemies":"Spheric Guardian","floor":18.0,"turns":3.0},{"damage":10.0,"enemies":"Masked Bandits","floor":19.0,"turns":2.0},{"damage":19.0,"enemies":"Shell Parasite","floor":23.0,"turns":3.0},{"damage":0.0,"enemies":"Snecko","floor":28.0,"turns":3.0},{"damage":16.0,"enemies":"Chosen and Byrds","floor":30.0,"turns":4.0},{"damage":50.0,"enemies":"Champ","floor":33.0,"turns":8.0},{"damage":17.0,"enemies":"3 Darklings","floor":35.0,"turns":2.0},{"damage":2.0,"enemies":"Mind Bloom Boss Battle","floor":38.0,"turns":5.0},{"damage":0.0,"enemies":"3 Shapes","floor":39.0,"turns":1.0},{"damage":17.0,"enemies":"Maw","floor":42.0,"turns":5.0},{"damage":0,"enemies":"Jaw Worm Horde","floor":48,"turns":2},{"damage":68,"enemies":"Awakened One","floor":50,"turns":9}],"seed_played":"2524764016981136711","potions_obtained":[{"floor":1.0,"key":"Poison Potion"},{"floor":2.0,"key":"FearPotion"},{"floor":14.0,"key":"BloodPotion"},{"floor":16.0,"key":"Fire Potion"},{"floor":28.0,"key":"FairyPotion"},{"floor":33.0,"key":"Weak Potion"}],"is_trial":false,"path_per_floor":["M","M","?","M","?","R","?","R","T","?","?","M","?","M","R","B",null,"M","?","$","?","$","M","R","T","T","?","M","R","M","?","R","B",null,"M","?","$","?","M","R","?","M","T","$","$","T","R","M","R","B",null],"character_chosen":"IRONCLAD","items_purchased":["Juzu Bracelet","Pen Nib","TheAbacus","Bag of Marbles"],"campfire_rested":5,"item_purchase_floors":[20,37,37,44],"current_hp_per_floor":[71,72,58,64,64,64,64,64,64,53,72,68,72,71,71,72,72,68,64,64,64,64,51,51,51,51,51,60,75,68,53,77,36,86,78,78,78,85,94,95,95,87,87,87,87,87,98,101,101,40],"gold":22,"neow_bonus":"REMOVE_TWO","is_prod":false,"is_daily":false,"chose_seed":false,"campfire_upgraded":4,"win_rate":0,"timestamp":1544782726,"path_taken":["M","M","?","M","?","R","?","R","T","?","?","?","?","M","R","BOSS","M","?","$","?","$","M","R","?","T","?","M","R","M","?","R","BOSS","M","?","$","?","M","R","?","M","T","?","$","?","R","M","R","BOSS"],"build_version":"2018-12-13","purchased_purges":3,"victory":true,"max_hp_per_floor":[72,72,72,72,72,72,72,72,72,72,72,72,72,72,72,72,72,72,72,72,72,72,72,72,72,72,72,75,75,78,83,83,86,86,89,89,89,92,95,95,95,98,98,98,98,98,98,101,101,102],"card_choices":[{"not_picked":["Battle Trance","Clothesline"],"picked":"Carnage","floor":1.0},{"not_picked":["Ghostly Armor","Pommel Strike"],"picked":"Whirlwind","floor":2.0},{"not_picked":["Reckless Charge","Twin Strike"],"picked":"Thunderclap","floor":4.0},{"not_picked":["Rage","Perfected Strike","Fire Breathing"],"picked":"SKIP","floor":12.0},{"not_picked":["Hemokinesis","Sword Boomerang","Clash"],"picked":"SKIP","floor":14.0},{"not_picked":["Evolve","Headbutt","True Grit"],"picked":"SKIP","floor":18.0},{"not_picked":["Iron Wave+1","Dropkick+1","Fire Breathing"],"picked":"SKIP","floor":23.0},{"not_picked":["Pommel Strike","Second Wind+1","Iron Wave"],"picked":"Singing Bowl","floor":28.0},{"not_picked":["Iron Wave","True Grit+1","Perfected Strike"],"picked":"Singing Bowl","floor":30.0},{"not_picked":["Bludgeon","Barricade","Reaper"],"picked":"Singing Bowl","floor":33.0},{"not_picked":["Clothesline+1","Armaments","Thunderclap+1"],"picked":"Singing Bowl","floor":35.0},{"not_picked":["Havoc+1","Cleave+1","Battle Trance+1"],"picked":"Singing Bowl","floor":38.0},{"not_picked":["Reaper","Shockwave","Clothesline+1"],"picked":"Singing Bowl","floor":39.0},{"not_picked":["Twin Strike","Dual Wield","Wild Strike"],"picked":"Singing Bowl","floor":42.0},{"not_picked":["Shrug It Off+1","Dual Wield","Sword Boomerang"],"picked":"Singing Bowl","floor":48}],"player_experience":196484,"relics_obtained":[{"floor":9.0,"key":"Art of War"},{"floor":13.0,"key":"Odd Mushroom"},{"floor":19.0,"key":"Red Mask"},{"floor":25.0,"key":"Singing Bowl"},{"floor":26.0,"key":"Mummified Hand"},{"floor":38.0,"key":"Nunchaku"}],"event_choices":[{"damage_healed":0.0,"max_hp_gain":0.0,"max_hp_loss":0.0,"gold_gain":0.0,"event_name":"Shining Light","player_choice":"Entered Light","floor":3.0,"gold_loss":0.0,"damage_taken":14.0,"cards_upgraded":["Strike_R","Defend_R"]},{"cards_removed":["Strike_R"],"damage_healed":0.0,"max_hp_gain":0.0,"max_hp_loss":0.0,"gold_gain":0.0,"event_name":"Living Wall","player_choice":"Forget","floor":5.0,"gold_loss":0.0,"damage_taken":0.0},{"cards_removed":["Strike_R"],"damage_healed":0.0,"max_hp_gain":0.0,"max_hp_loss":0.0,"gold_gain":0.0,"event_name":"The Cleric","player_choice":"Card Removal","floor":7.0,"gold_loss":50.0,"damage_taken":0.0},{"damage_healed":0.0,"max_hp_gain":0.0,"max_hp_loss":0.0,"gold_gain":75.0,"event_name":"World of Goop","player_choice":"Gather Gold","floor":10.0,"gold_loss":0.0,"damage_taken":11.0},{"damage_healed":19.0,"max_hp_gain":0.0,"max_hp_loss":0.0,"gold_gain":0.0,"event_name":"Wheel of Change","player_choice":"Full Heal","floor":11.0,"gold_loss":0.0,"damage_taken":0.0},{"damage_healed":0.0,"max_hp_gain":0.0,"max_hp_loss":0.0,"gold_gain":0.0,"event_name":"Mushrooms","player_choice":"Fought Mushrooms","floor":13.0,"gold_loss":0.0,"damage_taken":0.0},{"damage_healed":0.0,"max_hp_gain":0.0,"max_hp_loss":0.0,"gold_gain":0.0,"event_name":"Masked Bandits","player_choice":"Fought Bandits","floor":19.0,"gold_loss":0.0,"damage_taken":0.0},{"damage_healed":0.0,"max_hp_gain":0.0,"max_hp_loss":0.0,"gold_gain":0.0,"event_name":"The Library","player_choice":"Read","floor":21.0,"gold_loss":0.0,"damage_taken":0.0,"cards_obtained":["Rampage"]},{"damage_healed":0.0,"max_hp_gain":0.0,"max_hp_loss":0.0,"gold_gain":0.0,"event_name":"FaceTrader","player_choice":"Trade","floor":27.0,"gold_loss":0.0,"damage_taken":0.0,"relics_obtained":["FaceOfCleric"]},{"damage_healed":0.0,"max_hp_gain":5.0,"max_hp_loss":0.0,"gold_gain":0.0,"event_name":"Forgotten Altar","player_choice":"Shed Blood","floor":31.0,"gold_loss":0.0,"damage_taken":20.0},{"damage_healed":0.0,"max_hp_gain":0.0,"max_hp_loss":0.0,"gold_gain":222.0,"event_name":"Tomb of Lord Red Mask","player_choice":"Wore Mask","floor":36.0,"gold_loss":0.0,"damage_taken":0.0},{"damage_healed":0.0,"max_hp_gain":0.0,"max_hp_loss":0.0,"gold_gain":0.0,"event_name":"MindBloom","player_choice":"Fight","floor":38.0,"gold_loss":0.0,"damage_taken":0.0},{"cards_removed":["Defend_R"],"damage_healed":0.0,"max_hp_gain":0.0,"max_hp_loss":0.0,"gold_gain":0.0,"event_name":"Falling","player_choice":"Removed Skill","floor":41.0,"gold_loss":0.0,"damage_taken":0.0}],"is_beta":false,"boss_relics":[{"not_picked":["Black Star","Runic Pyramid"],"picked":"Empty Cage"},{"not_picked":["Coffee Dripper","Eternal Feather"],"picked":"Cursed Key"}],"items_purged_floors":[20,22,37],"is_endless":false,"potions_floor_spawned":[1,2,14,16,19,28,33,35,38],"ascension_level":0}