{"gold_per_floor":[110,110,35,49,60,60,60,92,142,168,182,197,50,50,50,147,147,163,78,91,101,101,101],"floor_reached":23,"playtime":1288,"items_purged":["Shame"],"score":302,"play_id":"2507a39f-1e30-42e3-8adb-a3d32e22233c","local_time":"20190502202847","is_ascension_mode":true,"campfire_choices":[{"data":"Spot Weakness","floor":6,"key":"SMITH"},{"floor":15,"key":"REST"}],"neow_cost":"NONE","seed_source_timestamp":1663362110336509,"circlet_count":0,"master_deck":["AscendersBane","Strike_R","Strike_R","Strike_R","Strike_R","Strike_R","Defend_R","Defend_R","Defend_R","Defend_R","Bash+1","Writhe","Spot Weakness+1","Headbutt","Shrug It Off","Clothesline+1","Shrug It Off","Havoc","Seeing Red","Whirlwind","Shockwave","Barricade","Sentinel","Warcry+1"],"relics":["Calling Bell","Red Skull","Gremlin Horn","Pocketwatch","Regal Pillow","Boot","Shuriken","Snecko Eye","Toxic Egg 2"],"potions_floor_usage":[8,10,16,20],"damage_taken":[{"damage":6,"enemies":"2 Louse","floor":1,"turns":2},{"damage":7,"enemies":"Small Slimes","floor":4,"turns":4},{"damage":12,"enemies":"Jaw Worm","floor":5,"turns":2},{"damage":37,"enemies":"Lagavulin","floor":8,"turns":8},{"damage":12,"enemies":"Gremlin Nob","floor":10,"turns":3},{"damage":0,"enemies":"Blue Slaver","floor":11,"turns":3},{"damage":0,"enemies":"2 Fungi Beasts","floor":12,"turns":2},{"damage":6,"enemies":"Hexaghost","floor":16,"turns":6},{"damage":0,"enemies":"Chosen","floor":18,"turns":3},{"damage":6,"enemies":"2 Thieves","floor":20,"turns":3},{"damage":26,"enemies":"Snake Plant","floor":21,"turns":5},{"damage":0,"enemies":"Book of Stabbing","floor":23,"turns":1}],"seed_played":"-1657458041304231877","potions_obtained":[{"floor":1,"key":"Swift Potion"},{"floor":5,"key":"SpeedPotion"},{"floor":8,"key":"GamblersBrew"},{"floor":11,"key":"PowerPotion"},{"floor":21,"key":"SpeedPotion"}],"is_trial":false,"path_per_floor":["M","?","$","M","M","R","?","E","T","E","M","M","$","?","R","B",null,"M","?","M","M","?","E"],"character_chosen":"IRONCLAD","items_purchased":["Whirlwind","Shockwave"],"campfire_rested":1,"item_purchase_floors":[13,13],"current_hp_per_floor":[66,59,59,52,40,40,66,29,29,17,17,17,17,1,40,34,69,69,69,63,37,37,37],"gold":101,"neow_bonus":"BOSS_RELIC","is_prod":false,"is_daily":false,"chose_seed":false,"campfire_upgraded":1,"win_rate":0,"timestamp":1556846927,"path_taken":["M","?","$","M","M","R","?","E","T","E","M","M","$","?","R","BOSS","M","?","M","M","?","E"],"build_version":"2019-01-23","purchased_purges":1,"victory":false,"max_hp_per_floor":[80,80,80,80,80,80,80,80,80,80,80,80,80,80,80,80,80,80,80,80,80,80,80],"card_choices":[{"not_picked":["Cleave","Anger"],"picked":"Spot Weakness","floor":1},{"not_picked":["Sever Soul","Perfected Strike"],"picked":"Headbutt","floor":4},{"not_picked":["Searing Blow","Rage"],"picked":"Shrug It Off","floor":5},{"not_picked":["Cleave","Iron Wave"],"picked":"Clothesline","floor":8},{"not_picked":["Rupture","Intimidate"],"picked":"Shrug It Off","floor":10},{"not_picked":["Pommel Strike","Searing Blow"],"picked":"Havoc","floor":11},{"not_picked":["Twin Strike","Clothesline"],"picked":"Seeing Red","floor":12},{"not_picked":["Juggernaut","Bludgeon"],"picked":"Barricade","floor":16},{"not_picked":["Carnage","Twin Strike"],"picked":"Sentinel","floor":18},{"not_picked":["Wild Strike","Flex+1"],"picked":"Warcry+1","floor":20},{"not_picked":["Anger","Havoc+1","Pommel Strike"],"picked":"SKIP","floor":21}],"player_experience":372625,"relics_obtained":[{"floor":0,"key":"Red Skull"},{"floor":0,"key":"Gremlin Horn"},{"floor":0,"key":"Pocketwatch"},{"floor":8,"key":"Regal Pillow"},{"floor":9,"key":"Boot"},{"floor":10,"key":"Shuriken"}],"event_choices":[{"cards_removed":["Regret"],"damage_healed":0,"gold_gain":0,"player_choice":"Card Removal","damage_taken":7,"max_hp_gain":0,"max_hp_loss":0,"event_name":"Golden Wing","floor":2,"gold_loss":0},{"damage_healed":26,"gold_gain":0,"player_choice":"Banana","damage_taken":0,"max_hp_gain":0,"max_hp_loss":0,"event_name":"Big Fish","floor":7,"gold_loss":0},{"damage_healed":0,"gold_gain":0,"player_choice":"Entered Light","damage_taken":16,"max_hp_gain":0,"max_hp_loss":0,"event_name":"Shining Light","floor":14,"gold_loss":0,"cards_upgraded":["Clothesline","Bash"]},{"damage_healed":0,"gold_gain":0,"player_choice":"Obtained Relic","damage_taken":0,"relics_obtained":["Toxic Egg 2"],"max_hp_gain":0,"max_hp_loss":0,"event_name":"Addict","floor":19,"gold_loss":85},{"damage_healed":0,"gold_gain":0,"player_choice":"Ignored","damage_taken":0,"max_hp_gain":0,"max_hp_loss":0,"event_name":"The Mausoleum","floor":22,"gold_loss":0}],"is_beta":false,"boss_relics":[{"not_picked":["Eternal Feather","Coffee Dripper"],"picked":"Snecko Eye"}],"items_purged_floors":[3],"is_endless":false,"potions_floor_spawned":[1,5,8,11,21],"killed_by":"Book of Stabbing","ascension_level":10}