{"gold_per_floor":[115,115,115,90,108,135,149,182,209,275,275,347,362,395,395,498,498,509,411,423,473,556,556,588,601,601,651,713,713,738,756,756,857,857,877,927,266,283,300,300,316,316,316,329,479,529,561,577,577,577],"floor_reached":50,"playtime":2359,"items_purged":["Strike_R","Strike_R"],"score":610,"play_id":"e814aed0-0814-4ac2-b6ca-126a19c43bd3","local_time":"20190428155746","is_ascension_mode":true,"campfire_choices":[{"data":"Wild Strike","floor":11,"key":"SMITH"},{"floor":15,"key":"REST"},{"data":"True Grit","floor":23,"key":"SMITH"},{"data":"Limit Break","floor":29,"key":"SMITH"},{"floor":32,"key":"REST"},{"data":"True Grit","floor":40,"key":"SMITH"},{"data":"Armaments","floor":42,"key":"SMITH"},{"floor":49,"key":"RECALL"}],"neow_cost":"NONE","seed_source_timestamp":358067787594343,"circlet_count":0,"master_deck":["Strike_R+1","Strike_R","Strike_R+1","Defend_R","Defend_R","Defend_R","Defend_R","Bash","Flame Barrier","Cleave","Twin Strike","Clothesline","Wild Strike+1","Perfected Strike","Thunderclap","Spot Weakness","True Grit+1","Immolate","Inflame","Shrug It Off","Spot Weakness+1","Limit Break+1","Perfected Strike","Metallicize","Reaper","Armaments+1","True Grit+1","Power Through","Whirlwind+1","Shrug It Off+1"],"relics":["Burning Blood","NeowsBlessing","SsserpentHead","Bag of Preparation","Whetstone","Smiling Mask","Odd Mushroom","Dream Catcher","Mark of Pain","Red Mask","Boot","Singing Bowl","MutagenicStrength","Shuriken","Coffee Dripper","Anchor","Unceasing Top","Shovel","Vajra"],"potions_floor_usage":[33,50,50],"damage_taken":[{"damage":0,"enemies":"Jaw Worm","floor":1,"turns":1},{"damage":0,"enemies":"Cultist","floor":5,"turns":1},{"damage":0,"enemies":"Gremlin Nob","floor":6,"turns":1},{"damage":0,"enemies":"Small Slimes","floor":7,"turns":2},{"damage":33,"enemies":"3 Sentries","floor":8,"turns":9},{"damage":0,"enemies":"2 Fungi Beasts","floor":10,"turns":2},{"damage":22,"enemies":"The Mushroom Lair","floor":12,"turns":4},{"damage":0,"enemies":"Exordium Thugs","floor":13,"turns":3},{"damage":19,"enemies":"Lagavulin","floor":14,"turns":5},{"damage":52,"enemies":"Hexaghost","floor":16,"turns":12},{"damage":3,"enemies":"Spheric Guardian","floor":18,"turns":3},{"damage":0,"enemies":"Chosen","floor":20,"turns":3},{"damage":14,"enemies":"Masked Bandits","floor":22,"turns":3},{"damage":23,"enemies":"Slavers","floor":24,"turns":3},{"damage":11,"enemies":"Sentry and Sphere","floor":25,"turns":4},{"damage":12,"enemies":"Snake Plant","floor":28,"turns":3},{"damage":36,"enemies":"Book of Stabbing","floor":30,"turns":5},{"damage":0,"enemies":"Centurion and Healer","floor":31,"turns":3},{"damage":31,"enemies":"Champ","floor":33,"turns":9},{"damage":24,"enemies":"3 Darklings","floor":35,"turns":5},{"damage":1,"enemies":"Orb Walker","floor":38,"turns":2},{"damage":64,"enemies":"Sphere and 2 Shapes","floor":39,"turns":5},{"damage":0,"enemies":"Transient","floor":41,"turns":5},{"damage":17,"enemies":"3 Darklings","floor":44,"turns":3},{"damage":22,"enemies":"Mind Bloom Boss Battle","floor":45,"turns":8},{"damage":49,"enemies":"Reptomancer","floor":47,"turns":6},{"damage":18,"enemies":"Sphere and 2 Shapes","floor":48,"turns":4},{"damage":39,"enemies":"Awakened One","floor":50,"turns":4}],"seed_played":"-4646522180830918855","potions_obtained":[{"floor":1,"key":"BloodPotion"},{"floor":6,"key":"PowerPotion"},{"floor":8,"key":"SkillPotion"},{"floor":20,"key":"Dexterity Potion"}],"is_trial":false,"path_per_floor":["M","$","?","$","M","E","M","E","T","M","R","?","M","E","R","B",null,"M","$","M","?","?","R","E","M","T","?","M","R","E","M","R","B",null,"M","?","$","M","M","R","M","R","T","M","?","?","E","M","R","B"],"character_chosen":"IRONCLAD","items_purchased":["Cleave","Shrug It Off","Armaments","True Grit","Anchor","Unceasing Top","BloodPotion"],"campfire_rested":2,"item_purchase_floors":[4,19,37,37,37,37,37],"current_hp_per_floor":[80,80,80,80,80,80,80,53,53,59,59,43,49,36,60,14,80,80,80,80,80,72,72,55,50,50,50,46,46,18,24,51,26,86,84,84,84,86,28,28,34,34,34,44,52,52,35,25,25,0],"gold":577,"neow_bonus":"THREE_ENEMY_KILL","is_prod":false,"is_daily":false,"chose_seed":false,"campfire_upgraded":5,"win_rate":0,"timestamp":1556481466,"path_taken":["M","$","?","$","M","E","M","E","T","?","R","?","M","E","R","BOSS","M","$","M","?","?","R","E","M","T","?","?","R","E","M","R","BOSS","M","?","$","M","M","R","M","R","T","M","?","?","E","M","R","BOSS"],"build_version":"2019-01-23","purchased_purges":2,"victory":false,"max_hp_per_floor":[80,80,80,80,80,80,80,80,80,80,80,80,80,80,80,80,80,80,80,80,80,80,80,80,80,80,80,82,82,84,84,86,86,86,88,84,84,86,86,86,86,86,86,86,88,88,90,92,92,92],"card_choices":[{"not_picked":["Warcry","Evolve"],"picked":"Flame Barrier","floor":1},{"not_picked":["True Grit","Bloodletting","Thunderclap"],"picked":"SKIP","floor":5},{"not_picked":["Perfected Strike","Warcry"],"picked":"Twin Strike","floor":6},{"not_picked":["Shrug It Off","Impervious"],"picked":"Clothesline","floor":7},{"not_picked":["Thunderclap","Rage"],"picked":"Wild Strike","floor":8},{"not_picked":["Shrug It Off","Twin Strike"],"picked":"Perfected Strike","floor":10},{"not_picked":["Cleave","Pommel Strike"],"picked":"Thunderclap","floor":12},{"not_picked":["Havoc","Berserk"],"picked":"Spot Weakness","floor":13},{"not_picked":["Havoc","Blood for Blood","Sword Boomerang"],"picked":"SKIP","floor":14},{"not_picked":["Wild Strike","Reckless Charge"],"picked":"True Grit","floor":15},{"not_picked":["Brutality","Barricade"],"picked":"Immolate","floor":16},{"not_picked":["Fire Breathing","Carnage"],"picked":"Inflame","floor":18},{"not_picked":["Flex","Wild Strike"],"picked":"Spot Weakness+1","floor":20},{"not_picked":["Shockwave","Pommel Strike"],"picked":"Limit Break","floor":24},{"not_picked":["Clothesline","Cleave+1"],"picked":"Perfected Strike","floor":25},{"not_picked":["Corruption","Shockwave","Havoc+1"],"picked":"Singing Bowl","floor":28},{"not_picked":["Second Wind","Demon Form","Flex"],"picked":"Singing Bowl","floor":30},{"not_picked":["Heavy Blade","Entrench"],"picked":"Metallicize","floor":31},{"not_picked":["Body Slam","Clash","Havoc"],"picked":"Singing Bowl","floor":32},{"not_picked":["Impervious","Demon Form"],"picked":"Reaper","floor":33},{"not_picked":["Uppercut","Sever Soul+1","Thunderclap"],"picked":"Singing Bowl","floor":35},{"not_picked":["Thunderclap","Havoc+1","Rupture"],"picked":"Singing Bowl","floor":38},{"not_picked":["Headbutt+1","Rupture+1"],"picked":"Power Through","floor":39},{"not_picked":["Rupture+1","Perfected Strike"],"picked":"Whirlwind+1","floor":41},{"not_picked":["Shockwave","Iron Wave+1"],"picked":"Shrug It Off+1","floor":44},{"not_picked":["Cleave+1","Headbutt","Dual Wield+1"],"picked":"Singing Bowl","floor":45},{"not_picked":["Clash+1","Searing Blow","Burning Pact+1"],"picked":"Singing Bowl","floor":47},{"not_picked":["Pommel Strike+1","Burning Pact","Clash"],"picked":"Singing Bowl","floor":48}],"player_experience":177896,"relics_obtained":[{"floor":6,"key":"Bag of Preparation"},{"floor":8,"key":"Whetstone"},{"floor":9,"key":"Smiling Mask"},{"floor":12,"key":"Odd Mushroom"},{"floor":14,"key":"Dream Catcher"},{"floor":22,"key":"Red Mask"},{"floor":24,"key":"Boot"},{"floor":26,"key":"Singing Bowl"},{"floor":30,"key":"Shuriken"},{"floor":45,"key":"Shovel"},{"floor":47,"key":"Vajra"}],"event_choices":[{"damage_healed":0,"gold_gain":0,"player_choice":"Trade","damage_taken":0,"relics_obtained":["SsserpentHead"],"max_hp_gain":0,"max_hp_loss":0,"event_name":"FaceTrader","floor":3,"gold_loss":0},{"damage_healed":0,"gold_gain":0,"player_choice":"Fought Mushrooms","damage_taken":0,"max_hp_gain":0,"max_hp_loss":0,"event_name":"Mushrooms","floor":12,"gold_loss":0},{"damage_healed":0,"gold_gain":0,"player_choice":"Ignored","damage_taken":0,"max_hp_gain":0,"max_hp_loss":0,"event_name":"Vampires","floor":21,"gold_loss":0},{"damage_healed":0,"gold_gain":0,"player_choice":"Fought Bandits","damage_taken":0,"max_hp_gain":0,"max_hp_loss":0,"event_name":"Masked Bandits","floor":22,"gold_loss":0},{"damage_healed":0,"gold_gain":0,"player_choice":"Inject Mutagens","damage_taken":0,"relics_obtained":["MutagenicStrength"],"max_hp_gain":0,"max_hp_loss":0,"event_name":"Drug Dealer","floor":27,"gold_loss":0},{"damage_healed":0,"gold_gain":0,"player_choice":"Max HP","damage_taken":0,"max_hp_gain":0,"max_hp_loss":4,"event_name":"Winding Halls","floor":36,"gold_loss":0},{"damage_healed":0,"gold_gain":0,"player_choice":"Fight","damage_taken":0,"max_hp_gain":0,"max_hp_loss":0,"event_name":"MindBloom","floor":45,"gold_loss":0},{"damage_healed":0,"gold_gain":0,"player_choice":"Ignored","damage_taken":0,"max_hp_gain":0,"max_hp_loss":0,"event_name":"Mysterious Sphere","floor":46,"gold_loss":0}],"is_beta":false,"boss_relics":[{"not_picked":["Eternal Feather","Black Blood"],"picked":"Mark of Pain"},{"not_picked":["Runic Dome","Calling Bell"],"picked":"Coffee Dripper"}],"items_purged_floors":[19,37],"is_endless":false,"potions_floor_spawned":[1,6,8,13,20,24,28,38,44,45,48],"killed_by":"Awakened One","ascension_level":1}