{"gold_per_floor":[110,110,71,71,86,119,119,131,131,148,174,24,24,24,24,128,128,141,41,141,56,19,44,44,44,44,44,60,72,82,94,94,191,191,207,82,98,98,116,116],"floor_reached":40,"playtime":1258,"items_purged":["Strike_G","Venomology+1","Neutralize"],"score":464,"play_id":"0f65d873-dc1f-4245-9d13-39cd88bce39e","local_time":"20190504162723","is_ascension_mode":false,"campfire_choices":[{"data":"Dagger Spray","floor":7,"key":"SMITH"},{"floor":15,"key":"REST"},{"floor":24,"key":"REST"},{"data":"Well Laid Plans","floor":27,"key":"SMITH"},{"floor":32,"key":"REST"}],"neow_cost":"NONE","seed_source_timestamp":81143843894900,"circlet_count":0,"master_deck":["Survivor","Dagger Spray+1","Well Laid Plans+1","Backstab","Bouncing Flask","Deadly Poison+1","After Image","Noxious Fumes","Burst+1","Die Die Die","Die Die Die","Bullet Time+1","Deadly Poison+1","Choke","Endless Agony","Leg Sweep+1","Backflip+1","Backflip+1","Crippling Poison+1","Blur+1","Wraith Form v2","PiercingWail+1","Night Terror+1","Footwork+1","Noxious Fumes+1"],"relics":["Ring of the Snake","NeowsBlessing","Question Card","Regal Pillow","Toxic Egg 2","StoneCalendar","Pandora\u0027s Box","Ice Cream","Letter Opener","Dodecahedron","Bottled Tornado","Tough Bandages"],"potions_floor_usage":[11,30,33],"damage_taken":[{"damage":0,"enemies":"2 Louse","floor":1,"turns":1},{"damage":0,"enemies":"Small Slimes","floor":5,"turns":1},{"damage":0,"enemies":"Gremlin Nob","floor":6,"turns":1},{"damage":3,"enemies":"Jaw Worm","floor":8,"turns":2},{"damage":12,"enemies":"Large Slime","floor":10,"turns":4},{"damage":21,"enemies":"Lagavulin","floor":11,"turns":4},{"damage":6,"enemies":"The Guardian","floor":16,"turns":7},{"damage":19,"enemies":"Shell Parasite","floor":18,"turns":4},{"damage":27,"enemies":"Colosseum Slavers","floor":20,"turns":3},{"damage":9,"enemies":"Colosseum Nobs","floor":20,"turns":4},{"damage":9,"enemies":"Gremlin Leader","floor":23,"turns":6},{"damage":0,"enemies":"2 Thieves","floor":28,"turns":3},{"damage":22,"enemies":"Snake Plant","floor":29,"turns":3},{"damage":17,"enemies":"Sentry and Sphere","floor":30,"turns":4},{"damage":0,"enemies":"Chosen and Byrds","floor":31,"turns":4},{"damage":36,"enemies":"Champ","floor":33,"turns":9},{"damage":11,"enemies":"Orb Walker","floor":35,"turns":4},{"damage":21,"enemies":"3 Shapes","floor":37,"turns":4},{"damage":32,"enemies":"Sphere and 2 Shapes","floor":39,"turns":5},{"damage":16,"enemies":"Spire Growth","floor":40,"turns":5}],"seed_played":"-2245928858424497269","potions_obtained":[{"floor":8,"key":"AttackPotion"},{"floor":11,"key":"Ancient Potion"},{"floor":16,"key":"FearPotion"},{"floor":20,"key":"SteroidPotion"},{"floor":31,"key":"Explosive Potion"},{"floor":33,"key":"Block Potion"}],"is_trial":false,"path_per_floor":["M","?","$","?","M","E","R","M","T","M","E","$","?","$","R","B",null,"M","$","?","?","$","E","R","?","T","R","M","M","M","M","R","B",null,"M","$","M","?","M","M"],"character_chosen":"THE_SILENT","items_purchased":["Well Laid Plans","Noxious Fumes","Crippling Poison+1"],"campfire_rested":3,"item_purchase_floors":[3,12,22],"current_hp_per_floor":[70,75,75,57,57,57,57,54,54,42,21,21,6,6,43,37,75,56,56,20,20,20,11,48,48,48,48,48,26,9,9,46,10,75,64,64,43,43,11,0],"gold":116,"neow_bonus":"THREE_ENEMY_KILL","is_prod":false,"is_daily":false,"chose_seed":false,"campfire_upgraded":2,"win_rate":0,"timestamp":1557001643,"path_taken":["M","?","$","?","M","E","R","M","T","M","E","$","?","$","R","BOSS","M","$","?","?","$","E","R","?","T","R","M","M","M","M","R","BOSS","M","?","?","?","M","M"],"build_version":"2019-01-23","purchased_purges":3,"victory":false,"max_hp_per_floor":[70,75,75,75,75,75,75,75,75,75,75,75,75,75,75,75,75,75,75,75,75,75,75,75,75,75,75,75,75,75,75,75,75,75,75,75,75,75,75,75],"card_choices":[{"not_picked":["Blade Dance","Predator"],"picked":"Dagger Spray","floor":1},{"not_picked":["Quick Slash","Adrenaline","Bane"],"picked":"Backstab","floor":5},{"not_picked":["Bane","Escape Plan","Well Laid Plans","Bullet Time"],"picked":"SKIP","floor":6},{"not_picked":["Reflex","Blur","Dagger Throw"],"picked":"Bouncing Flask","floor":8},{"not_picked":["Accuracy","Underhanded Strike","Dagger Throw"],"picked":"Deadly Poison+1","floor":10},{"not_picked":["Wraith Form v2","Acrobatics+1","Slice"],"picked":"After Image","floor":11},{"not_picked":["A Thousand Cuts","Tools of the Trade","Envenom"],"picked":"Burst+1","floor":16},{"not_picked":["Reflex+1","Noxious Fumes","Outmaneuver+1"],"picked":"Backflip+1","floor":18},{"not_picked":["Terror+1","Prepared+1","Dagger Throw"],"picked":"Backflip+1","floor":20},{"not_picked":["Flechettes","Expertise+1","Outmaneuver+1"],"picked":"Blur+1","floor":23},{"not_picked":["Underhanded Strike+1","Slice+1","Outmaneuver+1"],"picked":"Wraith Form v2","floor":28},{"not_picked":["Flechettes","Underhanded Strike","Quick Slash","Terror+1"],"picked":"SKIP","floor":29},{"not_picked":["Eviscerate","Blade Dance+1","Dagger Spray"],"picked":"PiercingWail+1","floor":30},{"not_picked":["Underhanded Strike+1","Dagger Throw","Flechettes","Riddle With Holes"],"picked":"SKIP","floor":31},{"not_picked":["Tools of the Trade","After Image","Adrenaline+1"],"picked":"Night Terror+1","floor":33},{"not_picked":["Dodge and Roll+1","Poisoned Stab","Deflect+1","Backflip+1"],"picked":"SKIP","floor":35},{"not_picked":["Prepared+1","Flying Knee","Underhanded Strike+1"],"picked":"Footwork+1","floor":37},{"not_picked":["PiercingWail+1","Calculated Gamble+1","Dodge and Roll+1"],"picked":"Noxious Fumes+1","floor":39}],"player_experience":86297,"relics_obtained":[{"floor":6,"key":"Regal Pillow"},{"floor":9,"key":"Toxic Egg 2"},{"floor":11,"key":"StoneCalendar"},{"floor":20,"key":"Ice Cream"},{"floor":20,"key":"Letter Opener"},{"floor":23,"key":"Bottled Tornado"},{"floor":26,"key":"Tough Bandages"}],"event_choices":[{"damage_healed":0,"gold_gain":0,"player_choice":"Donut","damage_taken":0,"max_hp_gain":5,"max_hp_loss":0,"event_name":"Big Fish","floor":2,"gold_loss":0},{"damage_healed":0,"gold_gain":0,"player_choice":"Success","damage_taken":18,"relics_obtained":["Question Card"],"max_hp_gain":0,"max_hp_loss":0,"event_name":"Scrap Ooze","floor":4,"gold_loss":0},{"damage_healed":0,"gold_gain":0,"player_choice":"Entered Light","damage_taken":15,"max_hp_gain":0,"max_hp_loss":0,"event_name":"Shining Light","floor":13,"gold_loss":0,"cards_upgraded":["Defend_G","Defend_G"]},{"damage_healed":0,"gold_gain":0,"player_choice":"Fight","damage_taken":0,"max_hp_gain":0,"max_hp_loss":0,"event_name":"Colosseum","floor":20,"gold_loss":0},{"damage_healed":0,"gold_gain":0,"player_choice":"Fought Nobs","damage_taken":0,"max_hp_gain":0,"max_hp_loss":0,"event_name":"Colosseum","floor":20,"gold_loss":0},{"damage_healed":0,"gold_gain":0,"player_choice":"Obtained Relic","damage_taken":0,"relics_obtained":["Dodecahedron"],"max_hp_gain":0,"max_hp_loss":0,"event_name":"Addict","floor":21,"gold_loss":85},{"cards_removed":["Skewer"],"damage_healed":0,"gold_gain":0,"player_choice":"Purged","damage_taken":0,"max_hp_gain":0,"max_hp_loss":0,"event_name":"Purifier","floor":25,"gold_loss":0},{"damage_healed":0,"gold_gain":0,"player_choice":"Ignored","damage_taken":0,"max_hp_gain":0,"max_hp_loss":0,"event_name":"Mysterious Sphere","floor":38,"gold_loss":0}],"is_beta":false,"boss_relics":[{"not_picked":["Runic Dome","Astrolabe"],"picked":"Pandora\u0027s Box"},{"not_picked":["Coffee Dripper","Calling Bell","Philosopher\u0027s Stone"]}],"items_purged_floors":[12,19,36],"is_endless":false,"potions_floor_spawned":[8,11,16,20,20,23,31,33,37],"killed_by":"Spire Growth","ascension_level":0}