{"gold_per_floor":[117,129,204,204,224,234,234,224,224,69,94,94,127,139,139,243,243,257,257,268,284,297,297,297],"floor_reached":24,"playtime":1312,"items_purged":["Strike_G"],"score":315,"play_id":"22cce800-b729-449e-b1e3-5783d718043e","local_time":"20190325113704","is_ascension_mode":true,"campfire_choices":[{"floor":7,"key":"REST"},{"floor":12,"key":"REST"},{"floor":15,"key":"REST"},{"floor":23,"key":"REST"}],"neow_cost":"NONE","seed_source_timestamp":49305171056606,"circlet_count":0,"master_deck":["AscendersBane","Defend_G","Defend_G","Defend_G","Defend_G","Defend_G","Strike_G","Strike_G","Strike_G","Survivor","Neutralize","Bouncing Flask","Cloak And Dagger","Blade Dance","Blur","Footwork","Corpse Explosion","Cloak And Dagger","Burst","Cloak And Dagger+1"],"relics":["Ring of the Snake","NeowsBlessing","Darkstone Periapt","Pen Nib","Incense Burner","WristBlade"],"potions_floor_usage":[11,11,16,16,21,22],"damage_taken":[{"damage":0,"enemies":"2 Louse","floor":1,"turns":1},{"damage":0,"enemies":"Small Slimes","floor":2,"turns":1},{"damage":0,"enemies":"Cultist","floor":5,"turns":1},{"damage":9,"enemies":"3 Louse","floor":6,"turns":3},{"damage":2,"enemies":"Exordium Thugs","floor":8,"turns":4},{"damage":28,"enemies":"Gremlin Nob","floor":11,"turns":5},{"damage":27,"enemies":"Lagavulin","floor":13,"turns":6},{"damage":13,"enemies":"Lots of Slimes","floor":14,"turns":4},{"damage":17,"enemies":"Hexaghost","floor":16,"turns":9},{"damage":10,"enemies":"Shell Parasite","floor":18,"turns":7},{"damage":0,"enemies":"3 Byrds","floor":20,"turns":3},{"damage":18,"enemies":"Snake Plant","floor":21,"turns":5},{"damage":7,"enemies":"3 Cultists","floor":22,"turns":5},{"damage":65,"enemies":"Book of Stabbing","floor":24,"turns":6}],"seed_played":"-6568996903387682650","potions_obtained":[{"floor":1,"key":"GamblersBrew"},{"floor":2,"key":"Energy Potion"},{"floor":13,"key":"Poison Potion"},{"floor":14,"key":"GhostInAJar"},{"floor":16,"key":"Fire Potion"},{"floor":20,"key":"Regen Potion"},{"floor":21,"key":"GamblersBrew"}],"is_trial":false,"path_per_floor":["M","M","?","?","M","M","R","M","T","$","E","R","E","M","R","B",null,"M","?","M","M","M","R","E"],"character_chosen":"THE_SILENT","items_purchased":["Footwork"],"campfire_rested":4,"item_purchase_floors":[10],"current_hp_per_floor":[63,63,52,45,45,36,57,55,55,55,27,48,21,8,29,12,56,46,39,39,33,26,47,0],"gold":297,"neow_bonus":"THREE_ENEMY_KILL","is_prod":false,"is_daily":false,"chose_seed":false,"campfire_upgraded":0,"win_rate":0,"timestamp":1553510224,"path_taken":["M","M","?","?","M","M","R","M","T","$","E","R","E","M","R","BOSS","M","?","M","M","M","R","E"],"build_version":"2019-01-23","purchased_purges":1,"victory":false,"max_hp_per_floor":[70,70,70,70,70,70,70,70,70,70,70,70,70,70,70,70,70,70,70,70,70,70,70,70],"card_choices":[{"not_picked":["Quick Slash","Leg Sweep"],"picked":"Bouncing Flask","floor":1},{"not_picked":["Poisoned Stab","Accuracy"],"picked":"Cloak And Dagger","floor":2},{"not_picked":["Dagger Spray","Dodge and Roll"],"picked":"Blade Dance","floor":5},{"not_picked":["Backflip","Acrobatics"],"picked":"Blur","floor":6},{"not_picked":["Tools of the Trade","Outmaneuver","Flying Knee"],"picked":"SKIP","floor":8},{"not_picked":["Sucker Punch","Leg Sweep"],"picked":"Corpse Explosion","floor":11},{"not_picked":["Underhanded Strike","Outmaneuver"],"picked":"Cloak And Dagger","floor":13},{"not_picked":["Dagger Throw","Acrobatics","Flying Knee"],"picked":"SKIP","floor":14},{"not_picked":["Corpse Explosion","Bullet Time"],"picked":"Burst","floor":16},{"not_picked":["Setup+1","Heel Hook","Distraction"],"picked":"SKIP","floor":18},{"not_picked":["Dagger Throw","Deflect","Prepared"],"picked":"SKIP","floor":20},{"not_picked":["Terror","Setup"],"picked":"Cloak And Dagger+1","floor":21},{"not_picked":["Dash","Bane","Poisoned Stab"],"picked":"SKIP","floor":22}],"player_experience":369155,"relics_obtained":[{"floor":9,"key":"Darkstone Periapt"},{"floor":11,"key":"Pen Nib"},{"floor":13,"key":"Incense Burner"}],"event_choices":[{"damage_healed":0,"gold_gain":75,"player_choice":"Gather Gold","damage_taken":11,"max_hp_gain":0,"max_hp_loss":0,"event_name":"World of Goop","floor":3,"gold_loss":0},{"cards_removed":["Strike_G"],"damage_healed":0,"gold_gain":0,"player_choice":"Card Removal","damage_taken":7,"max_hp_gain":0,"max_hp_loss":0,"event_name":"Golden Wing","floor":4,"gold_loss":0},{"damage_healed":0,"gold_gain":0,"player_choice":"Damaged","damage_taken":7,"max_hp_gain":0,"max_hp_loss":0,"event_name":"Wheel of Change","floor":19,"gold_loss":0}],"is_beta":false,"boss_relics":[{"not_picked":["Snecko Eye","Calling Bell"],"picked":"WristBlade"}],"items_purged_floors":[10],"is_endless":false,"potions_floor_spawned":[1,2,13,14,16,20,21],"killed_by":"Book of Stabbing","ascension_level":10}