{"gold_per_floor":[119,119,131,148,159,191,191,224,300,328,328,348,378,127,127,226,226,239,239,110,126,40,70,70,80,80,43,43,69,69,19,19,117,117,137,155,255,275,275,275,286,318,398,150,160,178,207,223,223,223],"floor_reached":51,"playtime":5414,"items_purged":["Strike_R","Strike_R","Strike_R","Strike_R","Defend_R"],"score":1063,"play_id":"a8b3509f-2b2d-4212-9c87-61e9d0583347","local_time":"20190303165603","is_ascension_mode":true,"campfire_choices":[{"data":"Clothesline","floor":7.0,"key":"SMITH"},{"data":"True Grit","floor":15.0,"key":"SMITH"},{"data":"Whirlwind","floor":24.0,"key":"SMITH"},{"data":"Flame Barrier","floor":28.0,"key":"SMITH"},{"floor":32,"key":"REST"},{"floor":40,"key":"REST"},{"floor":49,"key":"REST"}],"neow_cost":"NONE","seed_source_timestamp":0,"circlet_count":0,"master_deck":["Defend_R+1","Defend_R","Defend_R","Bash","Iron Wave","Battle Trance+1","Cleave","Clothesline+1","Anger+1","Havoc+1","Whirlwind+1","Infernal Blade","True Grit+1","Shrug It Off","Offering","Headbutt+1","Shrug It Off","Feel No Pain+1","Flame Barrier+1","Flame Barrier+1","Hemokinesis","Shrug It Off","Inflame+1","True Grit","Battle Trance","Barricade+1","Feel No Pain+1","Body Slam","Havoc+1","Seeing Red","Exhume"],"special_seed":0,"relics":["Black Blood","Nunchaku","Ginger","Frozen Egg 2","Vajra","Smiling Mask","Omamori","Pen Nib","Torii","Anchor","Lizard Tail","Bird Faced Urn","NlothsMask","War Paint","Happy Flower","Bag of Marbles"],"potions_floor_usage":[35,42,42,42,50,50,50],"damage_taken":[{"damage":4.0,"enemies":"Jaw Worm","floor":1.0,"turns":4.0},{"damage":1.0,"enemies":"Cultist","floor":3.0,"turns":3.0},{"damage":5.0,"enemies":"2 Louse","floor":4.0,"turns":2.0},{"damage":8.0,"enemies":"2 Fungi Beasts","floor":5.0,"turns":3.0},{"damage":20.0,"enemies":"3 Sentries","floor":6.0,"turns":6.0},{"damage":25.0,"enemies":"Lagavulin","floor":8.0,"turns":5.0},{"damage":13.0,"enemies":"Gremlin Nob","floor":10.0,"turns":3.0},{"damage":7.0,"enemies":"Exordium Thugs","floor":12.0,"turns":4.0},{"damage":10.0,"enemies":"Lagavulin","floor":13.0,"turns":5.0},{"damage":0.0,"enemies":"Slime Boss","floor":16.0,"turns":9.0},{"damage":0.0,"enemies":"3 Byrds","floor":18.0,"turns":3.0},{"damage":6.0,"enemies":"Spheric Guardian","floor":21.0,"turns":3.0},{"damage":6.0,"enemies":"Gremlin Leader","floor":23.0,"turns":5.0},{"damage":37.0,"enemies":"Shelled Parasite and Fungi","floor":25.0,"turns":6.0},{"damage":24.0,"enemies":"Book of Stabbing","floor":29.0,"turns":7.0},{"damage":34,"enemies":"Champ","floor":33,"turns":12},{"damage":37,"enemies":"3 Darklings","floor":35,"turns":4},{"damage":27,"enemies":"Orb Walker","floor":36,"turns":5},{"damage":6,"enemies":"Mind Bloom Boss Battle","floor":37,"turns":8},{"damage":30,"enemies":"Transient","floor":38,"turns":5},{"damage":17,"enemies":"Jaw Worm Horde","floor":41,"turns":5},{"damage":6,"enemies":"Giant Head","floor":42,"turns":6},{"damage":11,"enemies":"Spire Growth","floor":45,"turns":6},{"damage":13,"enemies":"Maw","floor":46,"turns":8},{"damage":63,"enemies":"Nemesis","floor":47,"turns":9},{"damage":13,"enemies":"Writhing Mass","floor":48,"turns":6},{"damage":104,"enemies":"Time Eater","floor":50,"turns":15}],"seed_played":"469255333000411102","potions_obtained":[{"floor":0.0,"key":"AttackPotion"},{"floor":0.0,"key":"Dexterity Potion"},{"floor":0.0,"key":"Fire Potion"},{"floor":1.0,"key":"Fire Potion"},{"floor":6.0,"key":"FearPotion"},{"floor":13.0,"key":"Dexterity Potion"},{"floor":16.0,"key":"Dexterity Potion"},{"floor":18.0,"key":"Explosive Potion"},{"floor":25.0,"key":"PowerPotion"},{"floor":29.0,"key":"Block Potion"},{"floor":33,"key":"FearPotion"},{"floor":37,"key":"SpeedPotion"},{"floor":41,"key":"Fruit Juice"},{"floor":42,"key":"BloodPotion"},{"floor":47,"key":"FearPotion"}],"is_trial":false,"path_per_floor":["M","?","M","M","M","E","R","E","T","E","?","M","E","$","R","B",null,"M","?","$","M","$","E","R","M","T","$","R","E","?","$","R","B",null,"M","M","?","M","?","R","M","E","T","$","M","M","E","M","R","B",null],"character_chosen":"IRONCLAD","items_purchased":["Omamori","Shrug It Off","Shrug It Off","Feel No Pain+1","Flame Barrier","Inflame+1","Happy Flower","Strength Potion"],"campfire_rested":3,"item_purchase_floors":[14,14,20,20,22,27,44,44],"current_hp_per_floor":[80,80,80,80,78,64,64,45,45,38,38,37,33,33,33,39,70,80,80,80,80,80,80,80,53,53,53,53,39,39,39,63,39,70,43,26,30,18,18,42,41,60,60,60,67,72,27,32,57,24],"gold":223,"neow_bonus":"THREE_SMALL_POTIONS","is_prod":false,"is_daily":false,"chose_seed":false,"campfire_upgraded":4,"win_rate":0,"timestamp":1551650163,"path_taken":["M","?","M","M","?","E","R","E","T","E","?","M","E","$","R","BOSS","M","?","$","M","$","E","R","M","T","?","R","E","?","$","R","BOSS","M","?","?","M","?","R","M","E","T","$","M","M","E","M","R","BOSS"],"build_version":"2019-01-23","purchased_purges":5,"victory":true,"max_hp_per_floor":[80,80,80,80,80,80,80,80,80,80,80,80,80,80,80,80,80,80,80,80,80,80,80,80,80,80,80,80,80,80,80,80,80,80,80,80,80,80,80,80,80,85,85,85,85,85,85,85,85,85],"card_choices":[{"not_picked":["Rage","Pommel Strike"],"picked":"Iron Wave","floor":1.0},{"not_picked":["Power Through","Havoc"],"picked":"Battle Trance","floor":3.0},{"not_picked":["Shrug It Off","Pommel Strike"],"picked":"Cleave","floor":4.0},{"not_picked":["Heavy Blade","Cleave"],"picked":"Clothesline","floor":5.0},{"not_picked":["Havoc","Cleave"],"picked":"Anger","floor":6.0},{"not_picked":["Clothesline","Corruption"],"picked":"Havoc","floor":8.0},{"not_picked":["Dual Wield","Warcry"],"picked":"Whirlwind","floor":10.0},{"not_picked":["Flex","Hemokinesis"],"picked":"Infernal Blade","floor":12.0},{"not_picked":["Uppercut","Havoc"],"picked":"True Grit","floor":13.0},{"not_picked":["Brutality+1","Bludgeon"],"picked":"Offering","floor":16.0},{"not_picked":["Thunderclap","Body Slam"],"picked":"Headbutt+1","floor":18.0},{"not_picked":["Havoc+1","Headbutt"],"picked":"Flame Barrier+1","floor":21.0},{"not_picked":["Shockwave","Anger"],"picked":"Hemokinesis","floor":23.0},{"not_picked":["Sword Boomerang","Wild Strike"],"picked":"Shrug It Off","floor":25.0},{"not_picked":["Twin Strike","Headbutt","Fiend Fire"],"picked":"SKIP","floor":29.0},{"not_picked":["Double Tap","Brutality+1"],"picked":"Barricade+1","floor":33},{"not_picked":["Perfected Strike+1","Second Wind","Whirlwind"],"picked":"SKIP","floor":35},{"not_picked":["Shockwave+1","Whirlwind+1"],"picked":"Feel No Pain+1","floor":36},{"not_picked":["Twin Strike+1","Battle Trance+1"],"picked":"Body Slam","floor":37},{"not_picked":["Cleave","Heavy Blade","Anger"],"picked":"SKIP","floor":38},{"not_picked":["Cleave+1","True Grit+1"],"picked":"Havoc+1","floor":41},{"not_picked":["Brutality+1","Wild Strike+1"],"picked":"Seeing Red","floor":42},{"not_picked":["Pummel+1","Wild Strike","Uppercut"],"picked":"SKIP","floor":45},{"not_picked":["Shrug It Off+1","Pommel Strike","Iron Wave"],"picked":"SKIP","floor":46},{"not_picked":["Anger","Intimidate"],"picked":"Exhume","floor":47},{"not_picked":["Rampage","Clothesline+1","Shrug It Off"],"picked":"SKIP","floor":48}],"player_experience":126513,"relics_obtained":[{"floor":6.0,"key":"Nunchaku"},{"floor":8.0,"key":"Ginger"},{"floor":9.0,"key":"Frozen Egg 2"},{"floor":10.0,"key":"Vajra"},{"floor":13.0,"key":"Smiling Mask"},{"floor":23.0,"key":"Pen Nib"},{"floor":26.0,"key":"Torii"},{"floor":29.0,"key":"Anchor"},{"floor":37,"key":"Bird Faced Urn"},{"floor":42,"key":"War Paint"},{"floor":47,"key":"Bag of Marbles"}],"event_choices":[{"cards_removed":["Strike_R"],"damage_healed":0.0,"max_hp_gain":0.0,"max_hp_loss":0.0,"gold_gain":0.0,"event_name":"Purifier","player_choice":"Purged","floor":2.0,"gold_loss":0.0,"damage_taken":0.0},{"damage_healed":0.0,"max_hp_gain":0.0,"max_hp_loss":0.0,"gold_gain":0.0,"event_name":"Living Wall","player_choice":"Grow","floor":11.0,"gold_loss":0.0,"damage_taken":0.0,"cards_upgraded":["Havoc"]},{"damage_healed":0.0,"max_hp_gain":0.0,"max_hp_loss":0.0,"gold_gain":0.0,"event_name":"Upgrade Shrine","player_choice":"Upgraded","floor":19.0,"gold_loss":0.0,"damage_taken":0.0,"cards_upgraded":["Anger"]},{"damage_healed":0.0,"max_hp_gain":0.0,"max_hp_loss":0.0,"gold_gain":0.0,"event_name":"Match and Keep!","player_choice":"2 cards matched","floor":30.0,"gold_loss":0.0,"damage_taken":0.0,"cards_obtained":["True Grit","Battle Trance"]},{"damage_healed":0,"gold_gain":0,"player_choice":"Fight","damage_taken":0,"max_hp_gain":0,"max_hp_loss":0,"event_name":"MindBloom","floor":37,"gold_loss":0},{"damage_healed":0,"gold_gain":0,"player_choice":"Trade","damage_taken":0,"relics_obtained":["NlothsMask"],"max_hp_gain":0,"max_hp_loss":0,"event_name":"FaceTrader","floor":39,"gold_loss":0}],"is_beta":false,"boss_relics":[{"not_picked":["Runic Pyramid","Philosopher\u0027s Stone"],"picked":"Black Blood"},{"not_picked":["Tiny House","Runic Dome"],"picked":"Lizard Tail"}],"items_purged_floors":[14,20,22,31,44],"is_endless":false,"potions_floor_spawned":[1,3,6,13,16,18,25,29,33,37,41,42,47],"ascension_level":5}