{"gold_per_floor":[109,127,138,149,149,149,177,195,195,208,222,222,232,267,267,344,344,359,6,56,73,85,85,119,119,143,143,154,169,169,169,169,241,241,261,271,159,205,27,60,60,88,88,38,58,74,74,87,87,87],"floor_reached":51,"playtime":1754,"items_purged":["Writhe","Doubt","Parasite"],"score":1450,"play_id":"461789ca-164e-4594-a48a-1f8dcc396529","local_time":"20190327222950","is_ascension_mode":true,"campfire_choices":[{"data":"Storm","floor":6,"key":"SMITH"},{"floor":12,"key":"REST"},{"data":"Defragment","floor":15,"key":"SMITH"},{"floor":23,"key":"REST"},{"floor":25,"key":"REST"},{"data":"Amplify","floor":27,"key":"SMITH"},{"data":"Creative AI","floor":30,"key":"SMITH"},{"data":"Heatsinks","floor":32,"key":"SMITH"},{"data":"Buffer","floor":41,"key":"SMITH"},{"data":"Defragment","floor":47,"key":"SMITH"},{"data":"Double Energy","floor":49,"key":"SMITH"}],"neow_cost":"NONE","seed_source_timestamp":15094887586592,"circlet_count":0,"master_deck":["AscendersBane","Strike_B","Strike_B","Strike_B","Defend_B","Defend_B","Defend_B","Defend_B","Zap","Dualcast","Hyperbeam","Leap","Double Energy+1","Chill","Storm+1","Creative AI+1","Conserve Battery","Biased Cognition","Self Repair","Defragment+1","Undo+1","Amplify+1","Self Repair","Coolheaded","Heatsinks","Capacitor+1","Heatsinks+1","Sweeping Beam","Buffer+1","Loop","Conserve Battery+1","Dark Shackles","Storm","Defragment+1","Storm+1","Coolheaded+1"],"relics":["Cracked Core","Letter Opener","Question Card","Darkstone Periapt","Calling Bell","Potion Belt","Mercury Hourglass","Mango","Mummified Hand","The Courier","Dream Catcher","Black Star","Thread and Needle","Unceasing Top","Prayer Wheel","Strawberry","Bag of Preparation","Dodecahedron"],"potions_floor_usage":[4,10,14,21,24,38,50,50,50,50],"damage_taken":[{"damage":0,"enemies":"Cultist","floor":1,"turns":2},{"damage":0,"enemies":"Small Slimes","floor":2,"turns":2},{"damage":0,"enemies":"2 Louse","floor":3,"turns":1},{"damage":4,"enemies":"Exordium Thugs","floor":4,"turns":4},{"damage":16,"enemies":"Lagavulin","floor":7,"turns":7},{"damage":0,"enemies":"2 Fungi Beasts","floor":8,"turns":2},{"damage":8,"enemies":"Lots of Slimes","floor":10,"turns":2},{"damage":0,"enemies":"3 Louse","floor":11,"turns":1},{"damage":10,"enemies":"Exordium Wildlife","floor":13,"turns":4},{"damage":10,"enemies":"3 Sentries","floor":14,"turns":5},{"damage":40,"enemies":"The Guardian","floor":16,"turns":10},{"damage":34,"enemies":"Chosen","floor":18,"turns":5},{"damage":19,"enemies":"Shell Parasite","floor":21,"turns":3},{"damage":21,"enemies":"Snake Plant","floor":22,"turns":4},{"damage":24,"enemies":"Slavers","floor":24,"turns":2},{"damage":9,"enemies":"3 Cultists","floor":28,"turns":3},{"damage":2,"enemies":"Chosen and Byrds","floor":29,"turns":4},{"damage":24,"enemies":"Collector","floor":33,"turns":7},{"damage":13,"enemies":"Orb Walker","floor":35,"turns":4},{"damage":0,"enemies":"3 Shapes","floor":36,"turns":1},{"damage":42,"enemies":"2 Orb Walkers","floor":38,"turns":4},{"damage":0,"enemies":"Giant Head","floor":40,"turns":6},{"damage":14,"enemies":"Nemesis","floor":42,"turns":4},{"damage":0,"enemies":"3 Darklings","floor":45,"turns":3},{"damage":0,"enemies":"Writhing Mass","floor":46,"turns":4},{"damage":0,"enemies":"Spire Growth","floor":48,"turns":4},{"damage":33,"enemies":"Awakened One","floor":50,"turns":5}],"seed_played":"-3162727586328038529","potions_obtained":[{"floor":1,"key":"SkillPotion"},{"floor":4,"key":"SkillPotion"},{"floor":7,"key":"Fire Potion"},{"floor":14,"key":"SkillPotion"},{"floor":16,"key":"Ancient Potion"},{"floor":18,"key":"Fire Potion"},{"floor":21,"key":"Dexterity Potion"},{"floor":29,"key":"AttackPotion"},{"floor":35,"key":"Swift Potion"},{"floor":42,"key":"Strength Potion"}],"is_trial":false,"path_per_floor":["M","M","M","M","?","R","E","M","T","M","M","R","M","E","R","B",null,"M","$","?","M","M","R","E","R","T","R","M","M","R","?","R","B",null,"M","M","$","?","$","E","R","E","T","?","M","M","R","M","R","B",null],"character_chosen":"DEFECT","items_purchased":["Mummified Hand","Loop","Dark Shackles"],"campfire_rested":3,"item_purchase_floors":[19,37,39],"current_hp_per_floor":[64,64,64,60,60,60,44,44,44,36,36,57,54,51,51,18,90,63,63,63,58,44,74,50,80,80,80,92,103,103,103,103,93,101,88,88,88,53,53,67,67,74,74,74,81,95,95,95,95,76],"gold":87,"neow_bonus":"ONE_RANDOM_RARE_CARD","is_prod":false,"is_daily":false,"chose_seed":false,"campfire_upgraded":8,"win_rate":0,"timestamp":1553743790,"path_taken":["M","M","M","M","?","R","E","M","T","?","M","R","M","E","R","BOSS","M","$","?","M","M","R","E","R","T","R","M","M","R","?","R","BOSS","M","M","$","?","$","E","R","E","T","?","M","?","R","M","R","BOSS"],"build_version":"2019-01-23","purchased_purges":3,"victory":true,"max_hp_per_floor":[71,71,71,71,71,71,71,71,71,71,71,71,71,71,71,71,103,103,103,103,103,103,103,103,103,103,103,103,103,103,103,103,103,103,103,103,103,103,100,100,100,107,107,107,107,107,107,107,107,107],"card_choices":[{"not_picked":["Hologram","Redo"],"picked":"Leap","floor":1},{"not_picked":["Compile Driver","Darkness"],"picked":"Double Energy","floor":2},{"not_picked":["Auto Shields","Melter"],"picked":"Chill","floor":3},{"not_picked":["Sweeping Beam","Rebound"],"picked":"Storm","floor":4},{"not_picked":["Steam","Coolheaded"],"picked":"Conserve Battery","floor":7},{"not_picked":["Barrage","White Noise"],"picked":"Biased Cognition","floor":8},{"not_picked":["Skim","Chaos","Cold Snap"],"picked":"Self Repair","floor":10},{"not_picked":["Sweeping Beam","Scrape","Beam Cell","Compile Driver"],"picked":"SKIP","floor":11},{"not_picked":["Compile Driver","Redo","Rebound"],"picked":"Defragment","floor":13},{"not_picked":["Compile Driver","Stack","Double Energy"],"picked":"Undo","floor":14},{"not_picked":["Creative AI","Fission","Machine Learning"],"picked":"Amplify","floor":16},{"not_picked":["Beam Cell","Cold Snap+1","Static Discharge"],"picked":"Self Repair","floor":18},{"not_picked":["Cold Snap","Hologram","Conserve Battery"],"picked":"Coolheaded","floor":21},{"not_picked":["Compile Driver","Melter","Leap"],"picked":"Heatsinks","floor":22},{"not_picked":["Beam Cell","Chaos","Sunder"],"picked":"Capacitor","floor":24},{"not_picked":["Hello World","Streamline","Compile Driver"],"picked":"Heatsinks","floor":28},{"not_picked":["Thunder Strike","Recycle","Leap","Redo"],"picked":"SKIP","floor":29},{"not_picked":["Amplify","All For One","Reboot"],"picked":"Buffer","floor":33},{"not_picked":["Sweeping Beam","Cold Snap","Streamline+1","Redo"],"picked":"SKIP","floor":35},{"not_picked":["Glacier","Conserve Battery","Cold Snap+1","Streamline"],"picked":"SKIP","floor":36},{"not_picked":["Redo","Coolheaded","Fusion+1"],"picked":"Conserve Battery+1","floor":38},{"not_picked":["Static Discharge","Hologram","Glacier","Compile Driver"],"picked":"SKIP","floor":40},{"not_picked":["Loop","Machine Learning","Redo","Tempest"],"picked":"SKIP","floor":42},{"not_picked":["Coolheaded","Steam+1","Barrage+1","Ball Lightning"],"picked":"SKIP","floor":45},{"not_picked":["Darkness","Coolheaded","Doom and Gloom","Hologram+1"],"picked":"SKIP","floor":45},{"not_picked":["Heatsinks","Redo+1","Doom and Gloom"],"picked":"Storm","floor":46},{"not_picked":["Redo+1","Sweeping Beam","Beam Cell"],"picked":"Defragment","floor":46},{"not_picked":["Defragment","Darkness","Sunder"],"picked":"Storm+1","floor":48},{"not_picked":["Rainbow","Hello World","Hologram+1"],"picked":"Coolheaded+1","floor":48}],"player_experience":1173740,"relics_obtained":[{"floor":7,"key":"Letter Opener"},{"floor":9,"key":"Question Card"},{"floor":14,"key":"Darkstone Periapt"},{"floor":17,"key":"Potion Belt"},{"floor":17,"key":"Mercury Hourglass"},{"floor":17,"key":"Mango"},{"floor":24,"key":"The Courier"},{"floor":26,"key":"Dream Catcher"},{"floor":38,"key":"Thread and Needle"},{"floor":40,"key":"Unceasing Top"},{"floor":40,"key":"Prayer Wheel"},{"floor":42,"key":"Strawberry"},{"floor":42,"key":"Bag of Preparation"},{"floor":43,"key":"Dodecahedron"}],"event_choices":[{"damage_healed":0,"gold_gain":0,"player_choice":"1 cards matched","damage_taken":0,"max_hp_gain":0,"max_hp_loss":0,"event_name":"Match and Keep!","floor":5,"gold_loss":0,"cards_obtained":["Creative AI"]},{"damage_healed":0,"gold_gain":50,"player_choice":"Stole From Cult","damage_taken":0,"max_hp_gain":0,"max_hp_loss":0,"event_name":"Nest","floor":20,"gold_loss":0},{"damage_healed":0,"gold_gain":0,"cards_transformed":["Strike_B"],"player_choice":"Transformed","damage_taken":0,"max_hp_gain":0,"max_hp_loss":0,"event_name":"Transmorgrifier","floor":31,"gold_loss":0,"cards_obtained":["Sweeping Beam"]},{"damage_healed":0,"gold_gain":0,"player_choice":"Fight","damage_taken":0,"max_hp_gain":0,"max_hp_loss":0,"event_name":"Mysterious Sphere","floor":38,"gold_loss":0},{"damage_healed":0,"gold_gain":0,"player_choice":"Upgraded Two","damage_taken":0,"max_hp_gain":0,"max_hp_loss":0,"event_name":"Designer","floor":44,"gold_loss":50,"cards_upgraded":["Capacitor","Undo"]}],"is_beta":false,"boss_relics":[{"not_picked":["FrozenCore","Philosopher\u0027s Stone"],"picked":"Calling Bell"},{"not_picked":["Coffee Dripper","Runic Pyramid"],"picked":"Black Star"}],"items_purged_floors":[19,37,39],"is_endless":false,"potions_floor_spawned":[1,4,7,8,14,16,18,21,29,35,42,46],"ascension_level":17}