{"gold_per_floor":[117,88,88,4,17,48,4,4,4,30,30,30,30,43,43,114,114,127,327,338,351,369,369,369],"floor_reached":24,"playtime":558,"items_purged":[],"score":447,"play_id":"de79c780-f171-4462-b236-7cf4ebe702b9","local_time":"20190408191447","is_ascension_mode":true,"campfire_choices":[{"data":"Defragment","floor":8,"key":"SMITH"},{"data":"Beam Cell","floor":11,"key":"SMITH"},{"floor":15,"key":"REST"},{"floor":23,"key":"REST"}],"neow_cost":"NONE","seed_source_timestamp":763027983722100,"circlet_count":0,"master_deck":["AscendersBane","Strike_B","Strike_B","Strike_B","Strike_B","Defend_B+1","Defend_B","Defend_B+1","Defend_B","Zap","Dualcast","Genetic Algorithm+1","Sweeping Beam","Self Repair","Gash","Beam Cell+1","Defragment+1","Gash","Rebound","Fission","Sweeping Beam+1","Beam Cell","Coolheaded"],"relics":["Cracked Core","NeowsBlessing","Shuriken","Mummified Hand","Cables","Runic Pyramid"],"potions_floor_usage":[16,21,22,22],"damage_taken":[{"damage":0,"enemies":"Small Slimes","floor":1,"turns":1},{"damage":0,"enemies":"Jaw Worm","floor":5,"turns":1},{"damage":0,"enemies":"3 Sentries","floor":6,"turns":1},{"damage":39,"enemies":"Gremlin Nob","floor":10,"turns":4},{"damage":0,"enemies":"2 Louse","floor":14,"turns":2},{"damage":29,"enemies":"The Guardian","floor":16,"turns":10},{"damage":41,"enemies":"2 Thieves","floor":18,"turns":4},{"damage":14,"enemies":"Spheric Guardian","floor":20,"turns":5},{"damage":4,"enemies":"Snecko","floor":21,"turns":4},{"damage":9,"enemies":"Snake Plant","floor":22,"turns":4},{"damage":34,"enemies":"Slavers","floor":24,"turns":2}],"seed_played":"4148492647306656482","potions_obtained":[{"floor":14,"key":"Dexterity Potion"},{"floor":16,"key":"LiquidBronze"},{"floor":18,"key":"FocusPotion"},{"floor":21,"key":"SkillPotion"}],"is_trial":false,"path_per_floor":["M","$","?","$","M","E","$","R","T","E","R","?","?","M","R","B",null,"M","?","M","M","M","R","E"],"character_chosen":"DEFECT","items_purchased":["Sweeping Beam","Self Repair","Defragment"],"campfire_rested":2,"item_purchase_floors":[2,4,7],"current_hp_per_floor":[64,64,64,64,64,64,64,64,64,32,32,32,11,11,32,10,56,22,22,15,11,9,30,0],"gold":369,"neow_bonus":"THREE_ENEMY_KILL","is_prod":false,"is_daily":false,"chose_seed":false,"campfire_upgraded":2,"win_rate":0,"timestamp":1554743687,"path_taken":["M","$","?","$","M","E","?","R","T","E","R","?","?","M","R","BOSS","M","?","?","?","?","R","E"],"build_version":"2019-01-23","purchased_purges":0,"victory":false,"max_hp_per_floor":[71,71,71,71,71,71,71,71,71,71,71,71,71,71,71,71,71,71,71,71,71,71,71,71],"card_choices":[{"not_picked":["Rebound","Steam"],"picked":"Genetic Algorithm","floor":1},{"not_picked":["White Noise","Leap"],"picked":"Gash","floor":5},{"not_picked":["Buffer","Double Energy"],"picked":"Beam Cell","floor":6},{"not_picked":["Beam Cell","Coolheaded"],"picked":"Gash","floor":10},{"not_picked":["Streamline","Stack"],"picked":"Rebound","floor":14},{"not_picked":["Electrodynamics","Buffer"],"picked":"Fission","floor":16},{"not_picked":["Stack","Beam Cell"],"picked":"Sweeping Beam+1","floor":18},{"not_picked":["Melter","Cold Snap"],"picked":"Beam Cell","floor":20},{"not_picked":["Double Energy","Rebound"],"picked":"Coolheaded","floor":21},{"not_picked":["Sweeping Beam","Reinforced Body","Chaos"],"picked":"SKIP","floor":22}],"player_experience":516135,"relics_obtained":[{"floor":6,"key":"Shuriken"},{"floor":9,"key":"Mummified Hand"},{"floor":10,"key":"Cables"}],"event_choices":[{"damage_healed":0,"gold_gain":0,"player_choice":"Grow","damage_taken":0,"max_hp_gain":0,"max_hp_loss":0,"event_name":"Living Wall","floor":3,"gold_loss":0,"cards_upgraded":["Genetic Algorithm"]},{"damage_healed":0,"gold_gain":0,"player_choice":"Leave","damage_taken":0,"max_hp_gain":0,"max_hp_loss":0,"event_name":"The Cleric","floor":12,"gold_loss":0},{"damage_healed":0,"gold_gain":0,"player_choice":"Entered Light","damage_taken":21,"max_hp_gain":0,"max_hp_loss":0,"event_name":"Shining Light","floor":13,"gold_loss":0,"cards_upgraded":["Defend_B","Defend_B"]},{"damage_healed":0,"gold_gain":200,"player_choice":"Gold","damage_taken":0,"max_hp_gain":0,"max_hp_loss":0,"event_name":"Wheel of Change","floor":19,"gold_loss":0}],"is_beta":false,"boss_relics":[{"not_picked":["Inserter","Tiny House"],"picked":"Runic Pyramid"}],"items_purged_floors":[],"is_endless":false,"potions_floor_spawned":[14,16,18,21],"killed_by":"Slavers","ascension_level":19}