{"gold_per_floor":[114,134,95,111,127,152,152,186,186,199,199,209,209,227,227,327,327,343,343,353,26,26,26,26,125,173,184,203,203,221,234,234,234],"floor_reached":33,"playtime":3267,"items_purged":["Strike_B"],"score":261,"play_id":"cd31b924-952e-43cf-9040-5c97d5e6ae94","local_time":"20190423233440","is_ascension_mode":false,"campfire_choices":[{"floor":7,"key":"REST"},{"floor":11,"key":"REST"},{"data":"Dualcast","floor":13,"key":"SMITH"},{"data":"Zap","floor":15,"key":"SMITH"},{"floor":23,"key":"REST"},{"floor":32,"key":"REST"}],"neow_cost":"NONE","seed_source_timestamp":10242279923861,"circlet_count":0,"master_deck":["Strike_B","Strike_B","Defend_B","Defend_B","Defend_B","Defend_B","Zap+1","Dualcast+1","Hyperbeam","Cold Snap","Go for the Eyes","Leap","Glacier","Redo","Loop","Darkness","Ball Lightning","Genetic Algorithm","Machine Learning","Loop","Turbo","Chill+1","Hologram","All For One","Leap","Darkness"],"relics":["Cracked Core","Dodecahedron","Darkstone Periapt","Question Card","Runic Pyramid","Meat on the Bone","Potion Belt"],"potions_floor_usage":[6,30,30,31,31,31],"damage_taken":[{"damage":6,"enemies":"Jaw Worm","floor":1,"turns":3},{"damage":0,"enemies":"Small Slimes","floor":2,"turns":2},{"damage":0,"enemies":"2 Louse","floor":4,"turns":2},{"damage":0,"enemies":"Large Slime","floor":5,"turns":5},{"damage":15,"enemies":"Lagavulin","floor":6,"turns":13},{"damage":12,"enemies":"3 Sentries","floor":8,"turns":8},{"damage":10,"enemies":"3 Louse","floor":10,"turns":3},{"damage":3,"enemies":"Lots of Slimes","floor":12,"turns":4},{"damage":0,"enemies":"2 Fungi Beasts","floor":14,"turns":2},{"damage":41,"enemies":"The Guardian","floor":16,"turns":11},{"damage":16,"enemies":"2 Thieves","floor":18,"turns":4},{"damage":16,"enemies":"Shell Parasite","floor":20,"turns":10},{"damage":31,"enemies":"Colosseum Slavers","floor":22,"turns":6},{"damage":7,"enemies":"Shelled Parasite and Fungi","floor":27,"turns":10},{"damage":26,"enemies":"Centurion and Healer","floor":28,"turns":9},{"damage":19,"enemies":"3 Cultists","floor":30,"turns":6},{"damage":13,"enemies":"Sentry and Sphere","floor":31,"turns":10},{"damage":61,"enemies":"Automaton","floor":33,"turns":12}],"seed_played":"-6337086731035782476","potions_obtained":[{"floor":2,"key":"Explosive Potion"},{"floor":6,"key":"PowerPotion"},{"floor":12,"key":"PowerPotion"},{"floor":16,"key":"AttackPotion"},{"floor":20,"key":"LiquidBronze"},{"floor":27,"key":"Energy Potion"},{"floor":30,"key":"EssenceOfSteel"}],"is_trial":false,"path_per_floor":["M","M","?","M","M","E","R","E","T","M","R","M","R","M","R","B",null,"M","?","M","$","?","R","?","?","T","M","M","?","M","M","R","B"],"character_chosen":"DEFECT","items_purchased":["Meat on the Bone"],"campfire_rested":4,"item_purchase_floors":[21],"current_hp_per_floor":[69,69,69,69,69,54,75,63,63,53,75,72,72,72,72,31,75,59,59,43,43,24,46,46,46,46,39,25,25,18,17,39,0],"gold":234,"neow_bonus":"ONE_RANDOM_RARE_CARD","is_prod":false,"is_daily":false,"chose_seed":false,"campfire_upgraded":2,"win_rate":0,"timestamp":1556076880,"path_taken":["M","M","?","M","M","E","R","E","T","M","R","M","R","M","R","BOSS","M","?","M","$","?","R","?","?","T","M","M","?","?","M","R","BOSS"],"build_version":"2019-01-23","purchased_purges":1,"victory":false,"max_hp_per_floor":[75,75,75,75,75,75,75,75,75,75,75,75,75,75,75,75,75,75,75,75,75,75,75,75,75,75,75,75,75,75,75,75,75],"card_choices":[{"not_picked":["Barrage","Go for the Eyes"],"picked":"Cold Snap","floor":1},{"not_picked":["Barrage","Cold Snap"],"picked":"Go for the Eyes","floor":2},{"not_picked":["Lockon","Go for the Eyes"],"picked":"Leap","floor":4},{"not_picked":["Force Field","Leap"],"picked":"Glacier","floor":5},{"not_picked":["Beam Cell","Auto Shields"],"picked":"Redo","floor":6},{"not_picked":["Hologram","Reboot"],"picked":"Loop","floor":8},{"not_picked":["Barrage","Gash","Redo"],"picked":"Darkness","floor":10},{"not_picked":["Double Energy","Hologram","Beam Cell"],"picked":"Ball Lightning","floor":12},{"not_picked":["Barrage","Reprogram","Recycle"],"picked":"Genetic Algorithm","floor":14},{"not_picked":["Hyperbeam","Reboot","Meteor Strike"],"picked":"Machine Learning","floor":16},{"not_picked":["Beam Cell+1","Leap","Storm"],"picked":"Loop","floor":18},{"not_picked":["Cold Snap","Stack+1","Sweeping Beam"],"picked":"Turbo","floor":20},{"not_picked":["Heatsinks","Loop","Hello World"],"picked":"Chill+1","floor":27},{"not_picked":["Genetic Algorithm","White Noise","Go for the Eyes"],"picked":"Hologram","floor":28},{"not_picked":["White Noise+1","Beam Cell","Genetic Algorithm"],"picked":"Leap","floor":30},{"not_picked":["White Noise","Gash","Scrape"],"picked":"Darkness","floor":31}],"player_experience":169095,"relics_obtained":[{"floor":6,"key":"Dodecahedron"},{"floor":8,"key":"Darkstone Periapt"},{"floor":9,"key":"Question Card"},{"floor":26,"key":"Potion Belt"}],"event_choices":[{"damage_healed":0,"gold_gain":0,"player_choice":"Left Gold","damage_taken":0,"max_hp_gain":0,"max_hp_loss":0,"event_name":"World of Goop","floor":3,"gold_loss":39},{"damage_healed":0,"gold_gain":0,"player_choice":"Ignored","damage_taken":0,"max_hp_gain":0,"max_hp_loss":0,"event_name":"Ghosts","floor":19,"gold_loss":0},{"damage_healed":0,"gold_gain":0,"player_choice":"Fight","damage_taken":0,"max_hp_gain":0,"max_hp_loss":0,"event_name":"Colosseum","floor":22,"gold_loss":0},{"damage_healed":0,"gold_gain":0,"player_choice":"Fled From Nobs","damage_taken":0,"max_hp_gain":0,"max_hp_loss":0,"event_name":"Colosseum","floor":22,"gold_loss":0},{"damage_healed":0,"gold_gain":0,"player_choice":"Ignored","damage_taken":0,"max_hp_gain":0,"max_hp_loss":0,"event_name":"The Mausoleum","floor":24,"gold_loss":0},{"damage_healed":0,"gold_gain":99,"player_choice":"Stole From Cult","damage_taken":0,"max_hp_gain":0,"max_hp_loss":0,"event_name":"Nest","floor":25,"gold_loss":0},{"damage_healed":0,"gold_gain":0,"cards_transformed":["Strike_B"],"player_choice":"Transformed","damage_taken":0,"max_hp_gain":0,"max_hp_loss":0,"event_name":"Transmorgrifier","floor":29,"gold_loss":0,"cards_obtained":["All For One"]}],"is_beta":false,"boss_relics":[{"not_picked":["Runic Dome","Snecko Eye"],"picked":"Runic Pyramid"}],"items_purged_floors":[21],"is_endless":false,"potions_floor_spawned":[2,6,12,16,20,27,30],"killed_by":"Automaton","ascension_level":0}