{"gold_per_floor":[113,38,50,67,85,110,110,385,460,487,334,363,379,414,414,519,519,530,549,54,69,84,84,100,118,118,136,136,153,153,185,185,289,289,305,315,328,348,348,378,395,427,451,70,105,205,205,232,232,232,232,232,34,69,69],"floor_reached":56,"playtime":3622,"items_purged":["Strike_R","Regret","Havoc","Strike_R"],"score":1416,"play_id":"034f0cd3-0ca8-4655-bfc3-4769c2d9f9a6","local_time":"20190413223726","is_ascension_mode":false,"campfire_choices":[{"data":"Offering","floor":7.0,"key":"SMITH"},{"data":"Evolve","floor":15.0,"key":"SMITH"},{"data":"Double Tap","floor":23.0,"key":"SMITH"},{"data":"Sentinel","floor":28.0,"key":"SMITH"},{"data":"Rampage","floor":30.0,"key":"SMITH"},{"data":"Burning Pact","floor":32.0,"key":"SMITH"},{"floor":47.0,"key":"RECALL"},{"data":"Armaments","floor":49,"key":"SMITH"},{"data":"Flex","floor":52,"key":"SMITH"}],"neow_cost":"NONE","seed_source_timestamp":0,"circlet_count":0,"master_deck":["Strike_R","Strike_R","Strike_R","Defend_R","Defend_R","Defend_R","Bash","Twin Strike+1","Burning Pact+1","Offering+1","Flex+1","Dropkick","Thunderclap","Wild Strike+1","Sentinel+1","Evolve+1","Feed","Warcry+1","Corruption+1","Shrug It Off","Double Tap+1","Disarm+1","Pommel Strike","Rampage+1","Rupture+1","Feel No Pain+1","Reckless Charge","True Grit","Dark Embrace+1","Armaments+1","Shrug It Off","Flex+1","Inflame+1","Warcry+1","Disarm+1","Shrug It Off+1","Corruption+1","Fire Breathing+1","Intimidate","Armaments+1"],"special_seed":0,"relics":["Burning Blood","Magic Flower","Mercury Hourglass","Anchor","Whetstone","Nunchaku","Mark of Pain","Frozen Egg 2","Omamori","Black Star","PreservedInsect","Art of War","Centennial Puzzle","Lantern","Orichalcum","Ancient Tea Set","Letter Opener","Blood Vial","Pocketwatch","Red Skull","Bronze Scales","Vajra","Dodecahedron"],"potions_floor_usage":[55,55,55],"damage_taken":[{"damage":6.0,"enemies":"Cultist","floor":1.0,"turns":3.0},{"damage":8.0,"enemies":"Jaw Worm","floor":3.0,"turns":4.0},{"damage":7.0,"enemies":"Small Slimes","floor":4.0,"turns":4.0},{"damage":14.0,"enemies":"Blue Slaver","floor":5.0,"turns":3.0},{"damage":28.0,"enemies":"3 Sentries","floor":6.0,"turns":9.0},{"damage":28.0,"enemies":"Gremlin Nob","floor":10.0,"turns":3.0},{"damage":24.0,"enemies":"Lagavulin","floor":12.0,"turns":3.0},{"damage":0.0,"enemies":"2 Fungi Beasts","floor":13.0,"turns":2.0},{"damage":12.0,"enemies":"Gremlin Nob","floor":14.0,"turns":3.0},{"damage":6.0,"enemies":"Slime Boss","floor":16.0,"turns":4.0},{"damage":26.0,"enemies":"Spheric Guardian","floor":18.0,"turns":4.0},{"damage":19.0,"enemies":"Shell Parasite","floor":19.0,"turns":3.0},{"damage":26.0,"enemies":"Centurion and Healer","floor":21.0,"turns":4.0},{"damage":6.0,"enemies":"Chosen and Byrds","floor":22.0,"turns":5.0},{"damage":11.0,"enemies":"Snake Plant","floor":24.0,"turns":2.0},{"damage":8.0,"enemies":"Centurion and Healer","floor":25.0,"turns":2.0},{"damage":3.0,"enemies":"Cultist and Chosen","floor":27.0,"turns":5.0},{"damage":16.0,"enemies":"Sentry and Sphere","floor":29.0,"turns":3.0},{"damage":11.0,"enemies":"Book of Stabbing","floor":31.0,"turns":4.0},{"damage":69.0,"enemies":"Automaton","floor":33.0,"turns":8.0},{"damage":19.0,"enemies":"3 Darklings","floor":35.0,"turns":3.0},{"damage":18.0,"enemies":"Orb Walker","floor":36.0,"turns":5.0},{"damage":29.0,"enemies":"Transient","floor":37.0,"turns":5.0},{"damage":12.0,"enemies":"Sphere and 2 Shapes","floor":38.0,"turns":5.0},{"damage":9.0,"enemies":"Giant Head","floor":40.0,"turns":4.0},{"damage":6.0,"enemies":"Jaw Worm Horde","floor":41.0,"turns":4.0},{"damage":6.0,"enemies":"Nemesis","floor":42.0,"turns":1.0},{"damage":20.0,"enemies":"Reptomancer","floor":45.0,"turns":4.0},{"damage":6.0,"enemies":"Mind Bloom Boss Battle","floor":46.0,"turns":4.0},{"damage":81,"enemies":"Awakened One","floor":50,"turns":10},{"damage":42,"enemies":"Shield and Spear","floor":54,"turns":4},{"damage":55,"enemies":"The Heart","floor":55,"turns":7}],"seed_played":"3774916684055390239","potions_obtained":[{"floor":3.0,"key":"SpeedPotion"},{"floor":4.0,"key":"Swift Potion"},{"floor":12.0,"key":"Block Potion"},{"floor":13.0,"key":"Swift Potion"},{"floor":16.0,"key":"SteroidPotion"},{"floor":21.0,"key":"AttackPotion"},{"floor":22.0,"key":"SpeedPotion"},{"floor":25.0,"key":"BloodPotion"},{"floor":31.0,"key":"SpeedPotion"},{"floor":36.0,"key":"Fruit Juice"},{"floor":38.0,"key":"Fire Potion"},{"floor":40.0,"key":"LiquidBronze"}],"is_trial":false,"path_per_floor":["M","$","M","M","M","E","R","?","T","E","$","E","M","E","R","B",null,"M","M","$","M","M","R","M","M","T","M","R","M","R","E","R","B",null,"M","M","M","M","?","E","M","E","T","$","E","?","R","T","R","B",null,"R","$","E","B",null],"character_chosen":"IRONCLAD","items_purchased":["Wild Strike","Shrug It Off","Double Tap","Frozen Egg 2","Corruption+1","Ancient Tea Set","Bronze Scales","Dexterity Potion"],"campfire_rested":0,"item_purchase_floors":[11,20,20,20,44,44,53,53],"current_hp_per_floor":[80,80,78,77,69,47,47,47,47,28,28,13,22,19,19,22,80,63,53,53,41,44,44,47,53,53,78,78,76,76,79,79,19,98,88,79,67,64,90,95,103,106,106,106,95,107,107,107,107,38,113,113,113,80,42],"gold":69,"neow_bonus":"REMOVE_CARD","is_prod":false,"is_daily":false,"chose_seed":false,"campfire_upgraded":8,"win_rate":0,"timestamp":1555166246,"path_taken":["M","?","?","M","?","E","R","?","T","E","$","E","M","E","R","BOSS","M","M","$","M","M","R","M","M","T","M","R","M","R","E","R","BOSS","M","M","M","?","?","E","M","E","T","$","E","?","R","?","R","BOSS","R","$","E","BOSS"],"build_version":"2019-01-23","purchased_purges":4,"victory":true,"max_hp_per_floor":[80,80,80,80,80,80,80,80,80,80,80,80,80,80,80,80,80,80,80,80,83,83,83,86,89,89,92,92,95,95,98,98,98,98,98,98,103,103,103,106,109,109,109,109,109,113,113,113,113,113,113,113,113,113,116],"card_choices":[{"not_picked":["Sword Boomerang","Havoc"],"picked":"Twin Strike","floor":1.0},{"not_picked":["Cleave","Heavy Blade"],"picked":"Burning Pact","floor":3.0},{"not_picked":["Carnage","Cleave"],"picked":"Offering","floor":4.0},{"not_picked":["Uppercut","Warcry"],"picked":"Flex","floor":5.0},{"not_picked":["Burning Pact","Perfected Strike"],"picked":"Dropkick","floor":6.0},{"not_picked":["Clothesline","Fire Breathing"],"picked":"Thunderclap","floor":10.0},{"not_picked":["Flex","Cleave"],"picked":"Sentinel","floor":12.0},{"not_picked":["Flex","Armaments"],"picked":"Havoc","floor":13.0},{"not_picked":["Havoc","Bloodletting"],"picked":"Evolve","floor":14.0},{"not_picked":["Barricade","Demon Form"],"picked":"Feed","floor":16.0},{"not_picked":["Flame Barrier","Headbutt"],"picked":"Warcry+1","floor":18.0},{"not_picked":["Twin Strike","Whirlwind"],"picked":"Corruption+1","floor":19.0},{"not_picked":["Ghostly Armor","Body Slam"],"picked":"Disarm+1","floor":21.0},{"not_picked":["Pummel","Heavy Blade"],"picked":"Pommel Strike","floor":22.0},{"not_picked":["Warcry","Whirlwind"],"picked":"Rampage","floor":24.0},{"not_picked":["Heavy Blade","Pummel+1"],"picked":"Rupture+1","floor":25.0},{"not_picked":["Ghostly Armor","Shrug It Off"],"picked":"Feel No Pain+1","floor":27.0},{"not_picked":["Hemokinesis","Flex+1"],"picked":"Reckless Charge","floor":29.0},{"not_picked":["Battle Trance","Iron Wave"],"picked":"True Grit","floor":31.0},{"not_picked":["Offering","Berserk+1"],"picked":"Dark Embrace+1","floor":33.0},{"not_picked":["True Grit","Iron Wave"],"picked":"Armaments","floor":35.0},{"not_picked":["Searing Blow+1","Cleave"],"picked":"Shrug It Off","floor":36.0},{"not_picked":["Fire Breathing+1","Iron Wave"],"picked":"Flex+1","floor":37.0},{"not_picked":["Clothesline+1","Cleave"],"picked":"Inflame+1","floor":38.0},{"not_picked":["Barricade+1","Clash+1"],"picked":"Warcry+1","floor":40.0},{"not_picked":["Uppercut","Heavy Blade"],"picked":"Disarm+1","floor":41.0},{"not_picked":["Warcry","Sword Boomerang"],"picked":"Shrug It Off+1","floor":42.0},{"not_picked":["Dual Wield","Carnage"],"picked":"Fire Breathing+1","floor":45.0},{"not_picked":["Reaper","Cleave+1"],"picked":"Intimidate","floor":46.0},{"not_picked":["Perfected Strike","Clothesline"],"picked":"Armaments+1","floor":54}],"player_experience":430216,"relics_obtained":[{"floor":6.0,"key":"Magic Flower"},{"floor":9.0,"key":"Mercury Hourglass"},{"floor":10.0,"key":"Anchor"},{"floor":12.0,"key":"Whetstone"},{"floor":14.0,"key":"Nunchaku"},{"floor":31.0,"key":"Omamori"},{"floor":40.0,"key":"PreservedInsect"},{"floor":40.0,"key":"Art of War"},{"floor":42.0,"key":"Centennial Puzzle"},{"floor":42.0,"key":"Lantern"},{"floor":43.0,"key":"Orichalcum"},{"floor":45.0,"key":"Letter Opener"},{"floor":45.0,"key":"Blood Vial"},{"floor":46.0,"key":"Pocketwatch"},{"floor":48,"key":"Red Skull"},{"floor":54,"key":"Vajra"},{"floor":54,"key":"Dodecahedron"}],"event_choices":[{"damage_healed":0.0,"max_hp_gain":0.0,"max_hp_loss":0.0,"gold_gain":275.0,"event_name":"Golden Shrine","player_choice":"Desecrate","floor":8.0,"gold_loss":0.0,"damage_taken":0.0,"cards_obtained":["Regret"]},{"damage_healed":26.0,"max_hp_gain":0.0,"max_hp_loss":0.0,"gold_gain":0.0,"event_name":"Winding Halls","player_choice":"Writhe","floor":39.0,"gold_loss":0.0,"damage_taken":0.0,"cards_obtained":["Writhe"]},{"damage_healed":0.0,"max_hp_gain":0.0,"max_hp_loss":0.0,"gold_gain":0.0,"event_name":"MindBloom","player_choice":"Fight","floor":46.0,"gold_loss":0.0,"damage_taken":0.0}],"is_beta":false,"boss_relics":[{"not_picked":["Empty Cage","Philosopher\u0027s Stone"],"picked":"Mark of Pain"},{"not_picked":["Velvet Choker","Runic Dome"],"picked":"Black Star"}],"items_purged_floors":[2,11,20,44],"is_endless":false,"potions_floor_spawned":[3,4,12,13,16,21,22,25,31,36,38,40,42],"ascension_level":0}