{"gold_per_floor":[111,286,35,35,47,72,37,37,37,37,72,72,72,20,20,115,115,128,128,56,56,71,104,104],"floor_reached":24,"playtime":753,"items_purged":[],"score":275,"play_id":"0c1fed15-5b3d-494a-9046-96165e380c1e","local_time":"20190505194012","is_ascension_mode":true,"campfire_choices":[{"data":"Carnage","floor":8,"key":"SMITH"},{"data":"Twin Strike","floor":12,"key":"SMITH"},{"data":"Bash","floor":15,"key":"SMITH"}],"neow_cost":"NONE","seed_source_timestamp":20055244173000,"circlet_count":0,"master_deck":["Strike_R","Strike_R","Strike_R","Strike_R","Defend_R","Defend_R","Defend_R","Defend_R","Bash+1","Twin Strike+1","Bloodletting","Carnage+1","Power Through","Limit Break","Flame Barrier+1","Corruption","Disarm","Pommel Strike"],"relics":["Burning Blood","Paper Frog","Spirit Poop","Blue Candle","Sundial","Pear","Pen Nib","Velvet Choker","Bottled Flame"],"potions_floor_usage":[6,16,23,23,23],"damage_taken":[{"damage":10,"enemies":"Small Slimes","floor":1,"turns":4},{"damage":11,"enemies":"2 Louse","floor":5,"turns":2},{"damage":50,"enemies":"Lagavulin","floor":6,"turns":7},{"damage":8,"enemies":"Gremlin Nob","floor":11,"turns":3},{"damage":51,"enemies":"Hexaghost","floor":16,"turns":9},{"damage":0,"enemies":"Chosen","floor":18,"turns":3},{"damage":17,"enemies":"Shell Parasite","floor":22,"turns":6},{"damage":62,"enemies":"Gremlin Leader","floor":23,"turns":7},{"damage":32,"enemies":"Sentry and Sphere","floor":24,"turns":5}],"seed_played":"1155595100430438283","potions_obtained":[{"floor":5,"key":"Block Potion"},{"floor":16,"key":"PowerPotion"},{"floor":18,"key":"Weak Potion"},{"floor":22,"key":"AttackPotion"}],"is_trial":false,"path_per_floor":["M","?","$","?","M","E","?","R","T","T","E","R","?","$","R","B",null,"M","?","$","?","M","E","M"],"character_chosen":"IRONCLAD","items_purchased":["Paper Frog","Energy Potion","Corruption"],"campfire_rested":0,"item_purchase_floors":[3,14,20],"current_hp_per_floor":[84,84,84,84,79,35,57,57,57,67,65,65,58,58,58,13,98,98,98,98,98,87,31,0],"gold":104,"neow_bonus":"TEN_PERCENT_HP_BONUS","is_prod":false,"is_daily":false,"chose_seed":false,"campfire_upgraded":3,"win_rate":0,"timestamp":1557099612,"path_taken":["M","?","$","?","?","E","?","R","T","?","E","R","?","$","R","BOSS","M","?","$","?","M","E","M"],"build_version":"2019-01-23","purchased_purges":0,"victory":false,"max_hp_per_floor":[88,88,88,88,88,88,88,88,88,98,98,98,98,98,98,98,98,98,98,98,98,98,98,98],"card_choices":[{"not_picked":["Heavy Blade","Headbutt"],"picked":"Twin Strike","floor":1},{"not_picked":["Havoc","Body Slam"],"picked":"Bloodletting","floor":5},{"not_picked":["Blood for Blood","Sword Boomerang"],"picked":"Carnage","floor":6},{"not_picked":["Sever Soul","Flex"],"picked":"Power Through","floor":11},{"not_picked":["Offering","Fiend Fire"],"picked":"Limit Break","floor":16},{"not_picked":["Wild Strike+1","Anger"],"picked":"Flame Barrier+1","floor":18},{"not_picked":["Flex+1","Dark Embrace"],"picked":"Pommel Strike","floor":22},{"not_picked":["Anger","Pommel Strike","Burning Pact"],"picked":"SKIP","floor":23}],"player_experience":103486,"relics_obtained":[{"floor":6,"key":"Blue Candle"},{"floor":9,"key":"Sundial"},{"floor":10,"key":"Pear"},{"floor":11,"key":"Pen Nib"},{"floor":23,"key":"Bottled Flame"}],"event_choices":[{"damage_healed":0,"gold_gain":175,"player_choice":"AGREE","damage_taken":0,"max_hp_gain":0,"max_hp_loss":0,"event_name":"Liars Game","floor":2,"gold_loss":0,"cards_obtained":["Doubt"]},{"cards_removed":["Doubt"],"damage_healed":0,"gold_gain":0,"player_choice":"Offered Curse","damage_taken":0,"relics_obtained":["Spirit Poop"],"max_hp_gain":0,"max_hp_loss":0,"event_name":"Bonfire Elementals","floor":4,"gold_loss":0},{"damage_healed":22,"gold_gain":0,"player_choice":"Healed","damage_taken":0,"max_hp_gain":0,"max_hp_loss":0,"event_name":"The Cleric","floor":7,"gold_loss":35},{"cards_removed":["Strike_R"],"damage_healed":0,"gold_gain":0,"player_choice":"Card Removal","damage_taken":7,"max_hp_gain":0,"max_hp_loss":0,"event_name":"Golden Wing","floor":13,"gold_loss":0},{"damage_healed":0,"gold_gain":0,"player_choice":"Ignored","damage_taken":0,"max_hp_gain":0,"max_hp_loss":0,"event_name":"Ghosts","floor":19,"gold_loss":0},{"damage_healed":0,"gold_gain":0,"player_choice":"Read","damage_taken":0,"max_hp_gain":0,"max_hp_loss":0,"event_name":"The Library","floor":21,"gold_loss":0,"cards_obtained":["Disarm"]}],"is_beta":false,"boss_relics":[{"not_picked":["Runic Cube","Orrery"],"picked":"Velvet Choker"}],"items_purged_floors":[],"is_endless":false,"potions_floor_spawned":[5,16,18,22],"killed_by":"Sentry and Sphere","ascension_level":3}