{"gold_per_floor":[110,110,110,16,16,49,49,49,79,79,98,118,118,151,151,230,230,245,260,172,200,219,219,249,249,249,263,263,282,282,312,312,386,386,397,397,397,411,189,189,44,44,44,44,79,301,312,325,325,325],"floor_reached":51,"playtime":3952,"items_purged":["Defend_B"],"score":1283,"play_id":"cccb4cf6-c32b-4e9a-b575-1feefd087129","local_time":"20190430231305","is_ascension_mode":true,"campfire_choices":[{"data":"Zap","floor":7.0,"key":"SMITH"},{"data":"Leap","floor":10.0,"key":"SMITH"},{"data":"Leap","floor":13.0,"key":"SMITH"},{"floor":15.0,"key":"REST"},{"floor":23.0,"key":"REST"},{"data":"Dualcast","floor":25.0,"key":"SMITH"},{"data":"Conserve Battery","floor":28.0,"key":"SMITH"},{"data":"Rainbow","floor":30.0,"key":"SMITH"},{"data":"Glacier","floor":32.0,"key":"SMITH"},{"data":"Loop","floor":40.0,"key":"SMITH"},{"data":"Defend_B","floor":42.0,"key":"SMITH"},{"data":"Defend_B","floor":44.0,"key":"SMITH"},{"data":"Defend_B","floor":49.0,"key":"SMITH"}],"neow_cost":"NONE","seed_source_timestamp":94853206523006,"circlet_count":0,"master_deck":["AscendersBane","Strike_B","Strike_B","Strike_B","Defend_B+1","Defend_B+1","Defend_B+1","Zap+1","Dualcast+1","Cold Snap","Leap+1","Leap+1","Gash+1","Beam Cell+1","Rainbow+1","Glacier+1","Gash+1","Conserve Battery+1","Rip and Tear+1","Gash+1","Chill","Skim","Rebound+1","Rebound+1","Core Surge+1","Go for the Eyes+1","Madness","Madness","Loop+1","Loop+1","Scrape+1","Gash+1","Go for the Eyes+1","Gash+1"],"special_seed":0,"relics":["Cracked Core","NeowsBlessing","Matryoshka","Question Card","Cables","Tiny Chest","Molten Egg 2","Incense Burner","Eternal Feather","Red Mask","Oddly Smooth Stone","Kunai","DataDisk","Sundial","Velvet Choker","Happy Flower","Meat on the Bone","Dodecahedron"],"potions_floor_usage":[50],"damage_taken":[{"damage":0.0,"enemies":"Cultist","floor":1.0,"turns":1.0},{"damage":0.0,"enemies":"3 Sentries","floor":6.0,"turns":1.0},{"damage":0.0,"enemies":"2 Louse","floor":11.0,"turns":1.0},{"damage":0.0,"enemies":"Jaw Worm","floor":12.0,"turns":3.0},{"damage":14.0,"enemies":"Lagavulin","floor":14.0,"turns":6.0},{"damage":37.0,"enemies":"The Guardian","floor":16.0,"turns":12.0},{"damage":6.0,"enemies":"Spheric Guardian","floor":18.0,"turns":6.0},{"damage":0.0,"enemies":"3 Byrds","floor":19.0,"turns":1.0},{"damage":26.0,"enemies":"Masked Bandits","floor":21.0,"turns":6.0},{"damage":13.0,"enemies":"Cultist and Chosen","floor":22.0,"turns":7.0},{"damage":15.0,"enemies":"Slavers","floor":24.0,"turns":9.0},{"damage":0.0,"enemies":"Centurion and Healer","floor":27.0,"turns":5.0},{"damage":0.0,"enemies":"Shelled Parasite and Fungi","floor":29.0,"turns":4.0},{"damage":0.0,"enemies":"Book of Stabbing","floor":31.0,"turns":5.0},{"damage":44.0,"enemies":"Collector","floor":33.0,"turns":15.0},{"damage":0.0,"enemies":"3 Shapes","floor":35.0,"turns":5.0},{"damage":0.0,"enemies":"Orb Walker","floor":38.0,"turns":4.0},{"damage":33.0,"enemies":"Giant Head","floor":45.0,"turns":12.0},{"damage":9.0,"enemies":"Transient","floor":47.0,"turns":5.0},{"damage":10.0,"enemies":"Sphere and 2 Shapes","floor":48.0,"turns":7.0},{"damage":39,"enemies":"Time Eater","floor":50,"turns":18}],"seed_played":"5697944127549742519","potions_obtained":[{"floor":11.0,"key":"SkillPotion"},{"floor":14.0,"key":"PowerPotion"},{"floor":19.0,"key":"Ancient Potion"},{"floor":22.0,"key":"SteroidPotion"},{"floor":24.0,"key":"Swift Potion"},{"floor":38.0,"key":"Strength Potion"},{"floor":45.0,"key":"FocusPotion"}],"is_trial":false,"path_per_floor":["M","?","?","$","?","E","R","?","T","R","M","M","R","E","R","B",null,"M","M","$","?","M","R","E","R","T","M","R","M","R","E","R","B",null,"M","?","?","M","$","R","$","R","T","R","E","?","M","M","R","B",null],"character_chosen":"DEFECT","items_purchased":["Gash","Leap","Conserve Battery","Rip and Tear+1","Loop","Scrape+1","Happy Flower"],"campfire_rested":2,"item_purchase_floors":[4,4,20,20,39,39,41],"current_hp_per_floor":[64,53,46,46,46,46,46,46,46,46,46,46,46,32,53,16,57,51,51,51,25,12,45,30,42,42,42,54,54,69,69,71,27,60,60,60,47,47,47,65,65,71,71,71,38,38,41,43,61,34],"gold":325,"neow_bonus":"THREE_ENEMY_KILL","is_prod":false,"is_daily":false,"chose_seed":false,"campfire_upgraded":11,"win_rate":0,"timestamp":1556691185,"path_taken":["M","?","?","$","?","E","R","?","T","R","?","M","R","E","R","BOSS","M","M","$","?","M","R","E","R","T","M","R","M","R","E","R","BOSS","M","?","?","M","$","R","?","R","T","R","E","?","M","M","R","BOSS"],"build_version":"2019-01-23","purchased_purges":1,"victory":true,"max_hp_per_floor":[71,71,71,71,71,71,71,71,71,71,71,71,71,71,71,71,71,71,71,71,71,71,71,71,71,71,71,71,71,71,71,71,71,71,71,71,71,71,71,71,71,71,71,71,71,71,71,71,71,71],"card_choices":[{"not_picked":["Hologram","Streamline"],"picked":"Cold Snap","floor":1.0},{"not_picked":["Redo","Steam"],"picked":"Leap","floor":6.0},{"not_picked":["Steam","Stack","Storm","Reprogram"],"picked":"SKIP","floor":11.0},{"not_picked":["Turbo","Beam Cell+1","Cold Snap+1"],"picked":"Gash+1","floor":12.0},{"not_picked":["Streamline+1","Leap","Barrage+1"],"picked":"Beam Cell+1","floor":14.0},{"not_picked":["Seek","Multi-Cast","Reboot"],"picked":"Rainbow","floor":16.0},{"not_picked":["Steam Power","Cold Snap+1","Consume"],"picked":"Glacier","floor":18.0},{"not_picked":["Cold Snap+1","Sweeping Beam+1","Steam"],"picked":"Gash+1","floor":19.0},{"not_picked":["Beam Cell+1","Barrage+1","Hologram+1"],"picked":"Gash+1","floor":21.0},{"not_picked":["Stack","Double Energy","Cold Snap+1"],"picked":"Scrape+1","floor":22.0},{"not_picked":["Ball Lightning+1","Turbo+1","Creative AI"],"picked":"Chill","floor":24.0},{"not_picked":["Ball Lightning+1","Darkness","Recycle+1"],"picked":"Skim","floor":27.0},{"not_picked":["Steam Power","Cold Snap+1","Chaos"],"picked":"Rebound+1","floor":29.0},{"not_picked":["Reprogram","Conserve Battery","Auto Shields"],"picked":"Rebound+1","floor":31.0},{"not_picked":["Amplify","Seek","Creative AI"],"picked":"Core Surge+1","floor":33.0},{"not_picked":["Double Energy+1","Reinforced Body","Steam"],"picked":"Go for the Eyes+1","floor":35.0},{"not_picked":["Beam Cell+1","Cold Snap+1","Conserve Battery"],"picked":"Loop+1","floor":38.0},{"not_picked":["FTL+1","Leap","Conserve Battery"],"picked":"Gash+1","floor":45.0},{"not_picked":["Glacier","BootSequence","Blizzard+1"],"picked":"Go for the Eyes+1","floor":47.0},{"not_picked":["Leap+1","Skim","Rip and Tear+1"],"picked":"Gash+1","floor":48.0}],"player_experience":621147,"relics_obtained":[{"floor":6.0,"key":"Question Card"},{"floor":9.0,"key":"Tiny Chest"},{"floor":9.0,"key":"Molten Egg 2"},{"floor":14.0,"key":"Incense Burner"},{"floor":21.0,"key":"Red Mask"},{"floor":24.0,"key":"Oddly Smooth Stone"},{"floor":26.0,"key":"Kunai"},{"floor":26.0,"key":"DataDisk"},{"floor":31.0,"key":"Sundial"},{"floor":43.0,"key":"Meat on the Bone"},{"floor":45.0,"key":"Dodecahedron"}],"event_choices":[{"damage_healed":0.0,"max_hp_gain":0.0,"max_hp_loss":0.0,"gold_gain":0.0,"event_name":"Scrap Ooze","player_choice":"Success","floor":2.0,"gold_loss":0.0,"damage_taken":11.0,"relics_obtained":["Matryoshka"]},{"cards_removed":["Strike_B"],"damage_healed":0.0,"max_hp_gain":0.0,"max_hp_loss":0.0,"gold_gain":0.0,"event_name":"Golden Wing","player_choice":"Card Removal","floor":3.0,"gold_loss":0.0,"damage_taken":7.0},{"damage_healed":0.0,"max_hp_gain":0.0,"max_hp_loss":0.0,"gold_gain":0.0,"event_name":"The Cleric","player_choice":"Leave","floor":5.0,"gold_loss":0.0,"damage_taken":0.0},{"cards_removed":["Gash"],"damage_healed":0.0,"max_hp_gain":0.0,"max_hp_loss":0.0,"gold_gain":0.0,"event_name":"WeMeetAgain","player_choice":"Gave Card","floor":8.0,"gold_loss":0.0,"damage_taken":0.0,"relics_obtained":["Cables"]},{"damage_healed":0.0,"max_hp_gain":0.0,"max_hp_loss":0.0,"gold_gain":0.0,"event_name":"Masked Bandits","player_choice":"Fought Bandits","floor":21.0,"gold_loss":0.0,"damage_taken":0.0},{"cards_removed":["Scrape"],"damage_healed":0.0,"max_hp_gain":0.0,"max_hp_loss":0.0,"gold_gain":0.0,"event_name":"Falling","player_choice":"Removed Attack","floor":36.0,"gold_loss":0.0,"damage_taken":0.0},{"damage_healed":0.0,"max_hp_gain":0.0,"max_hp_loss":0.0,"gold_gain":0.0,"event_name":"Winding Halls","player_choice":"Embrace Madness","floor":37.0,"gold_loss":0.0,"damage_taken":13.0,"cards_obtained":["Madness","Madness"]},{"damage_healed":0.0,"max_hp_gain":0.0,"max_hp_loss":0.0,"gold_gain":222.0,"event_name":"Tomb of Lord Red Mask","player_choice":"Wore Mask","floor":46.0,"gold_loss":0.0,"damage_taken":0.0}],"is_beta":false,"boss_relics":[{"not_picked":["Fusion Hammer","Coffee Dripper"],"picked":"Eternal Feather"},{"not_picked":["Lizard Tail","Orrery"],"picked":"Velvet Choker"}],"items_purged_floors":[39],"is_endless":false,"potions_floor_spawned":[11,14,19,22,24,38,45],"ascension_level":15}