{"gold_per_floor":[110,123,123,123,48,68,83,111,111,131,131,56,70,17,17,17],"floor_reached":16,"playtime":357,"items_purged":["Defend_B"],"score":194,"play_id":"f63501ef-7d15-4df9-a718-9dcba0a8b2a5","local_time":"20190320001100","is_ascension_mode":true,"campfire_choices":[{"floor":15,"key":"REST"}],"neow_cost":"NONE","seed_source_timestamp":528808448748800,"circlet_count":0,"master_deck":["AscendersBane","Strike_B","Strike_B","Strike_B","Strike_B","Defend_B","Defend_B","Zap+1","Dualcast","Glacier","Conserve Battery","Rebound","Skim","Hologram","Seek","Rebound","Coolheaded"],"relics":["Cracked Core","NeowsBlessing","Regal Pillow","Symbiotic Virus","Ornamental Fan"],"potions_floor_usage":[],"damage_taken":[{"damage":0,"enemies":"Cultist","floor":1,"turns":1},{"damage":0,"enemies":"Small Slimes","floor":2,"turns":1},{"damage":0,"enemies":"2 Louse","floor":6,"turns":1},{"damage":1,"enemies":"Looter","floor":7,"turns":4},{"damage":17,"enemies":"Lagavulin","floor":8,"turns":10},{"damage":4,"enemies":"Exordium Wildlife","floor":10,"turns":3},{"damage":6,"enemies":"Exordium Thugs","floor":13,"turns":5},{"damage":57,"enemies":"Slime Boss","floor":16,"turns":9}],"seed_played":"-331237993621848138","potions_obtained":[{"floor":1,"key":"Ancient Potion"},{"floor":6,"key":"GamblersBrew"}],"is_trial":false,"path_per_floor":["M","M","?","?","?","M","M","E","T","M","?","$","M","$","R","B"],"character_chosen":"DEFECT","items_purchased":["Coolheaded"],"campfire_rested":1,"item_purchase_floors":[14],"current_hp_per_floor":[64,64,64,46,46,46,45,28,28,24,24,24,18,18,54,0],"gold":17,"neow_bonus":"THREE_ENEMY_KILL","is_prod":false,"is_daily":false,"chose_seed":false,"campfire_upgraded":0,"win_rate":0,"timestamp":1553037060,"path_taken":["M","?","?","?","?","M","M","E","T","?","?","$","M","$","R","BOSS"],"build_version":"2019-01-23","purchased_purges":1,"victory":false,"max_hp_per_floor":[71,71,71,71,71,71,71,71,71,71,71,71,71,71,71,71],"card_choices":[{"not_picked":["Reinforced Body","BootSequence"],"picked":"Glacier","floor":1},{"not_picked":["Undo","Redo"],"picked":"Conserve Battery","floor":2},{"not_picked":["Cold Snap","Stack"],"picked":"Rebound","floor":6},{"not_picked":["Stack","Recycle"],"picked":"Skim","floor":7},{"not_picked":["Lockon","Auto Shields"],"picked":"Hologram","floor":8},{"not_picked":["Steam","Beam Cell"],"picked":"Seek","floor":10},{"not_picked":["Doom and Gloom","Steam"],"picked":"Rebound","floor":13}],"player_experience":490267,"relics_obtained":[{"floor":8,"key":"Symbiotic Virus"},{"floor":9,"key":"Ornamental Fan"}],"event_choices":[{"damage_healed":0,"gold_gain":0,"player_choice":"Grow","damage_taken":0,"max_hp_gain":0,"max_hp_loss":0,"event_name":"Living Wall","floor":3,"gold_loss":0,"cards_upgraded":["Zap"]},{"damage_healed":0,"gold_gain":0,"player_choice":"Success","damage_taken":18,"relics_obtained":["Regal Pillow"],"max_hp_gain":0,"max_hp_loss":0,"event_name":"Scrap Ooze","floor":4,"gold_loss":0},{"cards_removed":["Defend_B"],"damage_healed":0,"gold_gain":0,"player_choice":"Card Removal","damage_taken":0,"max_hp_gain":0,"max_hp_loss":0,"event_name":"The Cleric","floor":5,"gold_loss":75},{"damage_healed":0,"gold_gain":0,"player_choice":"Searched \u00271\u0027 times","damage_taken":0,"max_hp_gain":0,"max_hp_loss":0,"event_name":"Dead Adventurer","floor":11,"gold_loss":0}],"is_beta":false,"boss_relics":[],"items_purged_floors":[12],"is_endless":false,"potions_floor_spawned":[1,6],"killed_by":"Slime Boss","ascension_level":18}