{"gold_per_floor":[119,138,138,155,46,46,67,67,67,100,100,117,117,134,134,229,229,239,258,258,276,294,294,312,312,359,359,379,379,51,84,84,180,180,198,0,0,0,13,13,38,89,112,112,127,127,172,22,22,22],"floor_reached":51,"playtime":1708,"items_purged":["Strike_R","Strike_R"],"score":918,"play_id":"f1dc40f6-45a2-4a60-ae69-a8bcbf32474b","local_time":"20190108120446","is_ascension_mode":true,"campfire_choices":[{"data":"Whirlwind","floor":6,"key":"SMITH"},{"data":"Flame Barrier","floor":8,"key":"SMITH"},{"data":"Disarm","floor":15,"key":"SMITH"},{"data":"Barricade","floor":23,"key":"SMITH"},{"data":"Armaments","floor":25,"key":"SMITH"},{"data":"Flex","floor":27,"key":"SMITH"},{"floor":32,"key":"REST"},{"floor":40,"key":"REST"},{"floor":44,"key":"REST"},{"floor":49,"key":"REST"}],"neow_cost":"NONE","seed_source_timestamp":298693092220232,"circlet_count":0,"master_deck":["Strike_R","Defend_R","Defend_R","Defend_R","Defend_R","Bash","Shrug It Off","Shockwave+1","Flame Barrier+1","Whirlwind+1","Pommel Strike","Disarm+1","Barricade+1","Evolve+1","Flex+1","Armaments+1","Offering","PanicButton","Bludgeon+1","Carnage+1","Madness","Flex+1","Body Slam+1","Spot Weakness+1","Shrug It Off+1","Body Slam+1"],"relics":["Runic Dome","Odd Mushroom","Molten Egg 2","Orichalcum","Velvet Choker","Boot","Mummified Hand","Red Skull","Fusion Hammer","Red Mask","Toxic Egg 2","Mango","Bronze Scales","Bag of Marbles"],"potions_floor_usage":[24,31,33,41,50,50,50],"damage_taken":[{"damage":1,"enemies":"Cultist","floor":1,"turns":3},{"damage":0,"enemies":"2 Louse","floor":2,"turns":3},{"damage":6,"enemies":"Small Slimes","floor":4,"turns":3},{"damage":0,"enemies":"The Mushroom Lair","floor":7,"turns":2},{"damage":22,"enemies":"Lagavulin","floor":10,"turns":6},{"damage":4,"enemies":"3 Louse","floor":12,"turns":3},{"damage":8,"enemies":"Exordium Thugs","floor":14,"turns":3},{"damage":7,"enemies":"Hexaghost","floor":16,"turns":9},{"damage":0,"enemies":"Shell Parasite","floor":18,"turns":5},{"damage":0,"enemies":"Chosen","floor":19,"turns":6},{"damage":18,"enemies":"Snake Plant","floor":21,"turns":3},{"damage":0,"enemies":"Snecko","floor":22,"turns":4},{"damage":0,"enemies":"Sentry and Sphere","floor":24,"turns":1},{"damage":1,"enemies":"Chosen and Byrds","floor":28,"turns":3},{"damage":21,"enemies":"Slavers","floor":31,"turns":3},{"damage":55,"enemies":"Champ","floor":33,"turns":12},{"damage":0,"enemies":"3 Shapes","floor":35,"turns":1},{"damage":0,"enemies":"3 Darklings","floor":39,"turns":2},{"damage":10,"enemies":"Nemesis","floor":41,"turns":5},{"damage":24,"enemies":"2 Orb Walkers","floor":42,"turns":4},{"damage":16,"enemies":"Maw","floor":45,"turns":5},{"damage":61,"enemies":"Time Eater","floor":50,"turns":8}],"seed_played":"2475097554986904590","potions_obtained":[{"floor":1,"key":"Block Potion"},{"floor":2,"key":"Regen Potion"},{"floor":3,"key":"GamblersBrew"},{"floor":3,"key":"Explosive Potion"},{"floor":28,"key":"Ancient Potion"},{"floor":31,"key":"Ancient Potion"},{"floor":35,"key":"Poison Potion"},{"floor":45,"key":"BloodPotion"}],"is_trial":false,"path_per_floor":["M","M","?","M","$","R","?","R","T","E","?","M","?","M","R","B",null,"M","M","?","M","M","R","M","R","T","R","M","?","$","E","R","B",null,"M","?","?","$","M","R","E","?","T","R","M","?","T","$","R","B",null],"character_chosen":"IRONCLAD","items_purchased":["Whirlwind","Mummified Hand","PanicButton","Body Slam+1"],"campfire_rested":4,"item_purchase_floors":[5,30,30,48],"current_hp_per_floor":[71,71,71,65,65,65,65,65,65,43,43,39,39,31,31,24,66,66,66,66,48,48,48,48,48,48,48,47,73,73,52,76,21,65,65,65,65,65,65,80,70,60,60,88,72,72,72,72,94,56],"gold":22,"neow_bonus":"BOSS_RELIC","is_prod":false,"is_daily":false,"chose_seed":false,"campfire_upgraded":6,"win_rate":0,"timestamp":1546916686,"path_taken":["M","?","?","?","$","R","?","R","T","E","?","M","?","M","R","BOSS","M","M","?","M","M","R","M","R","T","R","?","?","$","E","R","BOSS","M","?","?","$","M","R","E","?","T","R","M","?","?","$","R","BOSS"],"build_version":"2019-01-03v4","purchased_purges":2,"victory":true,"max_hp_per_floor":[80,80,80,80,80,80,80,80,80,80,80,80,80,80,80,80,80,80,80,80,80,80,80,80,80,80,80,80,80,80,80,80,80,80,80,80,80,80,80,80,80,94,94,94,94,94,94,94,94,94],"card_choices":[{"not_picked":["Power Through","Ghostly Armor"],"picked":"Shrug It Off","floor":1},{"not_picked":["Flex","Havoc"],"picked":"Shockwave","floor":2},{"not_picked":["Disarm","Body Slam"],"picked":"Flame Barrier","floor":4},{"not_picked":["Iron Wave","Heavy Blade"],"picked":"Pommel Strike","floor":7},{"not_picked":["Sword Boomerang+1","Cleave+1"],"picked":"Disarm","floor":10},{"not_picked":["Flex","Fiend Fire+1"],"picked":"Whirlwind+1","floor":12},{"not_picked":["Havoc","Corruption","Reckless Charge+1"],"picked":"SKIP","floor":14},{"not_picked":["Bludgeon+1","Juggernaut"],"picked":"Barricade","floor":16},{"not_picked":["True Grit","Clothesline+1"],"picked":"Evolve+1","floor":18},{"not_picked":["Clash+1","Dropkick+1"],"picked":"Flex","floor":19},{"not_picked":["Pommel Strike+1","Dropkick+1","Twin Strike+1"],"picked":"SKIP","floor":21},{"not_picked":["Dark Embrace","Havoc"],"picked":"Armaments","floor":22},{"not_picked":["True Grit","Intimidate","Corruption"],"picked":"SKIP","floor":24},{"not_picked":["Headbutt+1","Clash+1"],"picked":"Offering","floor":28},{"not_picked":["Anger+1","Sever Soul+1","Intimidate"],"picked":"SKIP","floor":31},{"not_picked":["Fiend Fire+1","Reaper+1"],"picked":"Bludgeon+1","floor":33},{"not_picked":["Whirlwind+1","Havoc+1"],"picked":"Carnage+1","floor":35},{"not_picked":["Forethought","Secret Weapon"],"picked":"Madness","floor":37},{"not_picked":["Thunderclap+1","True Grit"],"picked":"Flex+1","floor":39},{"not_picked":["Warcry+1","Havoc+1"],"picked":"Body Slam+1","floor":41},{"not_picked":["Thunderclap+1","True Grit+1"],"picked":"Spot Weakness+1","floor":42},{"not_picked":["Havoc+1","Bloodletting+1"],"picked":"Shrug It Off+1","floor":45}],"player_experience":350509,"relics_obtained":[{"floor":7,"key":"Odd Mushroom"},{"floor":9,"key":"Molten Egg 2"},{"floor":10,"key":"Orichalcum"},{"floor":26,"key":"Boot"},{"floor":31,"key":"Red Skull"},{"floor":41,"key":"Toxic Egg 2"},{"floor":42,"key":"Mango"},{"floor":43,"key":"Bronze Scales"},{"floor":47,"key":"Bag of Marbles"}],"event_choices":[{"damage_healed":0,"gold_gain":0,"player_choice":"Got Potions","damage_taken":0,"max_hp_gain":0,"max_hp_loss":0,"event_name":"Lab","floor":3,"gold_loss":0},{"damage_healed":0,"gold_gain":0,"player_choice":"Fought Mushrooms","damage_taken":0,"max_hp_gain":0,"max_hp_loss":0,"event_name":"Mushrooms","floor":7,"gold_loss":0},{"damage_healed":0,"gold_gain":0,"player_choice":"Grow","damage_taken":0,"max_hp_gain":0,"max_hp_loss":0,"event_name":"Living Wall","floor":11,"gold_loss":0,"cards_upgraded":["Shockwave"]},{"cards_removed":["Strike_R"],"damage_healed":0,"gold_gain":0,"player_choice":"Offered Basic","damage_taken":0,"max_hp_gain":0,"max_hp_loss":0,"event_name":"Bonfire Elementals","floor":13,"gold_loss":0},{"cards_removed":["Strike_R"],"damage_healed":0,"gold_gain":0,"player_choice":"Purged","damage_taken":0,"max_hp_gain":0,"max_hp_loss":0,"event_name":"Purifier","floor":20,"gold_loss":0},{"damage_healed":26,"gold_gain":0,"player_choice":"Heal","damage_taken":0,"max_hp_gain":0,"max_hp_loss":0,"event_name":"The Library","floor":29,"gold_loss":0},{"damage_healed":0,"gold_gain":0,"player_choice":"Paid","damage_taken":0,"relics_obtained":["Red Mask"],"max_hp_gain":0,"max_hp_loss":0,"event_name":"Tomb of Lord Red Mask","floor":36,"gold_loss":198},{"damage_healed":0,"gold_gain":0,"player_choice":"Memory 1","damage_taken":0,"max_hp_gain":0,"max_hp_loss":0,"event_name":"SensoryStone","floor":37,"gold_loss":0},{"damage_healed":0,"gold_gain":0,"player_choice":"Fight","damage_taken":0,"max_hp_gain":0,"max_hp_loss":0,"event_name":"Mysterious Sphere","floor":42,"gold_loss":0},{"cards_removed":["Whirlwind"],"damage_healed":0,"gold_gain":0,"player_choice":"Removed Attack","damage_taken":0,"max_hp_gain":0,"max_hp_loss":0,"event_name":"Falling","floor":46,"gold_loss":0}],"is_beta":false,"boss_relics":[{"not_picked":["Calling Bell","Mark of Pain"],"picked":"Velvet Choker"},{"not_picked":["Snecko Eye","Coffee Dripper"],"picked":"Fusion Hammer"}],"items_purged_floors":[5,48],"is_endless":false,"potions_floor_spawned":[1,2,12,22,28,31,35,45],"ascension_level":7}