{"gold_per_floor":[118,43,55,55,66,66,92,92,92,105,140,92,92,17,17,17],"floor_reached":16,"playtime":512,"items_purged":["Strike_G"],"score":220,"play_id":"dac9511f-ed42-43b2-b81d-f1e995684474","local_time":"20190423194428","is_ascension_mode":true,"campfire_choices":[{"data":"Deadly Poison","floor":6.0,"key":"SMITH"},{"data":"Deadly Poison","floor":8.0,"key":"SMITH"},{"floor":15.0,"key":"REST"}],"neow_cost":"PERCENT_DAMAGE","seed_source_timestamp":0,"circlet_count":0,"master_deck":["AscendersBane","Defend_G","Defend_G","Defend_G","Defend_G","Strike_G","Strike_G","Survivor","Neutralize","Deadly Poison+1","Backflip","Deadly Poison+1","Leg Sweep","Calculated Gamble"],"special_seed":0,"relics":["Ring of the Snake","Darkstone Periapt","PreservedInsect","Centennial Puzzle","Bottled Flame","NlothsMask"],"potions_floor_usage":[16],"damage_taken":[{"damage":4.0,"enemies":"Small Slimes","floor":1.0,"turns":4.0},{"damage":0.0,"enemies":"2 Louse","floor":3.0,"turns":3.0},{"damage":0.0,"enemies":"Cultist","floor":5.0,"turns":3.0},{"damage":15.0,"enemies":"Lagavulin","floor":7.0,"turns":7.0},{"damage":1.0,"enemies":"Looter","floor":10.0,"turns":3.0},{"damage":18.0,"enemies":"3 Sentries","floor":11.0,"turns":11.0},{"damage":7.0,"enemies":"Exordium Thugs","floor":12.0,"turns":6.0},{"damage":25,"enemies":"Slime Boss","floor":16,"turns":8}],"seed_played":"-5133352509546985341","potions_obtained":[{"floor":1.0,"key":"LiquidBronze"},{"floor":10.0,"key":"Fruit Juice"},{"floor":12.0,"key":"GhostInAJar"}],"is_trial":false,"path_per_floor":["M","?","M","?","M","R","E","R","T","M","E","M","?","$","R","B"],"character_chosen":"THE_SILENT","items_purchased":[],"campfire_rested":1,"item_purchase_floors":[],"current_hp_per_floor":[40,40,40,40,40,40,25,25,25,24,11,4,4,4,25,0],"gold":17,"neow_bonus":"REMOVE_TWO","is_prod":false,"is_daily":false,"chose_seed":false,"campfire_upgraded":2,"win_rate":0,"timestamp":1556041468,"path_taken":["M","?","M","?","M","R","E","R","T","?","E","M","?","?","R","BOSS"],"build_version":"2019-01-23","purchased_purges":1,"victory":false,"max_hp_per_floor":[66,66,66,66,66,66,66,66,66,66,71,71,71,71,71,71],"card_choices":[{"not_picked":["Catalyst","Underhanded Strike"],"picked":"Deadly Poison","floor":1.0},{"not_picked":["Underhanded Strike","Tactician","Flying Knee"],"picked":"SKIP","floor":3.0},{"not_picked":["Expertise","Outmaneuver"],"picked":"Backflip","floor":5.0},{"not_picked":["Backflip","Accuracy"],"picked":"Deadly Poison","floor":7.0},{"not_picked":["All Out Attack","Reflex","Quick Slash"],"picked":"SKIP","floor":10.0},{"not_picked":["PiercingWail","Prepared"],"picked":"Leg Sweep","floor":11.0},{"not_picked":["Choke","Concentrate"],"picked":"Calculated Gamble","floor":12.0}],"player_experience":591040,"relics_obtained":[{"floor":4.0,"key":"Darkstone Periapt"},{"floor":7.0,"key":"PreservedInsect"},{"floor":9.0,"key":"Centennial Puzzle"},{"floor":11.0,"key":"Bottled Flame"}],"event_choices":[{"cards_removed":["Strike_G"],"damage_healed":0.0,"max_hp_gain":0.0,"max_hp_loss":0.0,"gold_gain":0.0,"event_name":"The Cleric","player_choice":"Card Removal","floor":2.0,"gold_loss":75.0,"damage_taken":0.0},{"damage_healed":0.0,"max_hp_gain":0.0,"max_hp_loss":0.0,"gold_gain":0.0,"event_name":"Wheel of Change","player_choice":"Relic","floor":4.0,"gold_loss":0.0,"damage_taken":0.0},{"damage_healed":0.0,"max_hp_gain":0.0,"max_hp_loss":0.0,"gold_gain":0.0,"event_name":"FaceTrader","player_choice":"Trade","floor":13.0,"gold_loss":0.0,"damage_taken":0.0,"relics_obtained":["NlothsMask"]}],"is_beta":false,"boss_relics":[],"items_purged_floors":[14],"is_endless":false,"potions_floor_spawned":[1,10,12],"killed_by":"Slime Boss","ascension_level":20}