{"gold_per_floor":[114,64,64,139,190,219,230,249,249,283,293,16,51,67,67,162,162,143,143,193,57,75,109,109,109,109,109],"floor_reached":27,"playtime":786,"items_purged":["Regret"],"score":249,"play_id":"335b302e-b2ae-4478-bd45-2a806170849a","local_time":"20190425022657","is_ascension_mode":false,"campfire_choices":[{"floor":15,"key":"REST"},{"floor":24,"key":"REST"}],"neow_cost":"","seed_source_timestamp":24639112963600,"circlet_count":0,"master_deck":["Defend_G","Defend_G","Defend_G","Defend_G","Defend_G","Strike_G","Strike_G","Strike_G","Survivor","Neutralize","Acrobatics","Prepared","Dodge and Roll","Deadly Poison","Footwork","Footwork","Deadly Poison","Prepared","Tools of the Trade","Footwork","Deadly Poison","Catalyst","Sucker Punch+1"],"relics":["Ring of the Snake","Molten Egg 2","PreservedInsect","Smiling Mask","Kunai","Bottled Lightning","DollysMirror","Happy Flower","Runic Dome","Juzu Bracelet","Blue Candle"],"potions_floor_usage":[10,10,13,13],"damage_taken":[{"damage":1,"enemies":"Jaw Worm","floor":1,"turns":5},{"damage":29,"enemies":"Gremlin Nob","floor":6,"turns":5},{"damage":0,"enemies":"Small Slimes","floor":7,"turns":5},{"damage":2,"enemies":"2 Louse","floor":8,"turns":3},{"damage":12,"enemies":"Lagavulin","floor":10,"turns":8},{"damage":0,"enemies":"Blue Slaver","floor":11,"turns":5},{"damage":12,"enemies":"Gremlin Nob","floor":13,"turns":5},{"damage":10,"enemies":"Red Slaver","floor":14,"turns":5},{"damage":13,"enemies":"Hexaghost","floor":16,"turns":11},{"damage":11,"enemies":"2 Thieves","floor":18,"turns":4},{"damage":27,"enemies":"Chosen","floor":22,"turns":6},{"damage":15,"enemies":"Book of Stabbing","floor":23,"turns":7},{"damage":27,"enemies":"Gremlin Leader","floor":27,"turns":2}],"seed_played":"3815794521364636285","potions_obtained":[{"floor":1,"key":"Regen Potion"},{"floor":6,"key":"Energy Potion"},{"floor":7,"key":"SkillPotion"},{"floor":11,"key":"Strength Potion"},{"floor":14,"key":"GamblersBrew"}],"is_trial":true,"path_per_floor":["M","?","?","?","T","E","M","M","T","E","M","$","E","M","R","B",null,"M","?","?","$","M","E","R","?","T","E"],"character_chosen":"THE_SILENT","items_purchased":["Footwork","DollysMirror","Footwork","Deadly Poison"],"campfire_rested":2,"item_purchase_floors":[12,12,21,21],"current_hp_per_floor":[69,69,69,58,58,29,29,27,27,30,30,30,18,8,29,16,70,59,46,46,46,19,4,26,26,26,0],"gold":109,"neow_bonus":"","is_prod":false,"is_daily":false,"chose_seed":false,"campfire_upgraded":0,"win_rate":0,"timestamp":1556152017,"path_taken":["M","?","?","?","?","E","M","M","T","E","?","?","E","M","R","BOSS","M","?","?","$","?","E","R","?","T","E"],"build_version":"2019-01-23","purchased_purges":1,"victory":false,"max_hp_per_floor":[70,70,70,70,70,70,70,70,70,70,70,70,70,70,70,70,70,70,75,75,75,75,75,75,75,75,75],"card_choices":[{"not_picked":["Riddle With Holes","Backstab"],"picked":"Acrobatics","floor":1},{"not_picked":["Phantasmal Killer","Heel Hook+1"],"picked":"Prepared","floor":6},{"not_picked":["Deflect","Dagger Spray+1"],"picked":"Dodge and Roll","floor":7},{"not_picked":["Tactician","Distraction"],"picked":"Deadly Poison","floor":8},{"not_picked":["Poisoned Stab+1","Outmaneuver","Dagger Spray+1"],"picked":"SKIP","floor":10},{"not_picked":["Bane+1","Underhanded Strike+1","All Out Attack+1"],"picked":"SKIP","floor":11},{"not_picked":["Dagger Throw+1","Crippling Poison"],"picked":"Deadly Poison","floor":13},{"not_picked":["Underhanded Strike+1","Heel Hook+1"],"picked":"Prepared","floor":14},{"not_picked":["Wraith Form v2","Night Terror"],"picked":"Tools of the Trade","floor":16},{"not_picked":["Dagger Spray+1","Outmaneuver","Slice+1"],"picked":"SKIP","floor":18},{"not_picked":["Deflect","Prepared","Outmaneuver"],"picked":"SKIP","floor":22},{"not_picked":["PiercingWail","Acrobatics"],"picked":"Catalyst","floor":23}],"player_experience":601723,"relics_obtained":[{"floor":5,"key":"PreservedInsect"},{"floor":6,"key":"Smiling Mask"},{"floor":9,"key":"Kunai"},{"floor":10,"key":"Bottled Lightning"},{"floor":13,"key":"Happy Flower"},{"floor":23,"key":"Juzu Bracelet"},{"floor":26,"key":"Blue Candle"}],"event_choices":[{"cards_removed":["Strike_G"],"damage_healed":0,"gold_gain":0,"player_choice":"Card Removal","damage_taken":0,"max_hp_gain":0,"max_hp_loss":0,"event_name":"The Cleric","floor":2,"gold_loss":50},{"damage_healed":0,"gold_gain":0,"player_choice":"Box","damage_taken":0,"relics_obtained":["Molten Egg 2"],"max_hp_gain":0,"max_hp_loss":0,"event_name":"Big Fish","floor":3,"gold_loss":0,"cards_obtained":["Regret"]},{"damage_healed":0,"gold_gain":75,"player_choice":"Gather Gold","damage_taken":11,"max_hp_gain":0,"max_hp_loss":0,"event_name":"World of Goop","floor":4,"gold_loss":0},{"damage_healed":0,"gold_gain":0,"player_choice":"Shed Blood","damage_taken":18,"max_hp_gain":5,"max_hp_loss":0,"event_name":"Forgotten Altar","floor":19,"gold_loss":0},{"damage_healed":0,"gold_gain":100,"player_choice":"Bet on Murderer","damage_taken":0,"max_hp_gain":0,"max_hp_loss":0,"event_name":"The Joust","floor":20,"gold_loss":50},{"damage_healed":0,"gold_gain":0,"cards_transformed":["Strike_G"],"player_choice":"Transformed","damage_taken":0,"max_hp_gain":0,"max_hp_loss":0,"event_name":"Transmorgrifier","floor":25,"gold_loss":0,"cards_obtained":["Sucker Punch"]}],"is_beta":false,"boss_relics":[{"not_picked":["Coffee Dripper","Pandora\u0027s Box"],"picked":"Runic Dome"}],"items_purged_floors":[21],"is_endless":false,"potions_floor_spawned":[1,6,7,11,14],"killed_by":"Gremlin Leader","ascension_level":0}