{"gold_per_floor":[118,131,43,55,65,65,98,98,124,28,60,77,93,149,149,252,252,272,187,206,131,3,3,21,49,119,119],"floor_reached":27,"playtime":2896,"items_purged":[],"score":243,"play_id":"36bed0eb-04aa-401c-965e-5dba02f52880","local_time":"20190407194812","is_ascension_mode":false,"campfire_choices":[{"data":"Rage","floor":6,"key":"SMITH"},{"floor":8,"key":"REST"},{"floor":15,"key":"REST"},{"floor":23,"key":"REST"}],"neow_cost":"NONE","seed_source_timestamp":262899537565800,"circlet_count":0,"master_deck":["Strike_R","Strike_R","Strike_R","Strike_R","Strike_R+1","Defend_R","Defend_R","Defend_R","Defend_R","Bash","Double Tap","Armaments","Searing Blow+1","Rage+1","Flex","Shrug It Off","Anger","Impervious","Iron Wave","Twin Strike","Juggernaut","Pommel Strike+1","Armaments+1","Rage+1","Anger","Bloodletting+1","Seeing Red+1"],"relics":["Burning Blood","PreservedInsect","Whetstone","Juzu Bracelet","Pen Nib","Toxic Egg 2","Bag of Preparation","Bottled Lightning"],"potions_floor_usage":[7,11,14,16,16,18,20,24,24,24],"damage_taken":[{"damage":5,"enemies":"2 Louse","floor":1,"turns":3},{"damage":11,"enemies":"Jaw Worm","floor":2,"turns":5},{"damage":1,"enemies":"Small Slimes","floor":4,"turns":5},{"damage":4,"enemies":"Blue Slaver","floor":5,"turns":4},{"damage":35,"enemies":"Gremlin Nob","floor":7,"turns":5},{"damage":13,"enemies":"Lagavulin","floor":11,"turns":4},{"damage":0,"enemies":"2 Fungi Beasts","floor":12,"turns":4},{"damage":3,"enemies":"Red Slaver","floor":13,"turns":2},{"damage":14,"enemies":"Lagavulin Event","floor":14,"turns":5},{"damage":41,"enemies":"Hexaghost","floor":16,"turns":10},{"damage":16,"enemies":"Spheric Guardian","floor":18,"turns":5},{"damage":25,"enemies":"Shell Parasite","floor":20,"turns":8},{"damage":35,"enemies":"Centurion and Healer","floor":24,"turns":6},{"damage":40,"enemies":"Gremlin Leader","floor":25,"turns":8},{"damage":17,"enemies":"Snake Plant","floor":27,"turns":2}],"seed_played":"-8862303002596306730","potions_obtained":[{"floor":4,"key":"Ancient Potion"},{"floor":7,"key":"SteroidPotion"},{"floor":12,"key":"BloodPotion"},{"floor":16,"key":"GamblersBrew"},{"floor":18,"key":"EntropicBrew"}],"is_trial":false,"path_per_floor":["M","M","$","M","M","R","E","R","T","$","E","M","M","?","R","B",null,"M","?","M","?","$","R","M","E","T","M"],"character_chosen":"IRONCLAD","items_purchased":["Rage","SteroidPotion","Anger","FearPotion","Rage+1","Anger"],"campfire_rested":3,"item_purchase_floors":[3,3,10,10,22,22],"current_hp_per_floor":[80,75,75,80,80,80,51,75,75,75,68,74,77,69,80,53,80,70,70,51,51,51,75,46,12,12,0],"gold":119,"neow_bonus":"ONE_RANDOM_RARE_CARD","is_prod":false,"is_daily":false,"chose_seed":false,"campfire_upgraded":1,"win_rate":0.0,"timestamp":1554659292,"path_taken":["M","M","$","M","M","R","E","R","T","$","E","M","M","?","R","BOSS","M","?","M","?","$","R","M","E","T","M"],"build_version":"2019-01-23","purchased_purges":0,"victory":false,"max_hp_per_floor":[80,80,80,80,80,80,80,80,80,80,80,80,80,80,80,80,80,80,80,80,80,80,80,80,80,80,80],"card_choices":[{"not_picked":["Perfected Strike","True Grit"],"picked":"Armaments","floor":1},{"not_picked":["Bloodletting","True Grit"],"picked":"Searing Blow","floor":2},{"not_picked":["Clash","Spot Weakness","Combust"],"picked":"SKIP","floor":4},{"not_picked":["Infernal Blade","Thunderclap"],"picked":"Flex","floor":5},{"not_picked":["Dual Wield","Warcry"],"picked":"Shrug It Off","floor":7},{"not_picked":["Shrug It Off","Wild Strike"],"picked":"Impervious","floor":11},{"not_picked":["Armaments","Wild Strike"],"picked":"Iron Wave","floor":12},{"not_picked":["Sever Soul","Body Slam"],"picked":"Twin Strike","floor":13},{"not_picked":["Wild Strike","Sword Boomerang"],"picked":"Twin Strike","floor":14},{"not_picked":["Barricade","Dark Embrace"],"picked":"Juggernaut","floor":16},{"not_picked":["Flex","Sword Boomerang"],"picked":"Pommel Strike+1","floor":18},{"not_picked":["Corruption","Perfected Strike"],"picked":"Armaments+1","floor":20},{"not_picked":["Pummel+1","Feel No Pain"],"picked":"Bloodletting+1","floor":24},{"not_picked":["Power Through+1","Feed"],"picked":"Seeing Red+1","floor":25}],"player_experience":44112,"relics_obtained":[{"floor":7,"key":"PreservedInsect"},{"floor":9,"key":"Whetstone"},{"floor":11,"key":"Juzu Bracelet"},{"floor":25,"key":"Bag of Preparation"},{"floor":26,"key":"Bottled Lightning"}],"event_choices":[{"damage_healed":0,"gold_gain":0,"player_choice":"Searched \u00272\u0027 times","damage_taken":0,"relics_obtained":["Pen Nib"],"max_hp_gain":0,"max_hp_loss":0,"event_name":"Dead Adventurer","floor":14,"gold_loss":0},{"damage_healed":0,"gold_gain":0,"player_choice":"Obtained Relic","damage_taken":0,"relics_obtained":["Toxic Egg 2"],"max_hp_gain":0,"max_hp_loss":0,"event_name":"Addict","floor":19,"gold_loss":85},{"cards_removed":["Twin Strike"],"damage_healed":0,"gold_gain":0,"player_choice":"Gave Gold","damage_taken":0,"max_hp_gain":0,"max_hp_loss":0,"event_name":"Beggar","floor":21,"gold_loss":75}],"is_beta":false,"boss_relics":[{"not_picked":["Sozu","Cursed Key","Astrolabe"]}],"items_purged_floors":[],"is_endless":false,"potions_floor_spawned":[4,7,12,16,18],"killed_by":"Snake Plant","ascension_level":0}