{"gold_per_floor":[113,113,133,33,48,81,92,92,92,124,124,137,137,62,62,136,136,148,160,85,5,280,280,312,312,312,324,341,341,341,351,351,351],"floor_reached":33,"playtime":1197,"items_purged":["Pain"],"score":550,"play_id":"fdc185e8-df5d-419b-9560-a5d139e58b1c","local_time":"20190419024929","is_ascension_mode":true,"campfire_choices":[{"data":"Gash","floor":8.0,"key":"SMITH"},{"data":"Hologram","floor":11.0,"key":"SMITH"},{"data":"Hologram","floor":13.0,"key":"SMITH"},{"data":"Go for the Eyes","floor":15.0,"key":"SMITH"},{"data":"Zap","floor":23.0,"key":"SMITH"},{"data":"Defragment","floor":25.0,"key":"SMITH"},{"floor":30.0,"key":"REST"},{"floor":32.0,"key":"REST"}],"neow_cost":"NONE","seed_source_timestamp":102841153869200,"circlet_count":0,"master_deck":["AscendersBane","Strike_B","Strike_B","Defend_B","Defend_B","Defend_B","Defend_B","Zap+1","Dualcast","Barrage","Hologram+1","Go for the Eyes+1","Melter","Gash+1","Hologram+1","Leap+1","Seek+1","Steam Power+1","Hologram+1","Coolheaded+1","Rebound","Regret","Defragment+1","Decay","Skim+1","Loop","Decay","Leap+1"],"special_seed":0,"relics":["Cracked Core","NeowsBlessing","WarpedTongs","Vajra","Mercury Hourglass","Toxic Egg 2","Cursed Key","Incense Burner","Darkstone Periapt"],"potions_floor_usage":[],"damage_taken":[{"damage":0.0,"enemies":"2 Louse","floor":1.0,"turns":1.0},{"damage":0.0,"enemies":"Cultist","floor":3.0,"turns":1.0},{"damage":0.0,"enemies":"Small Slimes","floor":5.0,"turns":1.0},{"damage":5.0,"enemies":"Gremlin Nob","floor":6.0,"turns":3.0},{"damage":2.0,"enemies":"3 Louse","floor":7.0,"turns":2.0},{"damage":15.0,"enemies":"3 Sentries","floor":10.0,"turns":4.0},{"damage":6.0,"enemies":"Looter","floor":12.0,"turns":3.0},{"damage":28.0,"enemies":"Hexaghost","floor":16.0,"turns":10.0},{"damage":15.0,"enemies":"2 Thieves","floor":18.0,"turns":4.0},{"damage":1.0,"enemies":"3 Byrds","floor":19.0,"turns":5.0},{"damage":14.0,"enemies":"Gremlin Leader","floor":24.0,"turns":7.0},{"damage":16.0,"enemies":"Snecko","floor":27.0,"turns":6.0},{"damage":5.0,"enemies":"Snake Plant","floor":28.0,"turns":5.0},{"damage":1.0,"enemies":"Centurion and Healer","floor":31.0,"turns":4.0},{"damage":103,"enemies":"Automaton","floor":33,"turns":12}],"seed_played":"6695160567926384800","potions_obtained":[{"floor":1.0,"key":"Block Potion"},{"floor":3.0,"key":"Dexterity Potion"},{"floor":5.0,"key":"AttackPotion"},{"floor":12.0,"key":"SteroidPotion"},{"floor":19.0,"key":"FocusPotion"},{"floor":27.0,"key":"Weak Potion"},{"floor":28.0,"key":"SteroidPotion"}],"is_trial":false,"path_per_floor":["M","?","M","$","M","E","M","R","T","E","R","M","R","?","R","B",null,"M","M","?","$","?","R","E","R","T","M","M","?","R","M","R","B"],"character_chosen":"DEFECT","items_purchased":["Go for the Eyes","Coolheaded+1","Rebound"],"campfire_rested":2,"item_purchase_floors":[4,21,21],"current_hp_per_floor":[64,64,64,64,64,59,57,57,57,42,42,36,36,36,36,8,55,40,39,39,39,39,39,25,25,25,9,4,10,33,32,55,0],"gold":351,"neow_bonus":"THREE_ENEMY_KILL","is_prod":false,"is_daily":false,"chose_seed":false,"campfire_upgraded":6,"win_rate":0,"timestamp":1555634969,"path_taken":["M","?","?","$","?","E","?","R","T","E","R","M","R","?","R","BOSS","M","M","?","$","?","R","E","R","T","?","M","?","R","M","R","BOSS"],"build_version":"2019-01-23","purchased_purges":1,"victory":false,"max_hp_per_floor":[71,71,71,71,71,71,71,71,71,71,71,71,71,71,71,71,71,71,71,71,71,71,71,71,71,71,71,71,77,77,77,77,77],"card_choices":[{"not_picked":["Rip and Tear","Undo"],"picked":"Barrage","floor":1.0},{"not_picked":["Barrage","Auto Shields"],"picked":"Hologram","floor":3.0},{"not_picked":["Conserve Battery","Go for the Eyes"],"picked":"Melter","floor":5.0},{"not_picked":["Turbo","Beam Cell"],"picked":"Gash","floor":6.0},{"not_picked":["Barrage","Aggregate"],"picked":"Hologram","floor":7.0},{"not_picked":["Lockon","Ball Lightning","Core Surge"],"picked":"SKIP","floor":10.0},{"not_picked":["Storm","Recycle+1"],"picked":"Leap+1","floor":12.0},{"not_picked":["Amplify+1","Thunder Strike"],"picked":"Seek+1","floor":16.0},{"not_picked":["Conserve Battery+1","Streamline"],"picked":"Steam Power+1","floor":18.0},{"not_picked":["Storm","Turbo+1"],"picked":"Hologram+1","floor":19.0},{"not_picked":["Recycle+1","Beam Cell"],"picked":"Defragment","floor":24.0},{"not_picked":["Cold Snap","Beam Cell+1"],"picked":"Skim+1","floor":27.0},{"not_picked":["Sweeping Beam","Cold Snap"],"picked":"Loop","floor":28.0},{"not_picked":["Hologram+1","Storm"],"picked":"Leap+1","floor":31.0}],"player_experience":567842,"relics_obtained":[{"floor":6.0,"key":"Vajra"},{"floor":9.0,"key":"Mercury Hourglass"},{"floor":10.0,"key":"Toxic Egg 2"},{"floor":24.0,"key":"Incense Burner"},{"floor":26.0,"key":"Darkstone Periapt"}],"event_choices":[{"damage_healed":0.0,"max_hp_gain":0.0,"max_hp_loss":0.0,"gold_gain":0.0,"event_name":"Accursed Blacksmith","player_choice":"Rummage","floor":2.0,"gold_loss":0.0,"damage_taken":0.0,"relics_obtained":["WarpedTongs"],"cards_obtained":["Pain"]},{"cards_removed":["Strike_B"],"damage_healed":0.0,"max_hp_gain":0.0,"max_hp_loss":0.0,"gold_gain":0.0,"event_name":"The Cleric","player_choice":"Card Removal","floor":14.0,"gold_loss":75.0,"damage_taken":0.0},{"cards_removed":["Strike_B"],"damage_healed":0.0,"max_hp_gain":0.0,"max_hp_loss":0.0,"gold_gain":0.0,"event_name":"Beggar","player_choice":"Gave Gold","floor":20.0,"gold_loss":75.0,"damage_taken":0.0},{"damage_healed":0.0,"max_hp_gain":0.0,"max_hp_loss":0.0,"gold_gain":275.0,"event_name":"Golden Shrine","player_choice":"Desecrate","floor":22.0,"gold_loss":0.0,"damage_taken":0.0,"cards_obtained":["Regret"]},{"damage_healed":0.0,"max_hp_gain":0.0,"max_hp_loss":0.0,"gold_gain":0.0,"event_name":"Forgotten Altar","player_choice":"Smashed Altar","floor":29.0,"gold_loss":0.0,"damage_taken":0.0,"cards_obtained":["Decay"]}],"is_beta":false,"boss_relics":[{"not_picked":["Tiny House","Busted Crown"],"picked":"Cursed Key"}],"items_purged_floors":[4],"is_endless":false,"potions_floor_spawned":[1,3,5,12,18,19,27,28],"killed_by":"Automaton","ascension_level":20}