{"gold_per_floor":[115,129,139,11,11,44,44,74,119,119,130,155,166,177,177,275,275,287,67,67,167,14,44,61,88,88,115,129,29,61,61,61,165,215,232,244,81,81,91,121,133,7,7,7,39,53,87,106,106,106],"floor_reached":51,"playtime":5479,"items_purged":["Strike_R","Strike_R","Strike_R"],"score":1229,"play_id":"428593f8-5c85-48a4-84c5-f32b9b1b4dce","local_time":"20190427235653","is_ascension_mode":true,"campfire_choices":[{"data":"Seeing Red","floor":7,"key":"SMITH"},{"data":"Shockwave","floor":10,"key":"SMITH"},{"data":"Battle Trance","floor":15,"key":"SMITH"},{"data":"Offering","floor":32,"key":"SMITH"},{"data":"Limit Break","floor":44,"key":"SMITH"},{"data":"Battle Trance","floor":49,"key":"SMITH"}],"neow_cost":"NONE","seed_source_timestamp":1239637730835483,"circlet_count":0,"master_deck":["Strike_R+1","Strike_R+1","Defend_R","Defend_R","Defend_R","Defend_R","Bash","Spot Weakness","Clothesline","Seeing Red+1","Battle Trance+1","Blood for Blood","Bash","Shrug It Off+1","Shockwave+1","Spot Weakness","Battle Trance+1","Offering+1","Pummel","Pommel Strike+1","True Grit","Clothesline+1","Shrug It Off","Armaments+1","Limit Break+1","Burning Pact+1","Seeing Red+1","Pummel+1","Flex+1","Spot Weakness+1","Shockwave+1"],"relics":["Coffee Dripper","Meat on the Bone","Anchor","Lantern","Whetstone","Snecko Eye","PreservedInsect","Pocketwatch","Self Forming Clay","The Courier","Pantograph","Singing Bowl","Unceasing Top","Bag of Marbles","Tiny House","Lee\u0027s Waffle","Mercury Hourglass","Vajra","Champion Belt","Dodecahedron","Red Skull"],"potions_floor_usage":[6,6,8,12,21,50,50],"damage_taken":[{"damage":4,"enemies":"2 Louse","floor":1,"turns":2},{"damage":0,"enemies":"Cultist","floor":2,"turns":3},{"damage":0,"enemies":"Small Slimes","floor":3,"turns":3},{"damage":5,"enemies":"3 Sentries","floor":6,"turns":7},{"damage":20,"enemies":"Lagavulin","floor":8,"turns":6},{"damage":0,"enemies":"Exordium Wildlife","floor":11,"turns":2},{"damage":4,"enemies":"3 Sentries","floor":12,"turns":5},{"damage":0,"enemies":"Blue Slaver","floor":13,"turns":2},{"damage":3,"enemies":"Gremlin Gang","floor":14,"turns":4},{"damage":16,"enemies":"The Guardian","floor":16,"turns":10},{"damage":0,"enemies":"2 Thieves","floor":18,"turns":2},{"damage":13,"enemies":"Colosseum Slavers","floor":21,"turns":3},{"damage":6,"enemies":"Colosseum Nobs","floor":21,"turns":2},{"damage":17,"enemies":"Slavers","floor":23,"turns":3},{"damage":14,"enemies":"Shell Parasite","floor":24,"turns":3},{"damage":6,"enemies":"Gremlin Leader","floor":25,"turns":3},{"damage":23,"enemies":"Slavers","floor":27,"turns":4},{"damage":2,"enemies":"Cultist and Chosen","floor":28,"turns":5},{"damage":6,"enemies":"Gremlin Leader","floor":30,"turns":2},{"damage":48,"enemies":"Automaton","floor":33,"turns":8},{"damage":6,"enemies":"3 Darklings","floor":35,"turns":4},{"damage":4,"enemies":"3 Shapes","floor":36,"turns":5},{"damage":8,"enemies":"3 Darklings","floor":39,"turns":4},{"damage":44,"enemies":"Reptomancer","floor":40,"turns":6},{"damage":26,"enemies":"Spire Growth","floor":41,"turns":4},{"damage":6,"enemies":"Nemesis","floor":45,"turns":2},{"damage":17,"enemies":"Transient","floor":46,"turns":5},{"damage":29,"enemies":"Reptomancer","floor":47,"turns":3},{"damage":0,"enemies":"Jaw Worm Horde","floor":48,"turns":2},{"damage":59,"enemies":"Awakened One","floor":50,"turns":8}],"seed_played":"277818092510184529","potions_obtained":[{"floor":2,"key":"SteroidPotion"},{"floor":3,"key":"FearPotion"},{"floor":8,"key":"GamblersBrew"},{"floor":12,"key":"Poison Potion"},{"floor":21,"key":"SpeedPotion"},{"floor":25,"key":"Ancient Potion"},{"floor":33,"key":"LiquidBronze"},{"floor":34,"key":"Dexterity Potion"},{"floor":38,"key":"Dexterity Potion"},{"floor":38,"key":"FairyPotion"}],"is_trial":false,"path_per_floor":["M","M","M","$","?","E","R","E","T","R","M","E","M","M","R","B",null,"M","$","?","?","$","E","M","E","T","E","M","$","E","?","R","B",null,"M","M","$","?","M","E","M","$","T","R","E","M","E","M","R","B",null],"character_chosen":"IRONCLAD","items_purchased":["Battle Trance","Fire Potion","PreservedInsect","True Grit","Lee\u0027s Waffle","Vajra"],"campfire_rested":0,"item_purchase_floors":[4,4,19,22,37,42],"current_hp_per_floor":[68,68,68,68,68,63,63,43,43,43,43,51,51,48,48,44,71,71,71,71,52,52,47,45,51,51,42,52,52,46,46,46,35,75,69,67,96,96,88,56,44,44,44,44,50,47,32,44,44,22],"gold":106,"neow_bonus":"BOSS_RELIC","is_prod":false,"is_daily":false,"chose_seed":false,"campfire_upgraded":6,"win_rate":0,"timestamp":1556427413,"path_taken":["M","M","M","$","?","E","R","E","T","R","M","E","M","M","R","BOSS","M","?","?","?","$","E","M","E","T","E","?","$","E","?","R","BOSS","M","M","$","?","M","E","M","$","T","R","E","M","E","?","R","BOSS"],"build_version":"2019-01-23","purchased_purges":3,"victory":true,"max_hp_per_floor":[80,80,80,80,80,80,80,80,80,80,80,80,80,80,80,80,80,80,80,80,80,80,80,80,80,80,82,82,82,82,82,82,82,87,87,89,96,96,96,96,98,98,98,98,98,100,102,102,102,102],"card_choices":[{"not_picked":["Heavy Blade","Sever Soul"],"picked":"Spot Weakness","floor":1},{"not_picked":["Flame Barrier","Anger"],"picked":"Clothesline","floor":2},{"not_picked":["Perfected Strike","Thunderclap"],"picked":"Seeing Red","floor":3},{"not_picked":["Cleave","Anger"],"picked":"Shrug It Off","floor":6},{"not_picked":["Reckless Charge","Bloodletting"],"picked":"Shockwave","floor":8},{"not_picked":["Sentinel","Rupture","Warcry"],"picked":"SKIP","floor":11},{"not_picked":["Dual Wield","Berserk"],"picked":"Spot Weakness","floor":12},{"not_picked":["Heavy Blade","Reckless Charge","Thunderclap"],"picked":"SKIP","floor":13},{"not_picked":["Anger","Flex"],"picked":"Battle Trance","floor":14},{"not_picked":["Bludgeon","Demon Form"],"picked":"Offering","floor":16},{"not_picked":["Body Slam","Hemokinesis"],"picked":"Pummel","floor":18},{"not_picked":["Twin Strike+1","Infernal Blade"],"picked":"Pommel Strike+1","floor":21},{"not_picked":["Whirlwind","Body Slam","Seeing Red"],"picked":"SKIP","floor":23},{"not_picked":["Cleave","Rupture+1","Armaments"],"picked":"SKIP","floor":24},{"not_picked":["Hemokinesis","Combust"],"picked":"Clothesline+1","floor":25},{"not_picked":["Metallicize","Perfected Strike","Brutality"],"picked":"Singing Bowl","floor":27},{"not_picked":["Clash+1","Headbutt"],"picked":"Shrug It Off","floor":28},{"not_picked":["Blood for Blood+1","Evolve"],"picked":"Armaments+1","floor":30},{"not_picked":["Immolate","Fiend Fire"],"picked":"Limit Break","floor":33},{"not_picked":["Body Slam+1","Havoc"],"picked":"Burning Pact+1","floor":34},{"not_picked":["Clothesline+1","Iron Wave"],"picked":"Seeing Red+1","floor":35},{"not_picked":["Warcry","Fire Breathing+1","Thunderclap+1"],"picked":"Singing Bowl","floor":36},{"not_picked":["True Grit","Headbutt"],"picked":"Pummel+1","floor":39},{"not_picked":["Thunderclap","Exhume"],"picked":"Flex+1","floor":40},{"not_picked":["Perfected Strike","Headbutt","Clothesline+1"],"picked":"Singing Bowl","floor":41},{"not_picked":["Limit Break","Headbutt"],"picked":"Spot Weakness+1","floor":45},{"not_picked":["Evolve+1","True Grit","Uppercut"],"picked":"Singing Bowl","floor":46},{"not_picked":["Impervious","Demon Form","Dropkick+1"],"picked":"Singing Bowl","floor":47},{"not_picked":["Evolve","Twin Strike"],"picked":"Shockwave+1","floor":48}],"player_experience":347886,"relics_obtained":[{"floor":6,"key":"Meat on the Bone"},{"floor":8,"key":"Anchor"},{"floor":9,"key":"Lantern"},{"floor":12,"key":"Whetstone"},{"floor":21,"key":"Pocketwatch"},{"floor":21,"key":"Self Forming Clay"},{"floor":23,"key":"The Courier"},{"floor":25,"key":"Pantograph"},{"floor":26,"key":"Singing Bowl"},{"floor":27,"key":"Unceasing Top"},{"floor":30,"key":"Bag of Marbles"},{"floor":40,"key":"Mercury Hourglass"},{"floor":43,"key":"Champion Belt"},{"floor":45,"key":"Dodecahedron"},{"floor":47,"key":"Red Skull"}],"event_choices":[{"damage_healed":0,"gold_gain":0,"player_choice":"2 cards matched","damage_taken":0,"max_hp_gain":0,"max_hp_loss":0,"event_name":"Match and Keep!","floor":5,"gold_loss":0,"cards_obtained":["Blood for Blood","Bash"]},{"damage_healed":0,"gold_gain":0,"player_choice":"Ignored","damage_taken":0,"max_hp_gain":0,"max_hp_loss":0,"event_name":"Vampires","floor":20,"gold_loss":0},{"damage_healed":0,"gold_gain":0,"player_choice":"Fight","damage_taken":0,"max_hp_gain":0,"max_hp_loss":0,"event_name":"Colosseum","floor":21,"gold_loss":0},{"damage_healed":0,"gold_gain":0,"player_choice":"Fought Nobs","damage_taken":0,"max_hp_gain":0,"max_hp_loss":0,"event_name":"Colosseum","floor":21,"gold_loss":0},{"damage_healed":0,"gold_gain":0,"player_choice":"Ignored","damage_taken":0,"max_hp_gain":0,"max_hp_loss":0,"event_name":"Cursed Tome","floor":31,"gold_loss":0},{"damage_healed":0,"gold_gain":0,"player_choice":"Got Potions","damage_taken":0,"max_hp_gain":0,"max_hp_loss":0,"event_name":"Lab","floor":38,"gold_loss":0}],"is_beta":false,"boss_relics":[{"not_picked":["Sozu","Pandora\u0027s Box"],"picked":"Snecko Eye"},{"not_picked":["Orrery","Runic Dome"],"picked":"Tiny House"}],"items_purged_floors":[19,22,29],"is_endless":false,"potions_floor_spawned":[2,3,8,12,21,21,25,33,35,40,45],"ascension_level":8}