{"gold_per_floor":[110,121,36,52,14,46,46,81,81,95,113,138,157,168,168,270,270,283,55,72,92,107,141,141,141,141,175,194,194,194,207,207,310,310,320,230,34,45,45,45,73,86,86,86,97,1,1,12,12,12],"floor_reached":50,"playtime":7983,"items_purged":["Strike_G"],"score":593,"play_id":"6b0c1184-58cf-4e0a-90b8-36417838e6a2","local_time":"20190508232522","is_ascension_mode":true,"campfire_choices":[{"floor":15.0,"key":"RECALL"},{"floor":25.0,"key":"REST"},{"floor":29.0,"key":"REST"},{"data":"Malaise","floor":32.0,"key":"SMITH"},{"data":"Backstab","floor":40.0,"key":"SMITH"},{"floor":44.0,"key":"REST"},{"floor":49,"key":"REST"}],"neow_cost":"NONE","seed_source_timestamp":0,"circlet_count":0,"master_deck":["Defend_G","Defend_G","Defend_G","Defend_G","Defend_G","Strike_G","Strike_G+1","Strike_G","Survivor","Neutralize+1","Flying Knee","Poisoned Stab","Infinite Blades","Cloak And Dagger","Blur","PiercingWail","Accuracy","Dagger Spray","Well Laid Plans","Corpse Explosion","Leg Sweep","Die Die Die","Bane","Backflip","Catalyst","Predator","RitualDagger","Malaise+1","A Thousand Cuts","Backstab+1","Noxious Fumes+1","Cloak And Dagger+1","Glass Knife","Outmaneuver","Blade Dance+1"],"special_seed":0,"relics":["Ring of the Snake","Vajra","Torii","Oddly Smooth Stone","Philosopher\u0027s Stone","Bag of Marbles","Shovel","Ninja Scroll","Red Mask","WristBlade","Strawberry","Anchor","Du-Vu Doll"],"potions_floor_usage":[50,50],"damage_taken":[{"damage":0.0,"enemies":"Small Slimes","floor":1.0,"turns":4.0},{"damage":0.0,"enemies":"Jaw Worm","floor":2.0,"turns":4.0},{"damage":0.0,"enemies":"2 Louse","floor":4.0,"turns":3.0},{"damage":32.0,"enemies":"Lagavulin","floor":6.0,"turns":10.0},{"damage":1.0,"enemies":"3 Sentries","floor":8.0,"turns":9.0},{"damage":1.0,"enemies":"2 Fungi Beasts","floor":10.0,"turns":5.0},{"damage":0.0,"enemies":"3 Louse","floor":11.0,"turns":2.0},{"damage":1.0,"enemies":"Gremlin Nob","floor":12.0,"turns":4.0},{"damage":1.0,"enemies":"Exordium Thugs","floor":13.0,"turns":6.0},{"damage":1.0,"enemies":"2 Fungi Beasts","floor":14.0,"turns":3.0},{"damage":2.0,"enemies":"Hexaghost","floor":16.0,"turns":11.0},{"damage":11.0,"enemies":"2 Thieves","floor":18.0,"turns":3.0},{"damage":2.0,"enemies":"Shell Parasite","floor":20.0,"turns":6.0},{"damage":18.0,"enemies":"Centurion and Healer","floor":21.0,"turns":6.0},{"damage":33.0,"enemies":"Snake Plant","floor":22.0,"turns":8.0},{"damage":2.0,"enemies":"Book of Stabbing","floor":23.0,"turns":6.0},{"damage":0.0,"enemies":"Masked Bandits","floor":27.0,"turns":2.0},{"damage":0.0,"enemies":"Snecko","floor":28.0,"turns":4.0},{"damage":2.0,"enemies":"Shelled Parasite and Fungi","floor":31.0,"turns":6.0},{"damage":31.0,"enemies":"Automaton","floor":33.0,"turns":11.0},{"damage":0.0,"enemies":"3 Darklings","floor":35.0,"turns":2.0},{"damage":0.0,"enemies":"3 Shapes","floor":38.0,"turns":6.0},{"damage":75.0,"enemies":"Giant Head","floor":41.0,"turns":11.0},{"damage":2.0,"enemies":"Spire Growth","floor":42.0,"turns":6.0},{"damage":6.0,"enemies":"Transient","floor":45.0,"turns":5.0},{"damage":2,"enemies":"Maw","floor":48,"turns":7},{"damage":79,"enemies":"Time Eater","floor":50,"turns":11}],"seed_played":"-5486882684375739696","potions_obtained":[{"floor":6.0,"key":"Energy Potion"},{"floor":8.0,"key":"FearPotion"},{"floor":10.0,"key":"LiquidBronze"},{"floor":11.0,"key":"PowerPotion"},{"floor":16.0,"key":"Weak Potion"},{"floor":18.0,"key":"FairyPotion"},{"floor":22.0,"key":"SpeedPotion"},{"floor":23.0,"key":"Fire Potion"},{"floor":28.0,"key":"Explosive Potion"},{"floor":33.0,"key":"GamblersBrew"},{"floor":38.0,"key":"Explosive Potion"},{"floor":41.0,"key":"GhostInAJar"}],"is_trial":false,"path_per_floor":["M","M","$","M","?","E","?","E","T","M","M","E","M","M","R","B",null,"M","$","M","M","M","E","?","R","T","?","M","R","?","M","R","B",null,"M","?","$","M","$","R","E","M","T","R","M","$","?","M","R","B"],"character_chosen":"THE_SILENT","items_purchased":["Infinite Blades","Cloak And Dagger","Bag of Marbles","Strawberry","FearPotion","Dexterity Potion","Outmaneuver"],"campfire_rested":4,"item_purchase_floors":[3,3,19,37,37,46,46],"current_hp_per_floor":[77,77,77,77,77,45,45,44,44,43,43,42,41,40,40,38,77,66,66,64,46,13,11,5,28,28,28,28,51,51,49,49,18,77,77,77,84,84,84,84,9,7,7,32,26,26,26,24,49,0],"gold":12,"neow_bonus":"TEN_PERCENT_HP_BONUS","is_prod":false,"is_daily":false,"chose_seed":false,"campfire_upgraded":2,"win_rate":0,"timestamp":1557350722,"path_taken":["M","M","$","M","?","E","?","E","T","M","M","E","M","?","R","BOSS","M","$","M","M","M","E","?","R","T","?","M","R","?","M","R","BOSS","M","?","$","M","?","R","E","M","T","R","M","?","?","M","R","BOSS"],"build_version":"2019-01-23","purchased_purges":1,"victory":false,"max_hp_per_floor":[77,77,77,77,77,77,77,77,77,77,77,77,77,77,77,77,77,77,77,77,77,77,77,77,77,77,77,77,77,77,77,77,77,77,77,77,84,84,84,84,84,84,84,84,84,84,84,84,84,84],"card_choices":[{"not_picked":["Underhanded Strike","Poisoned Stab"],"picked":"Flying Knee","floor":1.0},{"not_picked":["Slice","Acrobatics"],"picked":"Poisoned Stab","floor":2.0},{"not_picked":["Flying Knee","All Out Attack"],"picked":"Blur","floor":4.0},{"not_picked":["Tactician","Flechettes"],"picked":"PiercingWail","floor":6.0},{"not_picked":["Sucker Punch","Calculated Gamble"],"picked":"Accuracy","floor":8.0},{"not_picked":["Flechettes","Bane"],"picked":"Dagger Spray","floor":10.0},{"not_picked":["Slice","Acrobatics"],"picked":"Well Laid Plans","floor":11.0},{"not_picked":["PiercingWail","Prepared","Acrobatics"],"picked":"SKIP","floor":12.0},{"not_picked":["Eviscerate","Tactician"],"picked":"Corpse Explosion","floor":13.0},{"not_picked":["Dagger Throw","Dagger Spray"],"picked":"Leg Sweep","floor":14.0},{"not_picked":["Adrenaline","Unload"],"picked":"Die Die Die","floor":16.0},{"not_picked":["Acrobatics","Dagger Throw"],"picked":"Bane","floor":18.0},{"not_picked":["Outmaneuver","Deadly Poison"],"picked":"Backflip","floor":20.0},{"not_picked":["Riddle With Holes","Prepared","Blade Dance"],"picked":"SKIP","floor":21.0},{"not_picked":["Deadly Poison","Terror"],"picked":"Catalyst","floor":22.0},{"not_picked":["Acrobatics+1","Poisoned Stab+1"],"picked":"Predator","floor":23.0},{"not_picked":["Dagger Throw","Reflex"],"picked":"Malaise","floor":27.0},{"not_picked":["Well Laid Plans","Sucker Punch","Endless Agony"],"picked":"SKIP","floor":28.0},{"not_picked":["Bane","Caltrops","Sucker Punch"],"picked":"SKIP","floor":31.0},{"not_picked":["Phantasmal Killer","Wraith Form v2"],"picked":"A Thousand Cuts","floor":33.0},{"not_picked":["Well Laid Plans","Flying Knee","Leg Sweep+1"],"picked":"SKIP","floor":35.0},{"not_picked":["Reflex","Dodge and Roll"],"picked":"Backstab","floor":38.0},{"not_picked":["Deadly Poison","Quick Slash+1"],"picked":"Noxious Fumes+1","floor":41.0},{"not_picked":["Reflex","Prepared+1"],"picked":"Cloak And Dagger+1","floor":42.0},{"not_picked":["Dodge and Roll","Slice"],"picked":"Glass Knife","floor":45.0},{"not_picked":["PiercingWail","Outmaneuver"],"picked":"Blade Dance+1","floor":48}],"player_experience":267258,"relics_obtained":[{"floor":6.0,"key":"Vajra"},{"floor":8.0,"key":"Torii"},{"floor":12.0,"key":"Oddly Smooth Stone"},{"floor":23.0,"key":"Shovel"},{"floor":26.0,"key":"Ninja Scroll"},{"floor":27.0,"key":"Red Mask"},{"floor":41.0,"key":"Anchor"},{"floor":43.0,"key":"Du-Vu Doll"}],"event_choices":[{"damage_healed":0.0,"max_hp_gain":0.0,"max_hp_loss":0.0,"gold_gain":0.0,"event_name":"World of Goop","player_choice":"Left Gold","floor":5.0,"gold_loss":38.0,"damage_taken":0.0},{"damage_healed":0.0,"max_hp_gain":0.0,"max_hp_loss":0.0,"gold_gain":0.0,"event_name":"Living Wall","player_choice":"Grow","floor":7.0,"gold_loss":0.0,"damage_taken":0.0,"cards_upgraded":["Neutralize"]},{"damage_healed":0.0,"max_hp_gain":0.0,"max_hp_loss":0.0,"gold_gain":0.0,"event_name":"Nest","player_choice":"Joined the Cult","floor":24.0,"gold_loss":0.0,"damage_taken":6.0,"cards_obtained":["RitualDagger"]},{"damage_healed":0.0,"max_hp_gain":0.0,"max_hp_loss":0.0,"gold_gain":0.0,"event_name":"Masked Bandits","player_choice":"Fought Bandits","floor":27.0,"gold_loss":0.0,"damage_taken":0.0},{"damage_healed":0.0,"max_hp_gain":0.0,"max_hp_loss":0.0,"gold_gain":0.0,"event_name":"Cursed Tome","player_choice":"Ignored","floor":30.0,"gold_loss":0.0,"damage_taken":0.0},{"cards_removed":["Strike_G"],"damage_healed":0.0,"max_hp_gain":0.0,"max_hp_loss":0.0,"gold_gain":0.0,"event_name":"Designer","player_choice":"Upgrade and Remove","floor":36.0,"gold_loss":90.0,"damage_taken":0.0,"cards_upgraded":["Strike_G"]},{"damage_healed":0,"gold_gain":0,"player_choice":"Ignored","damage_taken":0,"max_hp_gain":0,"max_hp_loss":0,"event_name":"Mysterious Sphere","floor":47,"gold_loss":0}],"is_beta":false,"boss_relics":[{"not_picked":["Cursed Key","Runic Dome"],"picked":"Philosopher\u0027s Stone"},{"not_picked":["Tiny House","Pandora\u0027s Box"],"picked":"WristBlade"}],"items_purged_floors":[19],"is_endless":false,"potions_floor_spawned":[6,8,10,11,16,18,22,23,28,33,38,41,42],"killed_by":"Time Eater","ascension_level":1}