{"gold_per_floor":[14,14,26,26,40,40,67,67,93,126,51,89,89,102,102,200,200,224,248,89,214,53,53,73,73,73,73,111,111,147,168,168,257,257,271,271,604,623,634,634,634,662,709,162,191,41,41,51,51,51,51,51,51,51,82,82],"floor_reached":56,"playtime":2325,"items_purged":["Strike_R","Strike_R","Strike_R+1","Strike_R+1"],"score":1953,"play_id":"8c54c1e4-1200-449b-831a-d68667726566","local_time":"20190328084528","is_ascension_mode":true,"campfire_choices":[{"data":"Cleave","floor":6.0,"key":"SMITH"},{"data":"Uppercut","floor":13.0,"key":"SMITH"},{"data":"Inflame","floor":15.0,"key":"SMITH"},{"data":"Heavy Blade","floor":23.0,"key":"SMITH"},{"data":"1","floor":25.0,"key":"LIFT"},{"floor":27.0,"key":"REST"},{"data":"2","floor":32.0,"key":"LIFT"},{"data":"Limit Break","floor":40.0,"key":"SMITH"},{"floor":47.0,"key":"REST"},{"floor":49.0,"key":"RECALL"},{"data":"Heavy Blade","floor":53.0,"key":"SMITH"}],"neow_cost":"NO_GOLD","seed_source_timestamp":2383292104182,"circlet_count":0,"master_deck":["AscendersBane","Strike_R+1","Defend_R+1","Defend_R+1","Defend_R+1","Defend_R+1","Bash+1","Cleave+1","Shrug It Off","Shrug It Off","Uppercut+1","Inflame+1","Feed","Headbutt","Heavy Blade+1","Spot Weakness","Heavy Blade+1","Limit Break+1","Disarm","Shockwave","Exhume+1"],"special_seed":0,"relics":["Burning Blood","Pocketwatch","Vajra","Strawberry","Juzu Bracelet","Letter Opener","Sozu","Girya","Paper Frog","Orichalcum","Sundial","Red Mask","Darkstone Periapt","Velvet Choker","Blood Vial","Pear","Bronze Scales","Toxic Egg 2","Bag of Marbles"],"potions_floor_usage":[56],"damage_taken":[{"damage":0.0,"enemies":"2 Louse","floor":1.0,"turns":6.0},{"damage":1.0,"enemies":"Small Slimes","floor":3.0,"turns":4.0},{"damage":7.0,"enemies":"Jaw Worm","floor":5.0,"turns":5.0},{"damage":8.0,"enemies":"Gremlin Nob","floor":7.0,"turns":3.0},{"damage":14.0,"enemies":"3 Sentries","floor":10.0,"turns":6.0},{"damage":8.0,"enemies":"Gremlin Nob","floor":12.0,"turns":3.0},{"damage":4.0,"enemies":"2 Fungi Beasts","floor":14.0,"turns":3.0},{"damage":20.0,"enemies":"Hexaghost","floor":16.0,"turns":9.0},{"damage":14.0,"enemies":"2 Thieves","floor":18.0,"turns":3.0},{"damage":8.0,"enemies":"Shell Parasite","floor":19.0,"turns":6.0},{"damage":19.0,"enemies":"Colosseum Slavers","floor":21.0,"turns":3.0},{"damage":22.0,"enemies":"Colosseum Nobs","floor":21.0,"turns":4.0},{"damage":6.0,"enemies":"Snake Plant","floor":24.0,"turns":3.0},{"damage":4.0,"enemies":"Masked Bandits","floor":28.0,"turns":3.0},{"damage":11.0,"enemies":"Book of Stabbing","floor":30.0,"turns":3.0},{"damage":1.0,"enemies":"Cultist and Chosen","floor":31.0,"turns":3.0},{"damage":40.0,"enemies":"Collector","floor":33.0,"turns":6.0},{"damage":2.0,"enemies":"Orb Walker","floor":35.0,"turns":2.0},{"damage":9.0,"enemies":"3 Darklings","floor":38.0,"turns":6.0},{"damage":0.0,"enemies":"Transient","floor":39.0,"turns":6.0},{"damage":42.0,"enemies":"Nemesis","floor":42.0,"turns":5.0},{"damage":10.0,"enemies":"Reptomancer","floor":45.0,"turns":3.0},{"damage":14.0,"enemies":"4 Shapes","floor":48.0,"turns":7.0},{"damage":51.0,"enemies":"Awakened One","floor":50.0,"turns":7.0},{"damage":19.0,"enemies":"Time Eater","floor":51.0,"turns":6.0},{"damage":88.0,"enemies":"Shield and Spear","floor":55.0,"turns":5.0},{"damage":42,"enemies":"The Heart","floor":56,"turns":3}],"seed_played":"1912995569090663439","potions_obtained":[{"floor":3.0,"key":"AttackPotion"},{"floor":7.0,"key":"SkillPotion"},{"floor":10.0,"key":"Dexterity Potion"},{"floor":16.0,"key":"SpeedPotion"}],"is_trial":false,"path_per_floor":["M","?","M","$","M","R","E","?","T","E","$","E","R","M","R","B",null,"M","M","$","?","$","R","M","R","T","R","?","?","E","M","R","B",null,"M","?","?","M","M","R","?","E","T","$","E","$","R","M","R","B","B",null,"R","$","E","B"],"character_chosen":"IRONCLAD","items_purchased":["Heavy Blade","Orichalcum","Pear","Bronze Scales"],"campfire_rested":2,"item_purchase_floors":[20,22,44,44],"current_hp_per_floor":[74,74,75,75,74,74,72,68,75,67,67,65,65,67,67,53,70,65,66,66,40,40,40,43,43,43,69,74,74,69,77,77,43,81,88,88,88,88,94,94,94,58,58,68,69,69,101,98,98,58,47,97,97,97,17,0],"gold":82,"neow_bonus":"ONE_RARE_RELIC","is_prod":false,"is_daily":false,"chose_seed":false,"campfire_upgraded":6,"win_rate":0,"timestamp":1553730328,"path_taken":["M","?","M","$","M","R","E","?","T","E","?","E","R","M","R","BOSS","M","M","$","?","$","R","M","R","T","R","?","?","E","M","R","BOSS","M","?","?","M","M","R","?","E","T","$","E","$","R","M","R","BOSS","BOSS","R","$","E","BOSS"],"build_version":"2019-01-23","purchased_purges":4,"victory":false,"max_hp_per_floor":[75,75,75,75,75,75,75,68,75,75,75,75,75,75,75,75,75,78,81,81,84,84,84,87,87,87,87,90,90,90,93,93,93,93,96,96,96,99,99,99,94,94,94,104,107,107,107,110,110,113,113,113,113,113,113,113],"card_choices":[{"not_picked":["Flex","Dropkick","Power Through"],"picked":"SKIP","floor":1.0},{"not_picked":["Havoc","Perfected Strike"],"picked":"Cleave","floor":3.0},{"not_picked":["Warcry","Combust","Sword Boomerang"],"picked":"SKIP","floor":5.0},{"not_picked":["Armaments","Rupture"],"picked":"Shrug It Off","floor":7.0},{"not_picked":["Headbutt","Hemokinesis"],"picked":"Shrug It Off","floor":10.0},{"not_picked":["Sword Boomerang","Heavy Blade"],"picked":"Uppercut","floor":12.0},{"not_picked":["Havoc","Double Tap"],"picked":"Inflame","floor":14.0},{"not_picked":["Demon Form","Barricade"],"picked":"Feed","floor":16.0},{"not_picked":["Pommel Strike","Cleave","True Grit"],"picked":"SKIP","floor":18.0},{"not_picked":["Flex","Body Slam"],"picked":"Headbutt","floor":19.0},{"not_picked":["Wild Strike","Havoc"],"picked":"Spot Weakness","floor":21.0},{"not_picked":["Cleave","Anger","Twin Strike"],"picked":"SKIP","floor":24.0},{"not_picked":["Thunderclap","Sword Boomerang"],"picked":"Heavy Blade","floor":28.0},{"not_picked":["Pummel","Corruption","Juggernaut"],"picked":"SKIP","floor":30.0},{"not_picked":["Havoc","Body Slam","Pommel Strike"],"picked":"SKIP","floor":31.0},{"not_picked":["Dark Embrace","Impervious"],"picked":"Limit Break","floor":33.0},{"not_picked":["Anger","Pommel Strike"],"picked":"Disarm","floor":35.0},{"not_picked":["Evolve","Heavy Blade+1","Headbutt"],"picked":"SKIP","floor":38.0},{"not_picked":["Infernal Blade","Disarm+1"],"picked":"Shockwave","floor":39.0},{"not_picked":["Pummel","Heavy Blade","Exhume"],"picked":"SKIP","floor":42.0},{"not_picked":["Anger+1","Perfected Strike","Flex"],"picked":"SKIP","floor":45.0},{"not_picked":["Intimidate+1","Clash","True Grit+1"],"picked":"SKIP","floor":48.0},{"not_picked":["Heavy Blade","Sentinel+1"],"picked":"Exhume+1","floor":55.0}],"player_experience":804461,"relics_obtained":[{"floor":7.0,"key":"Vajra"},{"floor":9.0,"key":"Strawberry"},{"floor":10.0,"key":"Juzu Bracelet"},{"floor":12.0,"key":"Letter Opener"},{"floor":21.0,"key":"Girya"},{"floor":21.0,"key":"Paper Frog"},{"floor":26.0,"key":"Sundial"},{"floor":28.0,"key":"Red Mask"},{"floor":30.0,"key":"Darkstone Periapt"},{"floor":42.0,"key":"Blood Vial"},{"floor":45.0,"key":"Toxic Egg 2"},{"floor":55.0,"key":"Bag of Marbles"}],"event_choices":[{"damage_healed":0.0,"max_hp_gain":0.0,"max_hp_loss":0.0,"gold_gain":0.0,"event_name":"Living Wall","player_choice":"Grow","floor":2.0,"gold_loss":0.0,"damage_taken":0.0,"cards_upgraded":["Bash"]},{"damage_healed":0.0,"max_hp_gain":0.0,"max_hp_loss":7.0,"gold_gain":0.0,"event_name":"Golden Idol","player_choice":"Lose Max HP","floor":8.0,"gold_loss":0.0,"damage_taken":0.0,"relics_obtained":["Golden Idol"]},{"damage_healed":0.0,"max_hp_gain":0.0,"max_hp_loss":0.0,"gold_gain":0.0,"event_name":"Colosseum","player_choice":"Fight","floor":21.0,"gold_loss":0.0,"damage_taken":0.0},{"damage_healed":0.0,"max_hp_gain":0.0,"max_hp_loss":0.0,"gold_gain":0.0,"event_name":"Colosseum","player_choice":"Fought Nobs","floor":21.0,"gold_loss":0.0,"damage_taken":0.0},{"damage_healed":0.0,"max_hp_gain":0.0,"max_hp_loss":0.0,"gold_gain":0.0,"event_name":"Masked Bandits","player_choice":"Fought Bandits","floor":28.0,"gold_loss":0.0,"damage_taken":0.0},{"damage_healed":0.0,"max_hp_gain":0.0,"max_hp_loss":0.0,"gold_gain":0.0,"event_name":"Back to Basics","player_choice":"Simplicity","floor":29.0,"gold_loss":0.0,"damage_taken":0.0,"cards_upgraded":["Strike_R","Strike_R","Strike_R","Defend_R","Defend_R","Defend_R","Defend_R"]},{"damage_healed":0.0,"max_hp_gain":0.0,"max_hp_loss":0.0,"gold_gain":0.0,"event_name":"SensoryStone","player_choice":"Memory 1","floor":36.0,"gold_loss":0.0,"damage_taken":0.0},{"damage_healed":0.0,"max_hp_gain":0.0,"max_hp_loss":0.0,"gold_gain":333.0,"event_name":"The Moai Head","player_choice":"Gave Idol","floor":37.0,"relics_lost":["Golden Idol"],"gold_loss":0.0,"damage_taken":0.0},{"damage_healed":0.0,"max_hp_gain":0.0,"max_hp_loss":5.0,"gold_gain":0.0,"event_name":"Winding Halls","player_choice":"Max HP","floor":41.0,"gold_loss":0.0,"damage_taken":0.0}],"is_beta":false,"boss_relics":[{"not_picked":["Mark of Pain","Lizard Tail"],"picked":"Sozu"},{"not_picked":["Busted Crown","Runic Pyramid"],"picked":"Velvet Choker"}],"items_purged_floors":[11,20,44,46],"is_endless":false,"potions_floor_spawned":[3,7,10,16,21,21,28,31,33,35,38,42,45],"killed_by":"The Heart","ascension_level":20}