{"gold_per_floor":[112,262,272,272,272,272,285,285,285,297,311,311,343,0,0,78,78,88,88,88,88,102,102,136,156,156,182,174,27,27],"floor_reached":30,"playtime":714,"items_purged":["Doubt","Pain"],"score":496,"play_id":"6be21045-5395-4f49-a7d4-ffc44de31b85","local_time":"20190415230903","is_ascension_mode":true,"campfire_choices":[{"data":"Wild Strike","floor":6.0,"key":"SMITH"},{"data":"Sword Boomerang","floor":8.0,"key":"SMITH"},{"data":"Combust","floor":12.0,"key":"SMITH"},{"floor":15.0,"key":"REST"},{"floor":23.0,"key":"REST"}],"neow_cost":"PERCENT_DAMAGE","seed_source_timestamp":191396266475000,"circlet_count":0,"master_deck":["AscendersBane","Strike_R+1","Strike_R+1","Defend_R+1","Defend_R+1","Defend_R+1","Bash","Wild Strike+1","Thunderclap","Sword Boomerang+1","Combust+1","Rage","Berserk","Sword Boomerang+1","True Grit","Spot Weakness","Inflame","Clothesline","Warcry"],"special_seed":0,"relics":["Burning Blood","Bag of Preparation","Red Skull","Oddly Smooth Stone","Paper Frog","Empty Cage","MutagenicStrength","WarpedTongs","Self Forming Clay","MawBank"],"potions_floor_usage":[30],"damage_taken":[{"damage":1.0,"enemies":"Cultist","floor":1.0,"turns":3.0},{"damage":2.0,"enemies":"2 Louse","floor":3.0,"turns":3.0},{"damage":0.0,"enemies":"Small Slimes","floor":7.0,"turns":2.0},{"damage":6.0,"enemies":"Looter","floor":10.0,"turns":2.0},{"damage":10.0,"enemies":"Gremlin Gang","floor":11.0,"turns":2.0},{"damage":28.0,"enemies":"Lagavulin","floor":13.0,"turns":4.0},{"damage":25.0,"enemies":"Slime Boss","floor":16.0,"turns":7.0},{"damage":49.0,"enemies":"Shell Parasite","floor":18.0,"turns":7.0},{"damage":15.0,"enemies":"Spheric Guardian","floor":22.0,"turns":4.0},{"damage":26.0,"enemies":"Slavers","floor":24.0,"turns":4.0},{"damage":2.0,"enemies":"Cultist and Chosen","floor":25.0,"turns":3.0},{"damage":13.0,"enemies":"Centurion and Healer","floor":27.0,"turns":3.0},{"damage":17,"enemies":"Snake Plant","floor":30,"turns":3}],"seed_played":"6580841093306152795","potions_obtained":[{"floor":1.0,"key":"EssenceOfSteel"},{"floor":3.0,"key":"Fire Potion"},{"floor":16.0,"key":"FairyPotion"},{"floor":22.0,"key":"Weak Potion"},{"floor":28.0,"key":"LiquidBronze"}],"is_trial":false,"path_per_floor":["M","?","M","?","?","R","M","R","T","M","M","R","E","$","R","B",null,"M","?","?","?","M","R","E","M","T","M","?","$","M"],"character_chosen":"IRONCLAD","items_purchased":["Paper Frog","Warcry"],"campfire_rested":2,"item_purchase_floors":[14,29],"current_hp_per_floor":[55,55,59,41,41,41,47,47,47,47,43,43,21,21,43,24,62,19,19,19,19,10,32,12,16,16,9,9,9,0],"gold":27,"neow_bonus":"REMOVE_TWO","is_prod":false,"is_daily":false,"chose_seed":false,"campfire_upgraded":3,"win_rate":0,"timestamp":1555362543,"path_taken":["M","?","M","?","?","R","?","R","T","M","M","R","E","$","R","BOSS","M","?","?","?","M","R","E","?","T","?","?","?","M"],"build_version":"2019-01-23","purchased_purges":2,"victory":false,"max_hp_per_floor":[75,75,75,75,75,75,75,75,75,75,75,75,75,75,75,75,75,75,75,75,75,75,75,75,75,75,75,75,75,75],"card_choices":[{"not_picked":["Rupture","Power Through"],"picked":"Wild Strike","floor":1.0},{"not_picked":["Armaments","Warcry"],"picked":"Thunderclap","floor":3.0},{"not_picked":["Warcry","Perfected Strike"],"picked":"Sword Boomerang","floor":7.0},{"not_picked":["Flex","Sword Boomerang"],"picked":"Combust","floor":10.0},{"not_picked":["Heavy Blade","Thunderclap"],"picked":"Rage","floor":11.0},{"not_picked":["Carnage","Sentinel","Body Slam"],"picked":"SKIP","floor":13.0},{"not_picked":["Dark Embrace","Double Tap"],"picked":"Berserk","floor":16.0},{"not_picked":["Cleave","Havoc"],"picked":"Sword Boomerang+1","floor":18.0},{"not_picked":["Fire Breathing","Perfected Strike"],"picked":"True Grit","floor":22.0},{"not_picked":["Warcry","Iron Wave+1"],"picked":"Spot Weakness","floor":24.0},{"not_picked":["Headbutt+1","Sentinel"],"picked":"Inflame","floor":25.0},{"not_picked":["Body Slam","Flex"],"picked":"Clothesline","floor":27.0}],"player_experience":562344,"relics_obtained":[{"floor":9.0,"key":"Red Skull"},{"floor":13.0,"key":"Oddly Smooth Stone"},{"floor":24.0,"key":"Self Forming Clay"},{"floor":26.0,"key":"MawBank"}],"event_choices":[{"damage_healed":0.0,"max_hp_gain":0.0,"max_hp_loss":0.0,"gold_gain":150.0,"event_name":"Liars Game","player_choice":"AGREE","floor":2.0,"gold_loss":0.0,"damage_taken":0.0,"cards_obtained":["Doubt"]},{"damage_healed":0.0,"max_hp_gain":0.0,"max_hp_loss":0.0,"gold_gain":0.0,"event_name":"Scrap Ooze","player_choice":"Success","floor":4.0,"gold_loss":0.0,"damage_taken":18.0,"relics_obtained":["Bag of Preparation"]},{"damage_healed":0.0,"max_hp_gain":0.0,"max_hp_loss":0.0,"gold_gain":0.0,"event_name":"Lab","player_choice":"Got Potions","floor":5.0,"gold_loss":0.0,"damage_taken":0.0},{"damage_healed":0.0,"max_hp_gain":0.0,"max_hp_loss":0.0,"gold_gain":0.0,"event_name":"Back to Basics","player_choice":"Simplicity","floor":19.0,"gold_loss":0.0,"damage_taken":0.0,"cards_upgraded":["Strike_R","Strike_R","Defend_R","Defend_R","Defend_R"]},{"damage_healed":0.0,"max_hp_gain":0.0,"max_hp_loss":0.0,"gold_gain":0.0,"event_name":"Drug Dealer","player_choice":"Inject Mutagens","floor":20.0,"gold_loss":0.0,"damage_taken":0.0,"relics_obtained":["MutagenicStrength"]},{"damage_healed":0.0,"max_hp_gain":0.0,"max_hp_loss":0.0,"gold_gain":0.0,"event_name":"Accursed Blacksmith","player_choice":"Rummage","floor":21.0,"gold_loss":0.0,"damage_taken":0.0,"relics_obtained":["WarpedTongs"],"cards_obtained":["Pain"]},{"damage_healed":0.0,"max_hp_gain":0.0,"max_hp_loss":0.0,"gold_gain":0.0,"event_name":"The Woman in Blue","player_choice":"Bought 1 Potion","floor":28.0,"gold_loss":0.0,"damage_taken":0.0}],"is_beta":false,"boss_relics":[{"not_picked":["Astrolabe","Snecko Eye"],"picked":"Empty Cage"}],"items_purged_floors":[14,29],"is_endless":false,"potions_floor_spawned":[1,3,16,22,24],"killed_by":"Snake Plant","ascension_level":20}