{"gold_per_floor":[118,30,42,42,42,74,74,106,153,168,202,202,87,87,87,87],"floor_reached":16,"playtime":400,"items_purged":["Strike_R"],"score":282,"play_id":"e55cb542-adaa-4fd4-abef-c9560fd6a7a5","local_time":"20190324140712","is_ascension_mode":true,"campfire_choices":[{"data":"Carnage","floor":7,"key":"SMITH"},{"data":"Immolate","floor":12,"key":"SMITH"},{"data":"Uppercut","floor":15,"key":"SMITH"}],"neow_cost":"NONE","seed_source_timestamp":473245557690840,"circlet_count":0,"master_deck":["AscendersBane","Strike_R","Strike_R+1","Defend_R+1","Defend_R","Defend_R","Defend_R","Bash","Carnage+1","Pummel+1","Shrug It Off+1","Immolate+1","Uppercut+1"],"relics":["Burning Blood","NeowsBlessing","Potion Belt","Whetstone","War Paint","Omamori"],"potions_floor_usage":[8,16,16],"damage_taken":[{"damage":1,"enemies":"2 Louse","floor":1,"turns":2},{"damage":0,"enemies":"Small Slimes","floor":3,"turns":1},{"damage":0,"enemies":"Lagavulin","floor":6,"turns":1},{"damage":8,"enemies":"Gremlin Nob","floor":8,"turns":3},{"damage":4,"enemies":"Jaw Worm","floor":10,"turns":2},{"damage":17,"enemies":"3 Sentries","floor":11,"turns":10},{"damage":78,"enemies":"The Guardian","floor":16,"turns":13}],"seed_played":"762433946933918790","potions_obtained":[{"floor":3,"key":"SteroidPotion"},{"floor":8,"key":"Regen Potion"},{"floor":11,"key":"PowerPotion"}],"is_trial":false,"path_per_floor":["M","$","M","?","?","E","R","E","T","M","E","R","$","?","R","B"],"character_chosen":"IRONCLAD","items_purchased":["Pummel","Uppercut"],"campfire_rested":0,"item_purchase_floors":[2,13],"current_hp_per_floor":[73,73,75,75,68,74,74,72,72,74,63,63,63,63,63,0],"gold":87,"neow_bonus":"THREE_ENEMY_KILL","is_prod":false,"is_daily":false,"chose_seed":false,"campfire_upgraded":3,"win_rate":0,"timestamp":1553404032,"path_taken":["M","$","M","?","?","E","R","E","T","M","E","R","$","?","R","BOSS"],"build_version":"2019-01-23","purchased_purges":1,"victory":false,"max_hp_per_floor":[75,75,75,75,75,75,75,75,75,75,75,75,75,75,75,75],"card_choices":[{"not_picked":["Flex","Warcry"],"picked":"Carnage","floor":1},{"not_picked":["Infernal Blade","Bloodletting","True Grit"],"picked":"SKIP","floor":3},{"not_picked":["Thunderclap","Brutality"],"picked":"Shrug It Off","floor":6},{"not_picked":["Perfected Strike","Anger","Thunderclap"],"picked":"SKIP","floor":8},{"not_picked":["Armaments","Sword Boomerang","Sever Soul"],"picked":"SKIP","floor":10},{"not_picked":["True Grit","Uppercut"],"picked":"Immolate","floor":11}],"player_experience":783795,"relics_obtained":[{"floor":6,"key":"Potion Belt"},{"floor":8,"key":"Whetstone"},{"floor":9,"key":"War Paint"},{"floor":11,"key":"Omamori"}],"event_choices":[{"damage_healed":0,"gold_gain":0,"player_choice":"Leave","damage_taken":0,"max_hp_gain":0,"max_hp_loss":0,"event_name":"The Cleric","floor":4,"gold_loss":0},{"cards_removed":["Strike_R"],"damage_healed":0,"gold_gain":0,"player_choice":"Card Removal","damage_taken":7,"max_hp_gain":0,"max_hp_loss":0,"event_name":"Golden Wing","floor":5,"gold_loss":0},{"cards_removed":["Strike_R"],"damage_healed":0,"gold_gain":0,"player_choice":"Offered Basic","damage_taken":0,"max_hp_gain":0,"max_hp_loss":0,"event_name":"Bonfire Elementals","floor":14,"gold_loss":0}],"is_beta":false,"boss_relics":[],"items_purged_floors":[13],"is_endless":false,"potions_floor_spawned":[3,8,11],"killed_by":"The Guardian","ascension_level":20}