{"gold_per_floor":[212,224,24,24,40,40,66,66,66,80,80,93,193,203,203,274,274,199,53,53,53,53,53,53],"floor_reached":24,"playtime":1862,"items_purged":[],"score":323,"play_id":"844de909-3964-4c10-9e4c-18e105b8e4a1","local_time":"20190512002245","is_ascension_mode":true,"campfire_choices":[{"data":"Panacea","floor":6.0,"key":"SMITH"},{"data":"Venomology","floor":8.0,"key":"SMITH"},{"data":"Blade Dance","floor":11.0,"key":"SMITH"},{"data":"Blade Dance","floor":15.0,"key":"SMITH"},{"data":"Adrenaline","floor":23,"key":"SMITH"}],"neow_cost":"NONE","seed_source_timestamp":0,"circlet_count":0,"master_deck":["AscendersBane","Defend_G","Defend_G","Defend_G","Defend_G","Defend_G","Strike_G","Strike_G","Strike_G","Strike_G","Strike_G","Survivor","Neutralize+1","Dodge and Roll","Blade Dance+1","Well Laid Plans","Panacea+1","Endless Agony","Venomology+1","Blade Dance+1","Adrenaline+1","Decay"],"special_seed":0,"relics":["Ring of the Snake","Gremlin Horn","Anchor","Ectoplasm","Oddly Smooth Stone"],"potions_floor_usage":[20,24,24],"damage_taken":[{"damage":0.0,"enemies":"Cultist","floor":1.0,"turns":5.0},{"damage":2.0,"enemies":"Jaw Worm","floor":2.0,"turns":8.0},{"damage":0.0,"enemies":"Small Slimes","floor":5.0,"turns":3.0},{"damage":15.0,"enemies":"3 Sentries","floor":7.0,"turns":10.0},{"damage":0.0,"enemies":"Blue Slaver","floor":10.0,"turns":5.0},{"damage":0.0,"enemies":"Looter","floor":12.0,"turns":4.0},{"damage":0.0,"enemies":"2 Fungi Beasts","floor":14.0,"turns":4.0},{"damage":3.0,"enemies":"The Guardian","floor":16.0,"turns":20.0},{"damage":20.0,"enemies":"2 Thieves","floor":18.0,"turns":5.0},{"damage":27,"enemies":"Spheric Guardian","floor":20,"turns":6},{"damage":0,"enemies":"Shelled Parasite and Fungi","floor":24,"turns":3}],"seed_played":"-3958992865792512943","potions_obtained":[{"floor":1.0,"key":"SkillPotion"},{"floor":2.0,"key":"Dexterity Potion"},{"floor":20,"key":"Energy Potion"}],"is_trial":false,"path_per_floor":["M","M","$","?","M","R","E","R","T","M","R","M","?","M","R","B",null,"M","$","M","?","?","R","M"],"character_chosen":"THE_SILENT","items_purchased":["Well Laid Plans","Panacea","Endless Agony","Oddly Smooth Stone"],"campfire_rested":0,"item_purchase_floors":[3,3,3,19],"current_hp_per_floor":[63,61,61,61,61,61,46,46,46,46,46,46,46,46,46,43,63,43,43,16,16,16,16,16],"gold":53,"neow_bonus":"HUNDRED_GOLD","is_prod":false,"is_daily":false,"chose_seed":false,"campfire_upgraded":5,"win_rate":0,"timestamp":1557638565,"path_taken":["M","M","$","?","?","R","E","R","T","M","R","M","?","M","R","BOSS","M","?","M","?","?","R","M"],"build_version":"2019-01-23","purchased_purges":0,"victory":false,"max_hp_per_floor":[70,70,70,70,70,70,70,70,70,70,70,70,70,70,70,70,70,70,70,70,70,70,70,70],"card_choices":[{"not_picked":["Deadly Poison","Eviscerate"],"picked":"Dodge and Roll","floor":1.0},{"not_picked":["Calculated Gamble","Terror"],"picked":"Blade Dance","floor":2.0},{"not_picked":["Eviscerate","Acrobatics","Deflect"],"picked":"SKIP","floor":5.0},{"not_picked":["Riddle With Holes","Expertise"],"picked":"Venomology","floor":7.0},{"not_picked":["Flying Knee","Concentrate","Riddle With Holes"],"picked":"SKIP","floor":10.0},{"not_picked":["Setup","Deadly Poison"],"picked":"Blade Dance","floor":12.0},{"not_picked":["Well Laid Plans","Finisher","Deadly Poison"],"picked":"SKIP","floor":14.0},{"not_picked":["Wraith Form v2","After Image"],"picked":"Adrenaline","floor":16.0},{"not_picked":["Blade Dance","Dagger Throw","Infinite Blades"],"picked":"SKIP","floor":18.0},{"not_picked":["Flechettes","Catalyst","Prepared"],"picked":"SKIP","floor":20}],"player_experience":431284,"relics_obtained":[{"floor":7.0,"key":"Gremlin Horn"},{"floor":9.0,"key":"Anchor"}],"event_choices":[{"damage_healed":0.0,"max_hp_gain":0.0,"max_hp_loss":0.0,"gold_gain":0.0,"event_name":"Accursed Blacksmith","player_choice":"Forge","floor":4.0,"gold_loss":0.0,"damage_taken":0.0,"cards_upgraded":["Neutralize"]},{"damage_healed":0.0,"max_hp_gain":0.0,"max_hp_loss":0.0,"gold_gain":100.0,"event_name":"Golden Shrine","player_choice":"Pray","floor":13.0,"gold_loss":0.0,"damage_taken":0.0},{"damage_healed":0,"gold_gain":0,"player_choice":"Ignored","damage_taken":0,"max_hp_gain":0,"max_hp_loss":0,"event_name":"Beggar","floor":21,"gold_loss":0},{"damage_healed":0,"gold_gain":0,"player_choice":"Smashed Altar","damage_taken":0,"max_hp_gain":0,"max_hp_loss":0,"event_name":"Forgotten Altar","floor":22,"gold_loss":0,"cards_obtained":["Decay"]}],"is_beta":false,"boss_relics":[{"not_picked":["Astrolabe","Snecko Eye"],"picked":"Ectoplasm"}],"items_purged_floors":[],"is_endless":false,"potions_floor_spawned":[1,2,14,20],"killed_by":"Shelled Parasite and Fungi","ascension_level":13}