{"gold_per_floor":[115,115,133,133,133,133,167,184,184,184,204,233,233,268,268,341,341,352,277,296,7,20,20,50,50,50,50,82,95,127,140,140,218,218,235,235,247,264,264,264,298,298,321,221,256,281,295,3,3,3],"floor_reached":51,"playtime":2859,"items_purged":["Strike_B","Strike_B","Defend_B"],"score":1511,"play_id":"de8a8fe3-ae1d-4e43-99e4-6eaf5b2887a5","local_time":"20190424072334","is_ascension_mode":true,"campfire_choices":[{"floor":6.0,"key":"REST"},{"data":"Capacitor","floor":10.0,"key":"SMITH"},{"floor":13.0,"key":"REST"},{"data":"Go for the Eyes","floor":15.0,"key":"SMITH"},{"data":"1","floor":23.0,"key":"LIFT"},{"data":"Defend_B","floor":25.0,"key":"PURGE"},{"data":"Defragment","floor":32.0,"key":"SMITH"},{"data":"2","floor":40.0,"key":"LIFT"},{"data":"Barrage","floor":42.0,"key":"SMITH"},{"data":"3","floor":49,"key":"LIFT"}],"neow_cost":"NONE","seed_source_timestamp":124462644377052,"circlet_count":0,"master_deck":["AscendersBane","Strike_B+1","Defend_B","Defend_B+1","Zap+1","Dualcast","Cold Snap","Chill+1","White Noise","Go for the Eyes+1","Ball Lightning","Electrodynamics","Coolheaded","Defragment+1","Auto Shields+1","Chill","Creative AI","Barrage+1","Consume+1","Reinforced Body"],"special_seed":0,"relics":["Cracked Core","Strawberry","Singing Bowl","Mango","Girya","Velvet Choker","Runic Capacitor","Peace Pipe","Bag of Preparation","Lantern","Regal Pillow","Runic Pyramid","Ginger","Centennial Puzzle","Kunai","Boot","Art of War"],"potions_floor_usage":[50],"damage_taken":[{"damage":4.0,"enemies":"Jaw Worm","floor":1.0,"turns":3.0},{"damage":3.0,"enemies":"2 Louse","floor":3.0,"turns":2.0},{"damage":20.0,"enemies":"3 Sentries","floor":7.0,"turns":12.0},{"damage":0.0,"enemies":"Cultist","floor":8.0,"turns":2.0},{"damage":0.0,"enemies":"3 Louse","floor":11.0,"turns":4.0},{"damage":27.0,"enemies":"Lagavulin","floor":12.0,"turns":7.0},{"damage":42.0,"enemies":"Gremlin Nob","floor":14.0,"turns":5.0},{"damage":14.0,"enemies":"The Guardian","floor":16.0,"turns":13.0},{"damage":23.0,"enemies":"2 Thieves","floor":18.0,"turns":3.0},{"damage":0.0,"enemies":"3 Byrds","floor":20.0,"turns":3.0},{"damage":10.0,"enemies":"Centurion and Healer","floor":22.0,"turns":7.0},{"damage":0.0,"enemies":"Slavers","floor":24.0,"turns":3.0},{"damage":9.0,"enemies":"Book of Stabbing","floor":28.0,"turns":5.0},{"damage":0.0,"enemies":"Chosen and Byrds","floor":29.0,"turns":4.0},{"damage":11.0,"enemies":"Slavers","floor":30.0,"turns":3.0},{"damage":15.0,"enemies":"Snake Plant","floor":31.0,"turns":4.0},{"damage":21.0,"enemies":"Automaton","floor":33.0,"turns":10.0},{"damage":0.0,"enemies":"Orb Walker","floor":35.0,"turns":4.0},{"damage":5.0,"enemies":"3 Darklings","floor":37.0,"turns":3.0},{"damage":7.0,"enemies":"Transient","floor":38.0,"turns":6.0},{"damage":12.0,"enemies":"Reptomancer","floor":41.0,"turns":6.0},{"damage":12,"enemies":"Nemesis","floor":45,"turns":7},{"damage":0,"enemies":"Jaw Worm Horde","floor":47,"turns":4},{"damage":32,"enemies":"Donu and Deca","floor":50,"turns":8}],"seed_played":"-5281550134165444536","potions_obtained":[{"floor":7.0,"key":"Strength Potion"},{"floor":8.0,"key":"LiquidBronze"},{"floor":20.0,"key":"Energy Potion"},{"floor":28.0,"key":"PowerPotion"},{"floor":41.0,"key":"EssenceOfSteel"},{"floor":47,"key":"GamblersBrew"}],"is_trial":false,"path_per_floor":["M","?","M","?","?","R","E","M","T","R","M","E","R","E","R","B",null,"M","$","M","$","M","R","E","R","T","?","E","M","E","M","R","B",null,"M","?","M","M","?","R","E","R","T","$","E","T","M","$","R","B",null],"character_chosen":"DEFECT","items_purchased":["Defragment","Runic Capacitor","Art of War"],"campfire_rested":2,"item_purchase_floors":[21,21,48],"current_hp_per_floor":[67,44,41,41,41,64,51,51,51,51,51,40,70,28,28,14,79,56,56,58,58,50,50,52,52,52,107,98,100,91,76,76,55,97,97,97,94,87,83,83,73,73,73,73,63,63,63,63,63,31],"gold":3,"neow_bonus":"TEN_PERCENT_HP_BONUS","is_prod":false,"is_daily":false,"chose_seed":false,"campfire_upgraded":4,"win_rate":0,"timestamp":1556083414,"path_taken":["M","?","M","?","?","R","E","M","T","R","M","E","R","E","R","BOSS","M","$","M","$","?","R","E","R","T","?","E","?","E","M","R","BOSS","M","?","?","M","?","R","E","R","T","?","E","?","M","$","R","BOSS"],"build_version":"2019-01-23","purchased_purges":3,"victory":true,"max_hp_per_floor":[78,78,78,78,78,78,85,85,85,85,85,101,101,101,101,101,101,101,101,103,103,105,105,107,107,107,107,107,109,111,111,111,111,111,111,111,113,113,119,119,121,121,121,121,123,123,123,123,123,123],"card_choices":[{"not_picked":["Redo","Streamline"],"picked":"Cold Snap","floor":1.0},{"not_picked":["Reprogram","Gash"],"picked":"Chill","floor":3.0},{"not_picked":["Turbo","Stack"],"picked":"White Noise","floor":7.0},{"not_picked":["Undo","Turbo"],"picked":"Capacitor","floor":8.0},{"not_picked":["Turbo","Coolheaded"],"picked":"Go for the Eyes","floor":11.0},{"not_picked":["Hologram","Gash","Sweeping Beam"],"picked":"Singing Bowl","floor":12.0},{"not_picked":["Hello World","Compile Driver"],"picked":"Ball Lightning","floor":14.0},{"not_picked":["Meteor Strike","Machine Learning"],"picked":"Electrodynamics","floor":16.0},{"not_picked":["Steam Power","Go for the Eyes"],"picked":"Coolheaded","floor":18.0},{"not_picked":["Rip and Tear","Streamline","Barrage"],"picked":"Singing Bowl","floor":20.0},{"not_picked":["Compile Driver","Barrage","Redo"],"picked":"Singing Bowl","floor":22.0},{"not_picked":["Meteor Strike","Go for the Eyes+1","Scrape"],"picked":"Singing Bowl","floor":24.0},{"not_picked":["Compile Driver","Streamline"],"picked":"Auto Shields+1","floor":28.0},{"not_picked":["Cold Snap","Self Repair","Leap"],"picked":"Singing Bowl","floor":29.0},{"not_picked":["Streamline","Amplify","Capacitor"],"picked":"Singing Bowl","floor":30.0},{"not_picked":["Rebound","Lockon"],"picked":"Chill","floor":31.0},{"not_picked":["Meteor Strike","All For One"],"picked":"Creative AI","floor":33.0},{"not_picked":["Redo+1","FTL"],"picked":"Barrage","floor":35.0},{"not_picked":["Compile Driver","Melter","Reboot"],"picked":"Singing Bowl","floor":37.0},{"not_picked":["Gash","Conserve Battery"],"picked":"Consume+1","floor":38.0},{"not_picked":["Bandage Up","Dramatic Entrance","Panache"],"picked":"Singing Bowl","floor":39.0},{"not_picked":["Impatience","Purity","Panache"],"picked":"Singing Bowl","floor":39.0},{"not_picked":["Enlightenment","Jack Of All Trades","Metamorphosis"],"picked":"Singing Bowl","floor":39.0},{"not_picked":["Barrage","Go for the Eyes+1","BootSequence"],"picked":"Singing Bowl","floor":41.0},{"not_picked":["Chaos","Consume+1","Double Energy"],"picked":"Singing Bowl","floor":45},{"not_picked":["Hello World","Melter"],"picked":"Reinforced Body","floor":47}],"player_experience":703633,"relics_obtained":[{"floor":7.0,"key":"Strawberry"},{"floor":9.0,"key":"Singing Bowl"},{"floor":12.0,"key":"Mango"},{"floor":14.0,"key":"Girya"},{"floor":24.0,"key":"Peace Pipe"},{"floor":26.0,"key":"Bag of Preparation"},{"floor":28.0,"key":"Lantern"},{"floor":30.0,"key":"Regal Pillow"},{"floor":41.0,"key":"Ginger"},{"floor":43.0,"key":"Centennial Puzzle"},{"floor":45,"key":"Kunai"},{"floor":46,"key":"Boot"}],"event_choices":[{"damage_healed":0.0,"max_hp_gain":0.0,"max_hp_loss":0.0,"gold_gain":0.0,"event_name":"Shining Light","player_choice":"Entered Light","floor":2.0,"gold_loss":0.0,"damage_taken":23.0,"cards_upgraded":["Strike_B","Defend_B"]},{"damage_healed":0.0,"max_hp_gain":0.0,"max_hp_loss":0.0,"gold_gain":0.0,"event_name":"Living Wall","player_choice":"Grow","floor":4.0,"gold_loss":0.0,"damage_taken":0.0,"cards_upgraded":["Zap"]},{"damage_healed":0.0,"max_hp_gain":0.0,"max_hp_loss":0.0,"gold_gain":0.0,"event_name":"Upgrade Shrine","player_choice":"Upgraded","floor":5.0,"gold_loss":0.0,"damage_taken":0.0,"cards_upgraded":["Chill"]},{"cards_removed":["Capacitor"],"damage_healed":55.0,"max_hp_gain":0.0,"max_hp_loss":0.0,"gold_gain":0.0,"event_name":"Bonfire Elementals","player_choice":"Offered Uncommon","floor":27.0,"gold_loss":0.0,"damage_taken":0.0},{"cards_removed":["Strike_B"],"damage_healed":0.0,"max_hp_gain":0.0,"max_hp_loss":0.0,"gold_gain":0.0,"event_name":"Purifier","player_choice":"Purged","floor":36.0,"gold_loss":0.0,"damage_taken":0.0},{"damage_healed":0.0,"max_hp_gain":0.0,"max_hp_loss":0.0,"gold_gain":0.0,"event_name":"SensoryStone","player_choice":"Memory 3","floor":39.0,"gold_loss":0.0,"damage_taken":10.0}],"is_beta":false,"boss_relics":[{"not_picked":["Busted Crown","FrozenCore"],"picked":"Velvet Choker"},{"not_picked":["Sozu","Black Star"],"picked":"Runic Pyramid"}],"items_purged_floors":[19,44,48],"is_endless":false,"potions_floor_spawned":[7,8,11,12,20,28,29,30,31,41,45,47],"ascension_level":18}