{"gold_per_floor":[13,28,39,39,52,52,0,22,22,56,118,140,152,179,191,275,287,313,359,371,353,384,396,408],"floor_reached":24,"playtime":1377,"items_purged":[],"score":396,"play_id":"9223365e-14c9-4a4f-a1a4-6c4e1a5aee56","local_time":"20190420204706","is_ascension_mode":true,"campfire_choices":[{"data":"Skewer","floor":6,"key":"SMITH"},{"floor":15,"key":"REST"},{"floor":23,"key":"REST"}],"neow_cost":"NO_GOLD","seed_source_timestamp":130618948245020,"circlet_count":0,"master_deck":["AscendersBane","Defend_G","Defend_G","Defend_G","Defend_G","Defend_G","Strike_G","Strike_G","Strike_G+1","Strike_G","Survivor","Neutralize","Terror","Skewer+1","Backflip","Cloak And Dagger+1","All Out Attack","PiercingWail","Poisoned Stab","Malaise","Dagger Throw","Dash","Deadly Poison+1"],"relics":["Ring of the Snake","Ginger","Mango","Odd Mushroom","Ornamental Fan","MawBank","Fusion Hammer","Red Mask"],"potions_floor_usage":[8,16,16,24],"damage_taken":[{"damage":3,"enemies":"Cultist","floor":1,"turns":5},{"damage":0,"enemies":"Jaw Worm","floor":2,"turns":5},{"damage":2,"enemies":"2 Louse","floor":3,"turns":3},{"damage":0,"enemies":"Looter","floor":5,"turns":5},{"damage":14,"enemies":"The Mushroom Lair","floor":8,"turns":5},{"damage":10,"enemies":"Gremlin Nob","floor":10,"turns":4},{"damage":6,"enemies":"Exordium Thugs","floor":12,"turns":6},{"damage":3,"enemies":"Blue Slaver","floor":14,"turns":4},{"damage":13,"enemies":"Hexaghost","floor":16,"turns":12},{"damage":9,"enemies":"3 Byrds","floor":18,"turns":6},{"damage":35,"enemies":"Masked Bandits","floor":19,"turns":5},{"damage":0,"enemies":"2 Thieves","floor":21,"turns":4},{"damage":13,"enemies":"Centurion and Healer","floor":22,"turns":7},{"damage":37,"enemies":"Gremlin Leader","floor":24,"turns":6}],"seed_played":"4690432642103695955","potions_obtained":[{"floor":1,"key":"SpeedPotion"},{"floor":5,"key":"Energy Potion"},{"floor":8,"key":"EssenceOfSteel"},{"floor":10,"key":"Block Potion"},{"floor":19,"key":"Ancient Potion"},{"floor":22,"key":"SkillPotion"}],"is_trial":false,"path_per_floor":["M","M","M","T","M","R","?","?","T","E","?","M","?","M","R","B",null,"M","?","?","M","M","R","E"],"character_chosen":"THE_SILENT","items_purchased":[],"campfire_rested":2,"item_purchase_floors":[],"current_hp_per_floor":[56,56,54,68,68,68,68,54,54,44,44,38,14,11,35,22,66,57,22,22,22,9,33,0],"gold":408,"neow_bonus":"ONE_RARE_RELIC","is_prod":false,"is_daily":false,"chose_seed":false,"campfire_upgraded":1,"win_rate":0,"timestamp":1555760826,"path_taken":["M","M","M","?","M","R","?","?","T","E","?","?","?","M","R","BOSS","M","?","?","M","?","R","E"],"build_version":"2019-01-23","purchased_purges":0,"victory":false,"max_hp_per_floor":[66,66,66,80,80,80,80,80,80,80,80,80,80,80,80,80,80,80,80,80,80,80,80,80],"card_choices":[{"not_picked":["Choke","Outmaneuver"],"picked":"Terror","floor":1},{"not_picked":["PiercingWail","Eviscerate"],"picked":"Skewer","floor":2},{"not_picked":["Eviscerate","Infinite Blades"],"picked":"Backflip","floor":3},{"not_picked":["Eviscerate","Blur"],"picked":"Cloak And Dagger","floor":5},{"not_picked":["Dagger Spray","Expertise"],"picked":"All Out Attack","floor":10},{"not_picked":["Endless Agony","Prepared"],"picked":"PiercingWail","floor":12},{"not_picked":["Backflip","Dash"],"picked":"Poisoned Stab","floor":14},{"not_picked":["Unload","Doppelganger"],"picked":"Malaise","floor":16},{"not_picked":["Cloak And Dagger","Underhanded Strike+1"],"picked":"Dagger Throw","floor":18},{"not_picked":["Caltrops","Quick Slash"],"picked":"Dash","floor":19},{"not_picked":["Underhanded Strike","Cloak And Dagger","Accuracy"],"picked":"SKIP","floor":21},{"not_picked":["Prepared","Escape Plan"],"picked":"Deadly Poison+1","floor":22}],"player_experience":1010926,"relics_obtained":[{"floor":4,"key":"Mango"},{"floor":8,"key":"Odd Mushroom"},{"floor":9,"key":"Ornamental Fan"},{"floor":10,"key":"MawBank"},{"floor":19,"key":"Red Mask"}],"event_choices":[{"damage_healed":0,"gold_gain":0,"player_choice":"Left Gold","damage_taken":0,"max_hp_gain":0,"max_hp_loss":0,"event_name":"World of Goop","floor":7,"gold_loss":52},{"damage_healed":0,"gold_gain":0,"player_choice":"Fought Mushrooms","damage_taken":0,"max_hp_gain":0,"max_hp_loss":0,"event_name":"Mushrooms","floor":8,"gold_loss":0},{"damage_healed":0,"gold_gain":50,"player_choice":"Pray","damage_taken":0,"max_hp_gain":0,"max_hp_loss":0,"event_name":"Golden Shrine","floor":11,"gold_loss":0},{"damage_healed":0,"gold_gain":0,"player_choice":"Entered Light","damage_taken":24,"max_hp_gain":0,"max_hp_loss":0,"event_name":"Shining Light","floor":13,"gold_loss":0,"cards_upgraded":["Cloak And Dagger","Strike_G"]},{"damage_healed":0,"gold_gain":0,"player_choice":"Fought Bandits","damage_taken":0,"max_hp_gain":0,"max_hp_loss":0,"event_name":"Masked Bandits","floor":19,"gold_loss":0},{"cards_removed":["Strike_G"],"damage_healed":0,"gold_gain":0,"player_choice":"Purged","damage_taken":0,"max_hp_gain":0,"max_hp_loss":0,"event_name":"Purifier","floor":20,"gold_loss":0}],"is_beta":false,"boss_relics":[{"not_picked":["Snecko Eye","Philosopher\u0027s Stone"],"picked":"Fusion Hammer"}],"items_purged_floors":[],"is_endless":false,"potions_floor_spawned":[1,5,8,10,19,22],"killed_by":"Gremlin Leader","ascension_level":20}