{"gold_per_floor":[113,125,73,90,102,102,114,114,114,126,211,211,211,241,241,314,314,332,380,141,157,169,169,200,200,200,230,230,230,130,158,158,229,229,239,461,441,460,474,474,502,502,502,100,114,134,134,146,146,146],"floor_reached":51,"playtime":4108,"items_purged":["Pain","Writhe","Evolve"],"score":1242,"play_id":"dbeecfd7-7277-4c0a-b44a-847b4c83fa1b","local_time":"20190504125734","is_ascension_mode":true,"campfire_choices":[{"data":"Uppercut","floor":6.0,"key":"SMITH"},{"data":"Iron Wave","floor":8.0,"key":"SMITH"},{"data":"Armaments","floor":12.0,"key":"SMITH"},{"data":"Flame Barrier","floor":15.0,"key":"SMITH"},{"data":"Double Tap","floor":23.0,"key":"SMITH"},{"data":"Feed","floor":25.0,"key":"SMITH"},{"floor":29.0,"key":"REST"},{"floor":32.0,"key":"REST"},{"data":"Demon Form","floor":40.0,"key":"SMITH"},{"data":"Heavy Blade","floor":42.0,"key":"SMITH"},{"data":"Metallicize","floor":47.0,"key":"SMITH"},{"floor":49.0,"key":"REST"}],"neow_cost":"NONE","seed_source_timestamp":149453581565087,"circlet_count":0,"master_deck":["AscendersBane","Strike_R","Strike_R","Strike_R","Strike_R","Defend_R","Defend_R","Defend_R","Defend_R","Bash","Iron Wave+1","Uppercut+1","Shrug It Off","Flame Barrier+1","Headbutt","Sever Soul","Armaments+1","Sword Boomerang","Double Tap+1","Anger+1","Warcry","Feed+1","Headbutt","Demon Form+1","Heavy Blade+1","Battle Trance","Clumsy","Metallicize+1","Juggernaut"],"special_seed":0,"relics":["Burning Blood","Oddly Smooth Stone","Happy Flower","Tiny Chest","WarpedTongs","Ornamental Fan","Cursed Key","Orichalcum","Vajra","Charon\u0027s Ashes","Pantograph","Pen Nib","Red Mask","Empty Cage","Anchor","Bronze Scales","Bottled Tornado"],"potions_floor_usage":[50],"damage_taken":[{"damage":2.0,"enemies":"Cultist","floor":1.0,"turns":5.0},{"damage":10.0,"enemies":"Jaw Worm","floor":2.0,"turns":4.0},{"damage":0.0,"enemies":"Small Slimes","floor":4.0,"turns":4.0},{"damage":14.0,"enemies":"Exordium Thugs","floor":5.0,"turns":6.0},{"damage":2.0,"enemies":"Looter","floor":7.0,"turns":3.0},{"damage":14.0,"enemies":"3 Louse","floor":10.0,"turns":4.0},{"damage":4.0,"enemies":"Gremlin Nob","floor":11.0,"turns":3.0},{"damage":3.0,"enemies":"Gremlin Nob","floor":14.0,"turns":4.0},{"damage":40.0,"enemies":"The Guardian","floor":16.0,"turns":12.0},{"damage":6.0,"enemies":"Chosen","floor":18.0,"turns":4.0},{"damage":10.0,"enemies":"Shell Parasite","floor":21.0,"turns":4.0},{"damage":3.0,"enemies":"Chosen and Byrds","floor":22.0,"turns":4.0},{"damage":34.0,"enemies":"Slavers","floor":24.0,"turns":6.0},{"damage":32.0,"enemies":"Gremlin Leader","floor":27.0,"turns":9.0},{"damage":0.0,"enemies":"Masked Bandits","floor":31.0,"turns":2.0},{"damage":46.0,"enemies":"Automaton","floor":33.0,"turns":10.0},{"damage":7.0,"enemies":"3 Shapes","floor":35.0,"turns":9.0},{"damage":8.0,"enemies":"Orb Walker","floor":38.0,"turns":3.0},{"damage":6.0,"enemies":"Transient","floor":39.0,"turns":5.0},{"damage":12.0,"enemies":"Giant Head","floor":41.0,"turns":5.0},{"damage":15.0,"enemies":"Maw","floor":45.0,"turns":5.0},{"damage":19.0,"enemies":"Writhing Mass","floor":46.0,"turns":4.0},{"damage":19.0,"enemies":"3 Darklings","floor":48.0,"turns":3.0},{"damage":44,"enemies":"Time Eater","floor":50,"turns":8}],"seed_played":"4730231608016929174","potions_obtained":[{"floor":2.0,"key":"FearPotion"},{"floor":5.0,"key":"LiquidBronze"},{"floor":11.0,"key":"PowerPotion"},{"floor":21.0,"key":"BloodPotion"},{"floor":24.0,"key":"BloodPotion"},{"floor":27.0,"key":"Energy Potion"},{"floor":31.0,"key":"Weak Potion"},{"floor":35.0,"key":"Swift Potion"},{"floor":37.0,"key":"SkillPotion"},{"floor":39.0,"key":"Explosive Potion"},{"floor":46.0,"key":"PowerPotion"}],"is_trial":false,"path_per_floor":["M","M","$","M","M","R","M","R","T","M","?","R","?","E","R","B",null,"M","T","$","M","M","R","E","R","T","E","?","R","$","?","R","B",null,"M","?","?","M","M","R","E","R","T","$","M","M","R","M","R","B",null],"character_chosen":"IRONCLAD","items_purchased":["Shrug It Off","Vajra","Bottled Tornado"],"campfire_rested":3,"item_purchase_floors":[3,20,44],"current_hp_per_floor":[72,68,68,74,66,66,70,70,70,62,64,64,64,67,67,33,65,65,65,65,61,71,71,46,46,46,27,27,50,50,56,78,38,68,71,71,71,69,69,69,67,67,67,67,62,49,49,36,63,50],"gold":146,"neow_bonus":"RANDOM_COMMON_RELIC","is_prod":false,"is_daily":false,"chose_seed":false,"campfire_upgraded":9,"win_rate":0,"timestamp":1556999854,"path_taken":["M","M","$","M","M","R","M","R","T","?","?","R","?","E","R","BOSS","M","?","$","M","M","R","E","R","T","E","?","R","$","?","R","BOSS","M","?","?","M","M","R","E","R","T","$","M","?","R","M","R","BOSS"],"build_version":"2019-01-23","purchased_purges":3,"victory":true,"max_hp_per_floor":[75,75,75,75,75,75,75,75,75,75,75,75,75,75,75,75,75,75,75,75,75,75,75,78,78,78,78,78,78,78,78,78,78,78,82,82,82,82,82,82,86,86,86,86,90,90,90,90,90,90],"card_choices":[{"not_picked":["Twin Strike","Thunderclap"],"picked":"Iron Wave","floor":1.0},{"not_picked":["Searing Blow","Whirlwind"],"picked":"Uppercut","floor":2.0},{"not_picked":["Armaments","Warcry"],"picked":"Flame Barrier","floor":4.0},{"not_picked":["Perfected Strike","Thunderclap"],"picked":"Evolve","floor":5.0},{"not_picked":["Perfected Strike","Heavy Blade"],"picked":"Headbutt","floor":7.0},{"not_picked":["Heavy Blade","Bloodletting"],"picked":"Sever Soul","floor":10.0},{"not_picked":["Havoc","Bloodletting"],"picked":"Armaments","floor":11.0},{"not_picked":["Clash","Dual Wield"],"picked":"Sword Boomerang","floor":14.0},{"not_picked":["Berserk","Brutality"],"picked":"Double Tap","floor":16.0},{"not_picked":["Combust","Twin Strike+1"],"picked":"Anger+1","floor":18.0},{"not_picked":["Flame Barrier","Havoc"],"picked":"Warcry","floor":21.0},{"not_picked":["Clash","Evolve"],"picked":"Feed","floor":22.0},{"not_picked":["Dual Wield","Sword Boomerang","Whirlwind"],"picked":"SKIP","floor":24.0},{"not_picked":["Body Slam","Combust","Clothesline"],"picked":"SKIP","floor":27.0},{"not_picked":["Evolve","Juggernaut"],"picked":"Headbutt","floor":31.0},{"not_picked":["Offering","Exhume"],"picked":"Demon Form","floor":33.0},{"not_picked":["Rage","Havoc"],"picked":"Heavy Blade","floor":35.0},{"not_picked":["Clash+1","Iron Wave"],"picked":"Battle Trance","floor":38.0},{"not_picked":["Clash+1","Havoc+1","Uppercut"],"picked":"SKIP","floor":39.0},{"not_picked":["Corruption","Fire Breathing","Sword Boomerang"],"picked":"SKIP","floor":41.0},{"not_picked":["Pommel Strike","Flame Barrier+1"],"picked":"Metallicize","floor":45.0},{"not_picked":["Perfected Strike","Armaments"],"picked":"Juggernaut","floor":46.0},{"not_picked":["Wild Strike","Clash","True Grit"],"picked":"SKIP","floor":48.0}],"player_experience":636582,"relics_obtained":[{"floor":9.0,"key":"Happy Flower"},{"floor":14.0,"key":"Ornamental Fan"},{"floor":19.0,"key":"Orichalcum"},{"floor":24.0,"key":"Charon\u0027s Ashes"},{"floor":26.0,"key":"Pantograph"},{"floor":27.0,"key":"Pen Nib"},{"floor":31.0,"key":"Red Mask"},{"floor":41.0,"key":"Anchor"},{"floor":43.0,"key":"Bronze Scales"}],"event_choices":[{"damage_healed":0.0,"max_hp_gain":0.0,"max_hp_loss":0.0,"gold_gain":0.0,"event_name":"Dead Adventurer","player_choice":"Searched \u00272\u0027 times","floor":11.0,"gold_loss":0.0,"damage_taken":0.0,"relics_obtained":["Tiny Chest"]},{"damage_healed":0.0,"max_hp_gain":0.0,"max_hp_loss":0.0,"gold_gain":0.0,"event_name":"Accursed Blacksmith","player_choice":"Rummage","floor":13.0,"gold_loss":0.0,"damage_taken":0.0,"relics_obtained":["WarpedTongs"],"cards_obtained":["Pain"]},{"damage_healed":0.0,"max_hp_gain":0.0,"max_hp_loss":0.0,"gold_gain":0.0,"event_name":"Ghosts","player_choice":"Ignored","floor":28.0,"gold_loss":0.0,"damage_taken":0.0},{"damage_healed":0.0,"max_hp_gain":0.0,"max_hp_loss":0.0,"gold_gain":0.0,"event_name":"Masked Bandits","player_choice":"Fought Bandits","floor":31.0,"gold_loss":0.0,"damage_taken":0.0},{"damage_healed":0.0,"max_hp_gain":0.0,"max_hp_loss":0.0,"gold_gain":222.0,"event_name":"Tomb of Lord Red Mask","player_choice":"Wore Mask","floor":36.0,"gold_loss":0.0,"damage_taken":0.0},{"damage_healed":0.0,"max_hp_gain":0.0,"max_hp_loss":0.0,"gold_gain":0.0,"event_name":"The Woman in Blue","player_choice":"Bought 1 Potion","floor":37.0,"gold_loss":0.0,"damage_taken":0.0}],"is_beta":false,"boss_relics":[{"not_picked":["Runic Pyramid","Pandora\u0027s Box"],"picked":"Cursed Key"},{"not_picked":["Lizard Tail","Snecko Eye"],"picked":"Empty Cage"}],"items_purged_floors":[20,30,44],"is_endless":false,"potions_floor_spawned":[2,5,11,21,24,27,31,35,39,46],"ascension_level":16}