{"gold_per_floor":[119,133,133,19,36,70,70,70,143,143,154,104,104,104],"floor_reached":14,"playtime":577,"items_purged":["Strike_G"],"score":132,"play_id":"1ed22098-fcd4-485c-b99e-9e05ebde271c","local_time":"20190331143138","is_ascension_mode":true,"campfire_choices":[{"data":"Caltrops","floor":7,"key":"SMITH"},{"data":"Well Laid Plans","floor":13,"key":"SMITH"}],"neow_cost":"NONE","seed_source_timestamp":575332883268827,"circlet_count":0,"master_deck":["AscendersBane","Defend_G","Defend_G","Defend_G","Defend_G","Defend_G+1","Strike_G","Strike_G+1","Strike_G","Survivor","Neutralize","Caltrops+1","Dodge and Roll","Well Laid Plans+1"],"relics":["Ring of the Snake","Juzu Bracelet","Kunai"],"potions_floor_usage":[6,11,14],"damage_taken":[{"damage":0,"enemies":"Jaw Worm","floor":1,"turns":5},{"damage":0,"enemies":"2 Louse","floor":2,"turns":3},{"damage":0,"enemies":"Cultist","floor":5,"turns":5},{"damage":31,"enemies":"3 Sentries","floor":6,"turns":12},{"damage":2,"enemies":"Large Slime","floor":11,"turns":10},{"damage":47,"enemies":"Gremlin Nob","floor":14,"turns":5}],"seed_played":"-4758801331623291061","potions_obtained":[{"floor":2,"key":"Regen Potion"},{"floor":5,"key":"Poison Potion"},{"floor":11,"key":"FearPotion"}],"is_trial":false,"path_per_floor":["M","M","?","$","M","E","R","?","T","?","M","?","R","E"],"character_chosen":"THE_SILENT","items_purchased":["Caltrops"],"campfire_rested":0,"item_purchase_floors":[4],"current_hp_per_floor":[70,70,55,55,55,39,39,39,39,39,37,37,37,0],"gold":104,"neow_bonus":"TEN_PERCENT_HP_BONUS","is_prod":false,"is_daily":false,"chose_seed":false,"campfire_upgraded":2,"win_rate":0,"timestamp":1554035498,"path_taken":["M","M","?","$","M","E","R","?","T","?","M","?","R","E"],"build_version":"2019-01-23","purchased_purges":1,"victory":false,"max_hp_per_floor":[77,77,77,77,77,77,77,77,77,77,77,77,77,77],"card_choices":[{"not_picked":["Prepared","Underhanded Strike","Sucker Punch"],"picked":"SKIP","floor":1},{"not_picked":["Outmaneuver","Blade Dance","Slice"],"picked":"SKIP","floor":2},{"not_picked":["Sucker Punch","Endless Agony"],"picked":"Dodge and Roll","floor":5},{"not_picked":["PiercingWail","Wraith Form v2"],"picked":"Well Laid Plans","floor":6},{"not_picked":["Sucker Punch","Prepared","Cloak And Dagger"],"picked":"SKIP","floor":11}],"player_experience":398539,"relics_obtained":[{"floor":6,"key":"Juzu Bracelet"},{"floor":9,"key":"Kunai"}],"event_choices":[{"damage_healed":0,"gold_gain":0,"player_choice":"Entered Light","damage_taken":15,"max_hp_gain":0,"max_hp_loss":0,"event_name":"Shining Light","floor":3,"gold_loss":0,"cards_upgraded":["Defend_G","Strike_G"]},{"damage_healed":0,"gold_gain":0,"cards_transformed":["Strike_G"],"player_choice":"Transformed","damage_taken":0,"max_hp_gain":0,"max_hp_loss":0,"event_name":"Transmorgrifier","floor":8,"gold_loss":0,"cards_obtained":["Grand Finale"]},{"damage_healed":0,"gold_gain":0,"player_choice":"Ignored","damage_taken":0,"max_hp_gain":0,"max_hp_loss":0,"event_name":"Liars Game","floor":10,"gold_loss":0},{"cards_removed":["Grand Finale"],"damage_healed":0,"gold_gain":0,"player_choice":"Card Removal","damage_taken":0,"max_hp_gain":0,"max_hp_loss":0,"event_name":"The Cleric","floor":12,"gold_loss":50}],"is_beta":false,"boss_relics":[],"items_purged_floors":[4],"is_endless":false,"potions_floor_spawned":[2,5,11],"killed_by":"Gremlin Nob","ascension_level":10}