{"gold_per_floor":[109,126,51,51,72,72,92,92,92,123,198,198,211,232,232,232],"floor_reached":16,"playtime":551,"items_purged":["Strike_R"],"score":92,"play_id":"0012d282-4b15-42d9-91e5-2fe7fe76160e","local_time":"20190511204014","is_ascension_mode":false,"campfire_choices":[{"data":"Shrug It Off","floor":6,"key":"SMITH"},{"data":"Body Slam","floor":8,"key":"SMITH"},{"floor":12,"key":"REST"},{"floor":15,"key":"DIG"}],"neow_cost":"NONE","seed_source_timestamp":437156118302067,"circlet_count":0,"master_deck":["Strike_R","Strike_R","Strike_R","Strike_R","Defend_R","Defend_R","Defend_R","Defend_R","Bash","Shrug It Off+1","Body Slam+1"],"relics":["Burning Blood","Golden Idol","Shovel","Odd Mushroom","Unceasing Top"],"potions_floor_usage":[16,16],"damage_taken":[{"damage":11,"enemies":"Jaw Worm","floor":1,"turns":3},{"damage":0,"enemies":"Small Slimes","floor":2,"turns":3},{"damage":2,"enemies":"2 Louse","floor":5,"turns":4},{"damage":28,"enemies":"Gremlin Gang","floor":7,"turns":5},{"damage":8,"enemies":"The Mushroom Lair","floor":10,"turns":5},{"damage":4,"enemies":"Exordium Wildlife","floor":13,"turns":6},{"damage":5,"enemies":"2 Fungi Beasts","floor":14,"turns":4},{"damage":64,"enemies":"Hexaghost","floor":16,"turns":12}],"seed_played":"-5707744075311784396","potions_obtained":[{"floor":2,"key":"Weak Potion"},{"floor":7,"key":"AttackPotion"}],"is_trial":false,"path_per_floor":["M","M","$","?","M","R","M","R","T","?","?","R","M","M","R","B"],"character_chosen":"IRONCLAD","items_purchased":[],"campfire_rested":1,"item_purchase_floors":[],"current_hp_per_floor":[83,88,88,66,70,70,48,48,48,46,35,61,63,64,64,0],"gold":232,"neow_bonus":"TEN_PERCENT_HP_BONUS","is_prod":false,"is_daily":false,"chose_seed":false,"campfire_upgraded":2,"win_rate":0,"timestamp":1557621614,"path_taken":["M","M","$","?","M","R","M","R","T","?","?","R","M","M","R","BOSS"],"build_version":"2019-01-23","purchased_purges":1,"victory":false,"max_hp_per_floor":[88,88,88,88,88,88,88,88,88,88,88,88,88,88,88,88],"card_choices":[{"not_picked":["Anger","Clothesline"],"picked":"Shrug It Off","floor":1},{"not_picked":["Carnage","Warcry"],"picked":"Body Slam","floor":2},{"not_picked":["Dual Wield","Headbutt","Pommel Strike"],"picked":"SKIP","floor":5},{"not_picked":["Flex","Intimidate","Warcry"],"picked":"SKIP","floor":7},{"not_picked":["Warcry","Clothesline","Shrug It Off"],"picked":"SKIP","floor":13},{"not_picked":["Heavy Blade","Cleave","Exhume"],"picked":"SKIP","floor":14}],"player_experience":129154,"relics_obtained":[{"floor":9,"key":"Shovel"},{"floor":10,"key":"Odd Mushroom"},{"floor":15,"key":"Unceasing Top"}],"event_choices":[{"damage_healed":0,"gold_gain":0,"player_choice":"Take Damage","damage_taken":22,"relics_obtained":["Golden Idol"],"max_hp_gain":0,"max_hp_loss":0,"event_name":"Golden Idol","floor":4,"gold_loss":0},{"damage_healed":0,"gold_gain":0,"player_choice":"Fought Mushrooms","damage_taken":0,"max_hp_gain":0,"max_hp_loss":0,"event_name":"Mushrooms","floor":10,"gold_loss":0},{"damage_healed":0,"gold_gain":75,"player_choice":"Gather Gold","damage_taken":11,"max_hp_gain":0,"max_hp_loss":0,"event_name":"World of Goop","floor":11,"gold_loss":0}],"is_beta":false,"boss_relics":[],"items_purged_floors":[3],"is_endless":false,"potions_floor_spawned":[2,7],"killed_by":"Hexaghost","ascension_level":0}