{"gold_per_floor":[119,36,36,56,6,6,22,22,22,53,203,218,218,228,228,305,305,318,318,328,308,319,319,244,244,326,326,338,338],"floor_reached":29,"playtime":578,"items_purged":["Strike_B"],"score":435,"play_id":"ce4d89f2-0bb9-4046-b514-db8d60fd99cc","local_time":"20190410224402","is_ascension_mode":true,"campfire_choices":[{"data":"Defragment","floor":6,"key":"SMITH"},{"data":"Defragment","floor":8,"key":"SMITH"},{"floor":15,"key":"REST"},{"data":"Loop","floor":23,"key":"SMITH"},{"floor":25,"key":"REST"},{"data":"Coolheaded","floor":27,"key":"SMITH"}],"neow_cost":"NONE","seed_source_timestamp":6626069594900,"circlet_count":0,"master_deck":["AscendersBane","Strike_B","Strike_B","Defend_B","Defend_B","Defend_B","Defend_B","Zap","Dualcast","Streamline","Defragment+1","Defragment+1","Rebound","Coolheaded+1","Redo","Seek","Go for the Eyes","Rebound","Loop+1","Conserve Battery"],"relics":["Cracked Core","NeowsBlessing","WarpedTongs","Mercury Hourglass","Boot","Empty Cage","Tiny Chest"],"potions_floor_usage":[10,10,16,20,28],"damage_taken":[{"damage":0,"enemies":"Cultist","floor":1,"turns":1},{"damage":0,"enemies":"Small Slimes","floor":4,"turns":1},{"damage":0,"enemies":"2 Louse","floor":7,"turns":1},{"damage":11,"enemies":"Gremlin Nob","floor":10,"turns":3},{"damage":17,"enemies":"Exordium Thugs","floor":12,"turns":4},{"damage":12,"enemies":"Exordium Wildlife","floor":14,"turns":3},{"damage":25,"enemies":"Hexaghost","floor":16,"turns":10},{"damage":12,"enemies":"3 Byrds","floor":18,"turns":5},{"damage":12,"enemies":"Spheric Guardian","floor":20,"turns":4},{"damage":8,"enemies":"Snecko","floor":22,"turns":4},{"damage":27,"enemies":"Snake Plant","floor":28,"turns":4},{"damage":23,"enemies":"Book of Stabbing","floor":29,"turns":2}],"seed_played":"-8299920613303451249","potions_obtained":[{"floor":4,"key":"AttackPotion"},{"floor":7,"key":"Strength Potion"},{"floor":10,"key":"FocusPotion"},{"floor":16,"key":"GamblersBrew"},{"floor":18,"key":"Regen Potion"},{"floor":21,"key":"LiquidBronze"},{"floor":22,"key":"Fire Potion"}],"is_trial":false,"path_per_floor":["M","$","?","M","$","R","M","R","T","E","?","M","?","M","R","B",null,"M","?","M","?","M","R","$","R","T","R","M","E"],"character_chosen":"DEFECT","items_purchased":["Defragment","Rebound"],"campfire_rested":2,"item_purchase_floors":[2,5],"current_hp_per_floor":[64,64,64,64,64,64,64,64,64,53,53,36,36,24,45,20,58,46,36,24,24,16,16,16,37,37,37,19,0],"gold":338,"neow_bonus":"THREE_ENEMY_KILL","is_prod":false,"is_daily":false,"chose_seed":false,"campfire_upgraded":4,"win_rate":0,"timestamp":1554929042,"path_taken":["M","$","?","?","?","R","M","R","T","E","?","M","?","?","R","BOSS","M","?","?","?","M","R","$","R","T","R","M","E"],"build_version":"2019-01-23","purchased_purges":1,"victory":false,"max_hp_per_floor":[71,71,71,71,71,71,71,71,71,71,71,71,71,71,71,71,71,71,71,71,71,71,71,71,71,71,71,71,71],"card_choices":[{"not_picked":["Leap","Sweeping Beam"],"picked":"Streamline","floor":1},{"not_picked":["Lockon","Ball Lightning"],"picked":"Defragment","floor":4},{"not_picked":["Cold Snap","Turbo","Hello World"],"picked":"SKIP","floor":7},{"not_picked":["Rip and Tear","Meteor Strike","Stack"],"picked":"SKIP","floor":10},{"not_picked":["Go for the Eyes","Beam Cell"],"picked":"Coolheaded","floor":12},{"not_picked":["Stack","Go for the Eyes","Hologram"],"picked":"SKIP","floor":14},{"not_picked":["Creative AI","All For One"],"picked":"Seek","floor":16},{"not_picked":["Streamline","Blizzard"],"picked":"Go for the Eyes","floor":18},{"not_picked":["Turbo","Doom and Gloom"],"picked":"Rebound","floor":20},{"not_picked":["Cold Snap","Rebound"],"picked":"Loop","floor":22},{"not_picked":["Redo","Hologram"],"picked":"Conserve Battery","floor":28}],"player_experience":529888,"relics_obtained":[{"floor":9,"key":"Mercury Hourglass"},{"floor":10,"key":"Boot"},{"floor":26,"key":"Tiny Chest"}],"event_choices":[{"damage_healed":0,"gold_gain":0,"player_choice":"Rummage","damage_taken":0,"relics_obtained":["WarpedTongs"],"max_hp_gain":0,"max_hp_loss":0,"event_name":"Accursed Blacksmith","floor":3,"gold_loss":0,"cards_obtained":["Pain"]},{"damage_healed":0,"gold_gain":150,"player_choice":"AGREE","damage_taken":0,"max_hp_gain":0,"max_hp_loss":0,"event_name":"Liars Game","floor":11,"gold_loss":0,"cards_obtained":["Doubt"]},{"damage_healed":0,"gold_gain":0,"cards_transformed":["Strike_B"],"player_choice":"Transformed","damage_taken":0,"max_hp_gain":0,"max_hp_loss":0,"event_name":"Transmorgrifier","floor":13,"gold_loss":0,"cards_obtained":["Redo"]},{"damage_healed":0,"gold_gain":0,"player_choice":"Damaged","damage_taken":10,"max_hp_gain":0,"max_hp_loss":0,"event_name":"Wheel of Change","floor":19,"gold_loss":0},{"damage_healed":0,"gold_gain":0,"player_choice":"Bought 1 Potion","damage_taken":0,"max_hp_gain":0,"max_hp_loss":0,"event_name":"The Woman in Blue","floor":21,"gold_loss":0}],"is_beta":false,"boss_relics":[{"not_picked":["Inserter","Runic Pyramid"],"picked":"Empty Cage"}],"items_purged_floors":[24],"is_endless":false,"potions_floor_spawned":[4,7,10,16,18,22],"killed_by":"Book of Stabbing","ascension_level":19}