{"gold_per_floor":[111,123,198,218,228,228,262,262,262,294,294,73,73,84,84,84],"floor_reached":16,"playtime":925,"items_purged":["Parasite"],"score":190,"play_id":"7c7a0f34-2fec-4896-98d2-381140592814","local_time":"20190325170651","is_ascension_mode":true,"campfire_choices":[{"data":"Dash","floor":6,"key":"SMITH"},{"floor":8,"key":"REST"},{"floor":15,"key":"REST"}],"neow_cost":"NONE","seed_source_timestamp":69483408831666,"circlet_count":0,"master_deck":["AscendersBane","Defend_G","Defend_G","Defend_G","Defend_G","Defend_G","Strike_G","Strike_G","Strike_G","Strike_G","Survivor","Neutralize","Dash+1","Deadly Poison","Footwork","Infinite Blades","Crippling Poison"],"relics":["Ring of the Snake","Thread and Needle","Mango","Mummified Hand"],"potions_floor_usage":[7,10,16],"damage_taken":[{"damage":1,"enemies":"Small Slimes","floor":1,"turns":4},{"damage":3,"enemies":"2 Louse","floor":2,"turns":4},{"damage":2,"enemies":"Jaw Worm","floor":4,"turns":3},{"damage":19,"enemies":"Lots of Slimes","floor":5,"turns":6},{"damage":18,"enemies":"3 Sentries","floor":7,"turns":11},{"damage":49,"enemies":"Gremlin Nob","floor":10,"turns":7},{"damage":7,"enemies":"Large Slime","floor":14,"turns":7},{"damage":50,"enemies":"Slime Boss","floor":16,"turns":10}],"seed_played":"-7270994532634952120","potions_obtained":[{"floor":4,"key":"Dexterity Potion"},{"floor":7,"key":"Dexterity Potion"},{"floor":10,"key":"SteroidPotion"}],"is_trial":false,"path_per_floor":["M","M","?","M","M","R","E","R","T","E","?","$","?","M","R","B"],"character_chosen":"THE_SILENT","items_purchased":["Infinite Blades","Crippling Poison"],"campfire_rested":2,"item_purchase_floors":[12,12],"current_hp_per_floor":[69,66,55,53,34,34,16,39,53,4,26,26,26,19,45,0],"gold":84,"neow_bonus":"TEN_PERCENT_HP_BONUS","is_prod":false,"is_daily":false,"chose_seed":false,"campfire_upgraded":1,"win_rate":0,"timestamp":1553530011,"path_taken":["M","M","?","M","M","R","E","R","T","E","?","$","?","M","R","BOSS"],"build_version":"2019-01-23","purchased_purges":1,"victory":false,"max_hp_per_floor":[77,77,77,77,77,77,77,77,91,91,91,88,88,88,88,88],"card_choices":[{"not_picked":["Flying Knee","Bane"],"picked":"Dash","floor":1},{"not_picked":["Cloak And Dagger","Eviscerate","Heel Hook"],"picked":"SKIP","floor":2},{"not_picked":["Sucker Punch","Eviscerate","Dagger Throw"],"picked":"SKIP","floor":4},{"not_picked":["Flying Knee","Leg Sweep"],"picked":"Deadly Poison","floor":5},{"not_picked":["Outmaneuver","Eviscerate","Endless Agony"],"picked":"SKIP","floor":7},{"not_picked":["PiercingWail","Reflex"],"picked":"Footwork","floor":10},{"not_picked":["Backflip","Expertise","Prepared"],"picked":"SKIP","floor":14}],"player_experience":374624,"relics_obtained":[{"floor":7,"key":"Thread and Needle"},{"floor":9,"key":"Mango"},{"floor":10,"key":"Mummified Hand"}],"event_choices":[{"damage_healed":0,"gold_gain":75,"player_choice":"Gather Gold","damage_taken":11,"max_hp_gain":0,"max_hp_loss":0,"event_name":"World of Goop","floor":3,"gold_loss":0},{"damage_healed":22,"gold_gain":0,"player_choice":"Healed and dodged fight","damage_taken":0,"max_hp_gain":0,"max_hp_loss":0,"event_name":"Mushrooms","floor":11,"gold_loss":0,"cards_obtained":["Parasite"]},{"cards_removed":["Strike_G"],"damage_healed":0,"gold_gain":0,"player_choice":"Purged","damage_taken":0,"max_hp_gain":0,"max_hp_loss":0,"event_name":"Purifier","floor":13,"gold_loss":0}],"is_beta":false,"boss_relics":[],"items_purged_floors":[12],"is_endless":false,"potions_floor_spawned":[4,7,10],"killed_by":"Slime Boss","ascension_level":10}