{"gold_per_floor":[114,214,230,243,243,243,275,287,299,328,3,3,22,36,36,132,182,201,46,146,166,186,186,198,123,123,140,66,77,26,38,38,133,133,151,251,59,69,83,83],"floor_reached":40,"playtime":980,"items_purged":[],"score":392,"play_id":"b048417e-b10c-4ae8-9189-1bbf651d0992","local_time":"20190504164412","is_ascension_mode":false,"campfire_choices":[{"data":"Bash","floor":6,"key":"SMITH"},{"data":"Whirlwind","floor":8,"key":"SMITH"},{"data":"Combust","floor":12,"key":"SMITH"},{"data":"Anger","floor":15,"key":"SMITH"},{"data":"Offering","floor":23,"key":"SMITH"},{"floor":32,"key":"REST"}],"neow_cost":"NONE","seed_source_timestamp":82430941891400,"circlet_count":0,"master_deck":["Strike_R","Strike_R","Strike_R","Defend_R","Defend_R","Defend_R","Bash+1","Anger+1","Shrug It Off+1","Anger","Whirlwind+1","Combust+1","Feel No Pain","Offering+1","Cleave+1","Pommel Strike+1","Headbutt+1","Inflame","Corruption+1","Limit Break","Shrug It Off","Juggernaut+1","Body Slam+1","Armaments+1","Thunderclap+1","Metallicize+1","Iron Wave+1"],"relics":["Burning Blood","NeowsBlessing","MawBank","Pantograph","Bag of Marbles","Blood Vial","Tiny House","Lantern","Frozen Egg 2","Astrolabe","Incense Burner","ClockworkSouvenir"],"potions_floor_usage":[13,22,29,31,33,36,39,40],"damage_taken":[{"damage":0,"enemies":"2 Louse","floor":1,"turns":1},{"damage":0,"enemies":"Cultist","floor":3,"turns":1},{"damage":0,"enemies":"Small Slimes","floor":4,"turns":1},{"damage":23,"enemies":"Lagavulin","floor":7,"turns":5},{"damage":0,"enemies":"Gremlin Gang","floor":10,"turns":2},{"damage":15,"enemies":"Red Slaver","floor":13,"turns":3},{"damage":0,"enemies":"Lots of Slimes","floor":14,"turns":1},{"damage":10,"enemies":"Slime Boss","floor":16,"turns":6},{"damage":33,"enemies":"Spheric Guardian","floor":18,"turns":4},{"damage":6,"enemies":"2 Thieves","floor":21,"turns":1},{"damage":8,"enemies":"Centurion and Healer","floor":22,"turns":3},{"damage":6,"enemies":"Cultist and Chosen","floor":24,"turns":3},{"damage":31,"enemies":"Shelled Parasite and Fungi","floor":27,"turns":3},{"damage":0,"enemies":"Snecko","floor":29,"turns":3},{"damage":17,"enemies":"Snake Plant","floor":31,"turns":2},{"damage":74,"enemies":"Automaton","floor":33,"turns":7},{"damage":6,"enemies":"Orb Walker","floor":35,"turns":1},{"damage":54,"enemies":"Mind Bloom Boss Battle","floor":36,"turns":8},{"damage":6,"enemies":"3 Darklings","floor":38,"turns":2},{"damage":24,"enemies":"4 Shapes","floor":39,"turns":4},{"damage":41,"enemies":"Giant Head","floor":40,"turns":5}],"seed_played":"-1086659253232409346","potions_obtained":[{"floor":1,"key":"Fire Potion"},{"floor":5,"key":"Poison Potion"},{"floor":5,"key":"SteroidPotion"},{"floor":5,"key":"Fruit Juice"},{"floor":14,"key":"EssenceOfSteel"},{"floor":27,"key":"SneckoOil"},{"floor":33,"key":"AttackPotion"},{"floor":38,"key":"Explosive Potion"}],"is_trial":false,"path_per_floor":["M","?","M","M","?","R","E","R","T","M","$","R","M","M","R","B",null,"M","$","?","M","M","R","M","$","T","M","$","M","$","M","R","B",null,"M","?","$","M","M","E"],"character_chosen":"IRONCLAD","items_purchased":["Bag of Marbles","Blood Vial","Combust","Lantern","Inflame","Limit Break","Explosive Potion","ClockworkSouvenir"],"campfire_rested":1,"item_purchase_floors":[11,11,11,19,25,28,30,37],"current_hp_per_floor":[80,80,80,80,80,80,63,63,63,69,69,69,67,75,75,81,90,63,63,63,65,65,65,67,67,67,44,44,52,52,43,70,22,90,90,42,42,44,28,0],"gold":83,"neow_bonus":"THREE_ENEMY_KILL","is_prod":false,"is_daily":false,"chose_seed":false,"campfire_upgraded":5,"win_rate":0,"timestamp":1557002652,"path_taken":["M","?","?","M","?","R","E","R","T","M","$","R","?","M","R","BOSS","M","$","?","?","M","R","M","?","T","M","?","?","?","M","R","BOSS","M","?","$","M","M","E"],"build_version":"2019-01-23","purchased_purges":0,"victory":false,"max_hp_per_floor":[80,80,80,80,80,80,80,80,80,80,80,80,85,85,85,85,90,90,90,90,90,90,90,90,90,90,90,90,90,90,90,90,90,90,90,90,90,90,90,90],"card_choices":[{"not_picked":["Rage","Havoc"],"picked":"Anger","floor":1},{"not_picked":["Pummel","Body Slam"],"picked":"Shrug It Off","floor":3},{"not_picked":["Body Slam","Seeing Red"],"picked":"Anger","floor":4},{"not_picked":["Flame Barrier","Rupture"],"picked":"Whirlwind","floor":7},{"not_picked":["Heavy Blade","Clash","Reckless Charge"],"picked":"SKIP","floor":10},{"not_picked":["True Grit","Havoc","Second Wind"],"picked":"SKIP","floor":13},{"not_picked":["Dark Embrace","Wild Strike"],"picked":"Feel No Pain","floor":14},{"not_picked":["Barricade","Fiend Fire"],"picked":"Offering","floor":16},{"not_picked":["Reckless Charge","Rampage"],"picked":"Cleave+1","floor":18},{"not_picked":["Burning Pact","Warcry+1","Sever Soul+1"],"picked":"SKIP","floor":21},{"not_picked":["Sword Boomerang+1","Combust"],"picked":"Pommel Strike+1","floor":22},{"not_picked":["Clothesline","Feel No Pain"],"picked":"Headbutt+1","floor":24},{"not_picked":["Heavy Blade","Clash"],"picked":"Corruption+1","floor":27},{"not_picked":["Rage","Anger","Perfected Strike"],"picked":"SKIP","floor":29},{"not_picked":["Reckless Charge","Perfected Strike"],"picked":"Shrug It Off","floor":31},{"not_picked":["Dark Embrace+1","Bludgeon"],"picked":"Juggernaut+1","floor":33},{"not_picked":["True Grit+1","Disarm","Rampage"],"picked":"SKIP","floor":35},{"not_picked":["Sword Boomerang+1","Clash+1"],"picked":"Metallicize+1","floor":36},{"not_picked":["Perfected Strike","Armaments+1","Flex+1"],"picked":"SKIP","floor":38},{"not_picked":["Perfected Strike","Armaments+1","Flex+1"],"picked":"SKIP","floor":38},{"not_picked":["Rampage+1","Body Slam+1"],"picked":"Iron Wave+1","floor":39}],"player_experience":87562,"relics_obtained":[{"floor":7,"key":"MawBank"},{"floor":9,"key":"Pantograph"},{"floor":26,"key":"Frozen Egg 2"},{"floor":36,"key":"Incense Burner"}],"event_choices":[{"damage_healed":0,"gold_gain":100,"player_choice":"Gold","damage_taken":0,"max_hp_gain":0,"max_hp_loss":0,"event_name":"Wheel of Change","floor":2,"gold_loss":0},{"damage_healed":0,"gold_gain":0,"player_choice":"Got Potions","damage_taken":0,"max_hp_gain":0,"max_hp_loss":0,"event_name":"Lab","floor":5,"gold_loss":0},{"damage_healed":0,"gold_gain":100,"player_choice":"Pray","damage_taken":0,"max_hp_gain":0,"max_hp_loss":0,"event_name":"Golden Shrine","floor":20,"gold_loss":0},{"damage_healed":0,"gold_gain":0,"player_choice":"Fight","damage_taken":0,"max_hp_gain":0,"max_hp_loss":0,"event_name":"MindBloom","floor":36,"gold_loss":0}],"is_beta":false,"boss_relics":[{"not_picked":["White Beast Statue","Orrery"],"picked":"Tiny House"},{"not_picked":["Philosopher\u0027s Stone","Eternal Feather"],"picked":"Astrolabe"}],"items_purged_floors":[],"is_endless":false,"potions_floor_spawned":[1,7,14,16,18,27,33,38],"killed_by":"Giant Head","ascension_level":0}