{"gold_per_floor":[109,123,138,158,178,178,203,203,203,234,309,322,335,335,335,406,406,422,436,463,198,213,213,240,240,265,277,300,312,335,359,371,461,473,499,521,543,45,45,45,75,75,155,187,202,202,237,459,459,459],"floor_reached":51,"playtime":6523,"items_purged":["Strike_G"],"score":1476,"play_id":"098f1d6f-94ae-490c-8e95-a03cc76d3476","local_time":"20190512173936","is_ascension_mode":true,"campfire_choices":[{"data":"Infinite Blades","floor":6.0,"key":"SMITH"},{"floor":8.0,"key":"REST"},{"floor":15.0,"key":"REST"},{"data":"Neutralize","floor":23.0,"key":"SMITH"},{"floor":27.0,"key":"REST"},{"data":"A Thousand Cuts","floor":29.0,"key":"SMITH"},{"data":"Wraith Form v2","floor":32.0,"key":"SMITH"},{"floor":40.0,"key":"REST"},{"data":"Cloak And Dagger","floor":46.0,"key":"SMITH"},{"data":"Cloak And Dagger","floor":49,"key":"SMITH"}],"neow_cost":"NONE","seed_source_timestamp":0,"circlet_count":0,"master_deck":["AscendersBane","Defend_G","Defend_G","Defend_G","Strike_G","Strike_G","Survivor","Neutralize+1","Cloak And Dagger+1","Infinite Blades+1","Dash","Cloak And Dagger+1","Unload","Flying Knee","A Thousand Cuts+1","Dodge and Roll+1","Prepared+1","Blade Dance+1","Terror+1","Malaise+1","Blur+1","Dagger Throw","Well Laid Plans","Wraith Form v2+1","Underhanded Strike","Blur+1","Flying Knee+1","Sucker Punch+1","Distraction+1","Backflip+1","Adrenaline+1","Choke","Crippling Poison+1","Blur+1","Burst+1","Cloak And Dagger+1","Bane+1","Reflex+1","Leg Sweep+1","Acrobatics+1","Blade Dance+1","Deadly Poison+1","Quick Slash+1","Cloak And Dagger+1","Backflip+1","Violence+1","Distraction+1","Acrobatics+1","Prepared+1","Leg Sweep+1","Prepared+1"],"special_seed":0,"relics":["Eternal Feather","Paper Crane","Toxic Egg 2","Prayer Wheel","Sozu","Red Mask","Mercury Hourglass","Darkstone Periapt","MawBank","Astrolabe","Bronze Scales","Shuriken","Frozen Egg 2","Meat on the Bone","PreservedInsect"],"potions_floor_usage":[],"damage_taken":[{"damage":7.0,"enemies":"Cultist","floor":1.0,"turns":5.0},{"damage":0.0,"enemies":"2 Louse","floor":2.0,"turns":5.0},{"damage":10.0,"enemies":"Jaw Worm","floor":3.0,"turns":6.0},{"damage":5.0,"enemies":"Looter","floor":4.0,"turns":4.0},{"damage":2.0,"enemies":"3 Louse","floor":5.0,"turns":4.0},{"damage":18.0,"enemies":"Lagavulin","floor":7.0,"turns":9.0},{"damage":4.0,"enemies":"Gremlin Nob","floor":10.0,"turns":4.0},{"damage":11.0,"enemies":"2 Fungi Beasts","floor":12.0,"turns":4.0},{"damage":2.0,"enemies":"Exordium Wildlife","floor":13.0,"turns":4.0},{"damage":27.0,"enemies":"Slime Boss","floor":16.0,"turns":9.0},{"damage":7.0,"enemies":"3 Byrds","floor":18.0,"turns":6.0},{"damage":8.0,"enemies":"Chosen","floor":19.0,"turns":5.0},{"damage":43.0,"enemies":"Masked Bandits","floor":20.0,"turns":6.0},{"damage":0.0,"enemies":"Snake Plant","floor":22.0,"turns":6.0},{"damage":2.0,"enemies":"Book of Stabbing","floor":24.0,"turns":6.0},{"damage":3.0,"enemies":"Centurion and Healer","floor":28.0,"turns":5.0},{"damage":15.0,"enemies":"Shelled Parasite and Fungi","floor":30.0,"turns":6.0},{"damage":0.0,"enemies":"Sentry and Sphere","floor":31.0,"turns":4.0},{"damage":38.0,"enemies":"Collector","floor":33.0,"turns":10.0},{"damage":13.0,"enemies":"3 Darklings","floor":35.0,"turns":4.0},{"damage":11.0,"enemies":"Orb Walker","floor":36.0,"turns":3.0},{"damage":12.0,"enemies":"3 Darklings","floor":37.0,"turns":3.0},{"damage":5.0,"enemies":"Giant Head","floor":41.0,"turns":8.0},{"damage":7.0,"enemies":"Reptomancer","floor":44.0,"turns":6.0},{"damage":7.0,"enemies":"Transient","floor":45.0,"turns":6.0},{"damage":4,"enemies":"Giant Head","floor":47,"turns":8},{"damage":37,"enemies":"Awakened One","floor":50,"turns":9}],"seed_played":"5820545126382252034","potions_obtained":[{"floor":4.0,"key":"SpeedPotion"},{"floor":7.0,"key":"SteroidPotion"},{"floor":13.0,"key":"AttackPotion"},{"floor":16.0,"key":"Regen Potion"}],"is_trial":false,"path_per_floor":["M","M","M","M","M","R","E","R","T","E","?","M","M","?","R","B",null,"M","M","?","$","M","R","E","?","T","R","M","R","M","M","R","B",null,"M","M","M","$","?","R","E","?","T","E","M","R","E","?","R","B",null],"character_chosen":"THE_SILENT","items_purchased":["Mercury Hourglass","Backflip+1","Bronze Scales","Violence+1"],"campfire_rested":4,"item_purchase_floors":[21,38,38,38],"current_hp_per_floor":[52,52,42,37,35,44,26,54,54,50,39,28,26,26,57,30,57,65,57,14,14,14,32,30,12,12,51,48,69,54,54,71,33,62,49,38,26,26,26,71,66,66,66,59,52,71,67,67,71,46],"gold":459,"neow_bonus":"BOSS_RELIC","is_prod":false,"is_daily":false,"chose_seed":false,"campfire_upgraded":6,"win_rate":0,"timestamp":1557707976,"path_taken":["M","M","M","M","M","R","E","R","T","E","?","M","M","?","R","BOSS","M","M","?","$","M","R","E","?","T","R","M","R","M","M","R","BOSS","M","M","M","$","?","R","E","?","T","E","M","R","E","?","R","BOSS"],"build_version":"2019-01-23","purchased_purges":1,"victory":true,"max_hp_per_floor":[66,66,66,66,66,66,66,66,66,66,66,66,66,66,66,66,66,66,66,66,66,66,66,66,71,71,71,71,71,71,71,71,71,71,71,71,71,71,71,71,71,71,71,71,71,71,71,71,71,71],"card_choices":[{"not_picked":["Slice","Dagger Spray"],"picked":"Cloak And Dagger","floor":1.0},{"not_picked":["Acrobatics","Poisoned Stab"],"picked":"Infinite Blades","floor":2.0},{"not_picked":["Sucker Punch","Outmaneuver"],"picked":"Dash","floor":3.0},{"not_picked":["Crippling Poison","Masterful Stab"],"picked":"Cloak And Dagger","floor":4.0},{"not_picked":["Deadly Poison","Escape Plan"],"picked":"Unload","floor":5.0},{"not_picked":["Dagger Throw","Slice"],"picked":"Flying Knee","floor":7.0},{"not_picked":["Quick Slash","Underhanded Strike"],"picked":"A Thousand Cuts","floor":10.0},{"not_picked":["Acrobatics+1","Bouncing Flask+1"],"picked":"Dodge and Roll+1","floor":12.0},{"not_picked":["Dagger Spray","Night Terror+1"],"picked":"Prepared+1","floor":12.0},{"not_picked":["Dash","Quick Slash"],"picked":"Blade Dance+1","floor":13.0},{"not_picked":["Slice","Poisoned Stab"],"picked":"Terror+1","floor":13.0},{"not_picked":["Storm of Steel+1","Phantasmal Killer+1"],"picked":"Malaise+1","floor":16.0},{"not_picked":["Catalyst+1","Dagger Spray"],"picked":"Blur+1","floor":18.0},{"not_picked":["Slice","Underhanded Strike"],"picked":"Dagger Throw","floor":18.0},{"not_picked":["Deadly Poison+1","Outmaneuver+1"],"picked":"Well Laid Plans","floor":19.0},{"not_picked":["Quick Slash","Acrobatics+1"],"picked":"Wraith Form v2","floor":19.0},{"not_picked":["Deflect+1","Finisher"],"picked":"Underhanded Strike","floor":20.0},{"not_picked":["Catalyst+1","Setup+1"],"picked":"Blur+1","floor":22.0},{"not_picked":["Bouncing Flask+1","Endless Agony"],"picked":"Flying Knee+1","floor":22.0},{"not_picked":["Cloak And Dagger+1","Bane"],"picked":"Sucker Punch+1","floor":24.0},{"not_picked":["Predator","Terror+1"],"picked":"Distraction+1","floor":28.0},{"not_picked":["Flechettes+1","Dodge and Roll+1"],"picked":"Backflip+1","floor":28.0},{"not_picked":["Quick Slash+1","All Out Attack+1"],"picked":"Adrenaline+1","floor":30.0},{"not_picked":["Quick Slash","Endless Agony"],"picked":"Choke","floor":30.0},{"not_picked":["Quick Slash","Choke+1"],"picked":"Crippling Poison+1","floor":31.0},{"not_picked":["PiercingWail+1","Terror+1"],"picked":"Blur+1","floor":31.0},{"not_picked":["Bullet Time+1","Night Terror+1"],"picked":"Burst+1","floor":33.0},{"not_picked":["Well Laid Plans","Blur+1"],"picked":"Leg Sweep+1","floor":35.0},{"not_picked":["Catalyst+1","Eviscerate"],"picked":"Acrobatics+1","floor":35.0},{"not_picked":["Dagger Spray+1","Flechettes+1"],"picked":"Blade Dance+1","floor":36.0},{"not_picked":["Bane","Crippling Poison+1"],"picked":"Deadly Poison+1","floor":36.0},{"not_picked":["Prepared+1","Flechettes"],"picked":"Quick Slash+1","floor":37.0},{"not_picked":["Distraction+1","Deflect+1"],"picked":"Cloak And Dagger+1","floor":37.0},{"not_picked":["Flying Knee","Prepared+1"],"picked":"Distraction+1","floor":41.0},{"not_picked":["Sucker Punch","Outmaneuver+1"],"picked":"Acrobatics+1","floor":44.0},{"not_picked":["Caltrops+1","Noxious Fumes+1"],"picked":"Prepared+1","floor":45.0},{"not_picked":["Deadly Poison+1","Slice"],"picked":"Leg Sweep+1","floor":45.0},{"not_picked":["Caltrops+1","Setup+1"],"picked":"Prepared+1","floor":47}],"player_experience":687536,"relics_obtained":[{"floor":7.0,"key":"Paper Crane"},{"floor":9.0,"key":"Toxic Egg 2"},{"floor":10.0,"key":"Prayer Wheel"},{"floor":20.0,"key":"Red Mask"},{"floor":24.0,"key":"Darkstone Periapt"},{"floor":26.0,"key":"MawBank"},{"floor":41.0,"key":"Shuriken"},{"floor":43.0,"key":"Frozen Egg 2"},{"floor":44.0,"key":"Meat on the Bone"},{"floor":47,"key":"PreservedInsect"}],"event_choices":[{"damage_healed":0.0,"max_hp_gain":0.0,"max_hp_loss":0.0,"gold_gain":75.0,"event_name":"World of Goop","player_choice":"Gather Gold","floor":11.0,"gold_loss":0.0,"damage_taken":11.0},{"damage_healed":0.0,"max_hp_gain":0.0,"max_hp_loss":0.0,"gold_gain":0.0,"event_name":"Shining Light","player_choice":"Ignored","floor":14.0,"gold_loss":0.0,"damage_taken":0.0},{"damage_healed":0.0,"max_hp_gain":0.0,"max_hp_loss":0.0,"gold_gain":0.0,"event_name":"Masked Bandits","player_choice":"Fought Bandits","floor":20.0,"gold_loss":0.0,"damage_taken":0.0},{"damage_healed":0.0,"max_hp_gain":5.0,"max_hp_loss":0.0,"gold_gain":0.0,"event_name":"Forgotten Altar","player_choice":"Shed Blood","floor":25.0,"gold_loss":0.0,"damage_taken":23.0},{"cards_removed":["Defend_G"],"damage_healed":0.0,"max_hp_gain":0.0,"max_hp_loss":0.0,"gold_gain":0.0,"event_name":"Falling","player_choice":"Removed Skill","floor":39.0,"gold_loss":0.0,"damage_taken":0.0},{"damage_healed":0.0,"max_hp_gain":0.0,"max_hp_loss":0.0,"gold_gain":0.0,"event_name":"Mysterious Sphere","player_choice":"Ignored","floor":42.0,"gold_loss":0.0,"damage_taken":0.0},{"damage_healed":0,"gold_gain":222,"player_choice":"Wore Mask","damage_taken":0,"max_hp_gain":0,"max_hp_loss":0,"event_name":"Tomb of Lord Red Mask","floor":48,"gold_loss":0}],"is_beta":false,"boss_relics":[{"not_picked":["Velvet Choker","Philosopher\u0027s Stone"],"picked":"Sozu"},{"not_picked":["Black Star","HoveringKite"],"picked":"Astrolabe"}],"items_purged_floors":[38],"is_endless":false,"potions_floor_spawned":[4,7,13,16,22,28,30,33,36,44],"ascension_level":17}