{"gold_per_floor":[112,32,32,46,16,44,61,89,141,158,158,174,190,202,202,279,279,289,301,301,301,301],"floor_reached":22,"playtime":579,"items_purged":[],"score":446,"play_id":"9a7004bc-d842-416b-89e1-f2375454193f","local_time":"20190509234151","is_ascension_mode":true,"campfire_choices":[{"data":"True Grit","floor":11,"key":"SMITH"},{"data":"Uppercut","floor":15,"key":"SMITH"}],"neow_cost":"NONE","seed_source_timestamp":0,"circlet_count":0,"master_deck":["AscendersBane","Strike_R","Defend_R","Defend_R","Defend_R","Defend_R","Bash","True Grit+1","Spot Weakness","Metallicize","Anger","Intimidate+1","Pommel Strike","Double Tap","Shockwave","Uppercut+1","Pommel Strike","Pummel","Feed","Twin Strike+1","Juggernaut+1","Clash+1","Headbutt","Cleave","Necronomicurse"],"special_seed":0,"relics":["Burning Blood","NeowsBlessing","Bottled Flame","Bronze Scales","Pen Nib","Astrolabe","Necronomicon"],"potions_floor_usage":[8,22],"damage_taken":[{"damage":0,"enemies":"Small Slimes","floor":1,"turns":1},{"damage":0,"enemies":"Cultist","floor":4,"turns":1},{"damage":0,"enemies":"Gremlin Nob","floor":6,"turns":1},{"damage":4,"enemies":"Jaw Worm","floor":7,"turns":4},{"damage":11,"enemies":"3 Sentries","floor":8,"turns":7},{"damage":11,"enemies":"Blue Slaver","floor":10,"turns":3},{"damage":10,"enemies":"Lots of Slimes","floor":12,"turns":4},{"damage":9,"enemies":"Large Slime","floor":13,"turns":4},{"damage":14,"enemies":"Blue Slaver","floor":14,"turns":2},{"damage":17,"enemies":"The Guardian","floor":16,"turns":9},{"damage":30,"enemies":"Spheric Guardian","floor":18,"turns":4},{"damage":20,"enemies":"3 Byrds","floor":19,"turns":6},{"damage":15,"enemies":"Snake Plant","floor":22,"turns":1}],"seed_played":"-1756358955086825296","potions_obtained":[{"floor":6,"key":"Fire Potion"},{"floor":7,"key":"FearPotion"},{"floor":10,"key":"BloodPotion"},{"floor":14,"key":"Weak Potion"},{"floor":19,"key":"Regen Potion"}],"is_trial":false,"path_per_floor":["M","$","?","M","$","E","M","E","T","M","R","M","M","M","R","B",null,"M","M","?","?","M"],"character_chosen":"IRONCLAD","items_purchased":["Spot Weakness","Anger"],"campfire_rested":0,"item_purchase_floors":[2,5],"current_hp_per_floor":[74,74,74,75,75,75,75,70,70,65,65,61,58,50,50,39,66,42,28,7,7,0],"gold":301,"neow_bonus":"THREE_ENEMY_KILL","is_prod":false,"is_daily":false,"chose_seed":false,"campfire_upgraded":2,"win_rate":0,"timestamp":1557438111,"path_taken":["M","$","?","?","$","E","M","E","T","M","R","M","M","M","R","BOSS","M","M","?","?","M"],"build_version":"2019-01-23","purchased_purges":0,"victory":false,"max_hp_per_floor":[75,75,75,75,75,75,75,75,75,75,75,75,75,75,75,75,75,75,75,75,75,75],"card_choices":[{"not_picked":["Havoc","Entrench"],"picked":"True Grit","floor":1},{"not_picked":["Headbutt","Clash"],"picked":"Metallicize","floor":4},{"not_picked":["Warcry","True Grit"],"picked":"Intimidate","floor":6},{"not_picked":["Body Slam","Blood for Blood"],"picked":"Pommel Strike","floor":7},{"not_picked":["Cleave","Intimidate"],"picked":"Double Tap","floor":8},{"not_picked":["Headbutt","Clothesline"],"picked":"Shockwave","floor":10},{"not_picked":["Thunderclap","Iron Wave"],"picked":"Uppercut","floor":12},{"not_picked":["Wild Strike","True Grit"],"picked":"Pommel Strike","floor":13},{"not_picked":["Heavy Blade","Twin Strike"],"picked":"Pummel","floor":14},{"not_picked":["Impervious","Barricade"],"picked":"Feed","floor":16},{"not_picked":["Anger+1","Dual Wield"],"picked":"Headbutt","floor":18},{"not_picked":["Thunderclap","Fire Breathing"],"picked":"Cleave","floor":19}],"player_experience":655088,"relics_obtained":[{"floor":6,"key":"Bottled Flame"},{"floor":8,"key":"Bronze Scales"},{"floor":9,"key":"Pen Nib"},{"floor":20,"key":"Necronomicon"}],"event_choices":[{"cards_removed":["Strike_R"],"damage_healed":0,"gold_gain":0,"player_choice":"Purged","damage_taken":0,"max_hp_gain":0,"max_hp_loss":0,"event_name":"Purifier","floor":3,"gold_loss":0},{"damage_healed":0,"gold_gain":0,"player_choice":"Obtained Book","damage_taken":21,"max_hp_gain":0,"max_hp_loss":0,"event_name":"Cursed Tome","floor":20,"gold_loss":0},{"damage_healed":0,"gold_gain":0,"player_choice":"Forge","damage_taken":0,"max_hp_gain":0,"max_hp_loss":0,"event_name":"Accursed Blacksmith","floor":21,"gold_loss":0,"cards_upgraded":["Intimidate"]}],"is_beta":false,"boss_relics":[{"not_picked":["White Beast Statue","Calling Bell"],"picked":"Astrolabe"}],"items_purged_floors":[],"is_endless":false,"potions_floor_spawned":[6,7,10,14,16,19],"killed_by":"Snake Plant","ascension_level":20}