{"gold_per_floor":[109,120,120,133,144,144,160,85,135,150,150,150,160,175,175,278,278,297,89,104,116,191,191,191],"floor_reached":24,"playtime":1063,"items_purged":["Strike_B","Strike_B"],"score":202,"play_id":"ceb94fac-ca24-4c59-8d27-167dcd39c2e3","local_time":"20181002164510","is_ascension_mode":true,"campfire_choices":[{"data":"Doom and Gloom","floor":6,"key":"SMITH"},{"data":"Conserve Battery","floor":11,"key":"SMITH"},{"data":"Go for the Eyes","floor":15,"key":"SMITH"},{"floor":23,"key":"REST"}],"neow_cost":"NONE","seed_source_timestamp":248136047844344,"circlet_count":0,"master_deck":["Strike_B","Strike_B","Defend_B","Defend_B","Defend_B","Defend_B","Zap","Dualcast","Barrage","Conserve Battery+1","Doom and Gloom+1","Steam","Go for the Eyes+1","Turbo","Multi-Cast","Tempest","Ball Lightning","Conserve Battery","Leap","Conserve Battery"],"relics":["Cracked Core","NeowsBlessing","Centennial Puzzle","Ornamental Fan","Black Star"],"potions_floor_usage":[24],"damage_taken":[{"damage":0,"enemies":"2 Louse","floor":1,"turns":1},{"damage":0,"enemies":"Cultist","floor":2,"turns":1},{"damage":0,"enemies":"Jaw Worm","floor":4,"turns":1},{"damage":2,"enemies":"Blue Slaver","floor":5,"turns":4},{"damage":0,"enemies":"Large Slime","floor":7,"turns":4},{"damage":3,"enemies":"Looter","floor":10,"turns":2},{"damage":5,"enemies":"Exordium Thugs","floor":13,"turns":4},{"damage":0,"enemies":"Red Slaver","floor":14,"turns":2},{"damage":16,"enemies":"The Guardian","floor":16,"turns":10},{"damage":24,"enemies":"3 Byrds","floor":18,"turns":5},{"damage":4,"enemies":"Chosen","floor":20,"turns":3},{"damage":28,"enemies":"Centurion and Healer","floor":21,"turns":10},{"damage":52,"enemies":"Slavers","floor":24,"turns":4}],"seed_played":"6843751654997872207","potions_obtained":[{"floor":2,"key":"Block Potion"},{"floor":3,"key":"FairyPotion"},{"floor":3,"key":"Swift Potion"}],"is_trial":false,"path_per_floor":["M","M","?","M","M","R","M","$","T","M","R","?","M","M","R","B",null,"M","$","M","M","?","R"],"character_chosen":"DEFECT","items_purchased":["Ball Lightning","Conserve Battery"],"campfire_rested":1,"item_purchase_floors":[19,19],"current_hp_per_floor":[75,75,75,75,73,73,73,73,73,70,70,70,65,65,65,49,75,51,51,47,19,12,34,0],"gold":191,"neow_bonus":"THREE_ENEMY_KILL","is_prod":false,"is_daily":false,"chose_seed":false,"campfire_upgraded":3,"win_rate":0,"timestamp":1538491510,"path_taken":["M","M","?","M","M","R","M","$","T","M","R","?","M","M","R","BOSS","M","$","M","M","?","R","E"],"build_version":"2018-09-27","purchased_purges":2,"victory":false,"max_hp_per_floor":[75,75,75,75,75,75,75,75,75,75,75,75,75,75,75,75,75,75,75,75,75,75,75,75],"card_choices":[{"not_picked":["Turbo","Steam Power"],"picked":"Barrage","floor":1},{"not_picked":["Steam","Meteor Strike"],"picked":"Conserve Battery","floor":2},{"not_picked":["Recycle","Rebound","Lockon"],"picked":"SKIP","floor":4},{"not_picked":["Cold Snap","Steam"],"picked":"Doom and Gloom","floor":5},{"not_picked":["Hello World","Sweeping Beam"],"picked":"Steam","floor":7},{"not_picked":["Scrape","Heatsinks","Rip and Tear"],"picked":"SKIP","floor":10},{"not_picked":["Beam Cell","Barrage"],"picked":"Go for the Eyes","floor":13},{"not_picked":["Beam Cell","Gash"],"picked":"Turbo","floor":14},{"not_picked":["Buffer","Reboot"],"picked":"Multi-Cast","floor":16},{"not_picked":["Rebound","Hologram"],"picked":"Tempest","floor":18},{"not_picked":["Stack","Doom and Gloom"],"picked":"Leap","floor":20},{"not_picked":["Coolheaded+1","Static Discharge"],"picked":"Conserve Battery","floor":21}],"player_experience":112234,"relics_obtained":[{"floor":9,"key":"Centennial Puzzle"}],"event_choices":[{"event_name":"The Lab","player_choice":"Got Potions","floor":3,"damage_taken":0},{"event_name":"Dead Adventurer","player_choice":"Searched \u00272\u0027 times","floor":12,"damage_taken":0},{"event_name":"FaceTrader","player_choice":"Touch","floor":22,"damage_taken":0}],"is_beta":false,"boss_relics":[{"not_picked":["Sozu","Tiny House"],"picked":"Black Star"}],"items_purged_floors":[8,19],"is_endless":false,"potions_floor_spawned":[2,4,7,10,16,18,20],"killed_by":"Slavers","ascension_level":1}