{"gold_per_floor":[118,132,10,22,97,97,115,115,171,171,39,57,83,96,96,192,192,207,54,74,74,89,89,109,119,189,189,64,82,82,100,100,205,205,216,216,18,37,57,57,57],"floor_reached":41,"playtime":2690,"items_purged":["Strike_B","Defend_B","Strike_B","Defend_B"],"score":417,"play_id":"edbb8d85-4948-4743-9d63-0a9b3f8029d5","local_time":"20181003001656","is_ascension_mode":true,"campfire_choices":[{"data":"Dualcast","floor":6,"key":"SMITH"},{"data":"Conserve Battery","floor":8,"key":"SMITH"},{"data":"Glacier","floor":10,"key":"SMITH"},{"data":"Defragment","floor":15,"key":"SMITH"},{"data":"Conserve Battery","floor":23,"key":"SMITH"},{"data":"Conserve Battery","floor":27,"key":"SMITH"},{"data":"Go for the Eyes","floor":30,"key":"SMITH"},{"floor":32,"key":"REST"},{"data":"Electrodynamics","floor":40,"key":"SMITH"}],"neow_cost":"NONE","seed_source_timestamp":273610117772619,"circlet_count":0,"master_deck":["Strike_B","Strike_B","Defend_B","Defend_B","Zap","Dualcast+1","Ball Lightning","Leap","Glacier+1","Conserve Battery+1","Defragment+1","Go for the Eyes+1","Ball Lightning","Chill","White Noise","Rainbow","Tempest","Conserve Battery+1","Redo+1","Hologram+1","Conserve Battery+1","Barrage","Electrodynamics+1","Consume+1","Redo+1","Go for the Eyes+1","Double Energy+1"],"relics":["Cracked Core","NeowsBlessing","Tiny Chest","Regal Pillow","Inserter","Ornamental Fan","Bottled Lightning","Nuclear Battery","Ice Cream"],"potions_floor_usage":[24,25,33,33],"damage_taken":[{"damage":0,"enemies":"Cultist","floor":1,"turns":1},{"damage":0,"enemies":"2 Louse","floor":2,"turns":1},{"damage":0,"enemies":"Jaw Worm","floor":4,"turns":1},{"damage":3,"enemies":"Red Slaver","floor":7,"turns":3},{"damage":0,"enemies":"2 Fungi Beasts","floor":12,"turns":5},{"damage":2,"enemies":"Lagavulin","floor":13,"turns":6},{"damage":0,"enemies":"Large Slime","floor":14,"turns":5},{"damage":26,"enemies":"Hexaghost","floor":16,"turns":13},{"damage":2,"enemies":"Shell Parasite","floor":18,"turns":5},{"damage":0,"enemies":"Chosen","floor":20,"turns":4},{"damage":9,"enemies":"Centurion and Healer","floor":22,"turns":9},{"damage":20,"enemies":"Cultist and Chosen","floor":24,"turns":7},{"damage":0,"enemies":"Snake Plant","floor":25,"turns":4},{"damage":2,"enemies":"Snecko","floor":29,"turns":6},{"damage":4,"enemies":"Chosen and Byrds","floor":31,"turns":7},{"damage":34,"enemies":"Automaton","floor":33,"turns":11},{"damage":0,"enemies":"3 Shapes","floor":35,"turns":5},{"damage":18,"enemies":"Mind Bloom Boss Battle","floor":36,"turns":6},{"damage":0,"enemies":"Orb Walker","floor":38,"turns":3},{"damage":18,"enemies":"Spire Growth","floor":39,"turns":5},{"damage":39,"enemies":"Reptomancer","floor":41,"turns":2}],"seed_played":"5310181458284062196","potions_obtained":[{"floor":1,"key":"Block Potion"},{"floor":2,"key":"SpeedPotion"},{"floor":4,"key":"Block Potion"},{"floor":25,"key":"Weak Potion"},{"floor":29,"key":"Ancient Potion"},{"floor":36,"key":"AttackPotion"},{"floor":38,"key":"EssenceOfSteel"}],"is_trial":false,"path_per_floor":["M","M","$","M","?","R","M","R","T","R","$","M","E","M","R","B",null,"M","$","M","T","M","R","M","M","T","R","$","M","R","M","R","B",null,"M","?","$","M","M","R"],"character_chosen":"DEFECT","items_purchased":["Leap","Defragment","Go for the Eyes","Conserve Battery","Explosive Potion"],"campfire_rested":1,"item_purchase_floors":[3,11,11,19,37],"current_hp_per_floor":[75,75,75,75,68,68,65,65,65,65,65,65,63,63,63,37,75,73,73,73,73,64,64,44,44,44,44,44,42,42,38,75,41,75,75,57,57,57,39,39,0],"gold":57,"neow_bonus":"THREE_ENEMY_KILL","is_prod":false,"is_daily":false,"chose_seed":false,"campfire_upgraded":8,"win_rate":0,"timestamp":1538518616,"path_taken":["M","?","$","M","?","R","M","R","T","R","$","M","E","M","R","BOSS","M","$","M","?","M","R","M","M","T","R","$","M","R","M","R","BOSS","M","?","?","?","?","R","M"],"build_version":"2018-09-27","purchased_purges":4,"victory":false,"max_hp_per_floor":[75,75,75,75,75,75,75,75,75,75,75,75,75,75,75,75,75,75,75,75,75,75,75,75,75,75,75,75,75,75,75,75,75,75,75,75,75,75,75,75,75],"card_choices":[{"not_picked":["Skim","Redo","Coolheaded"],"picked":"SKIP","floor":1},{"not_picked":["Stack","Beam Cell"],"picked":"Ball Lightning","floor":2},{"not_picked":["Lockon","Stack"],"picked":"Glacier","floor":4},{"not_picked":["Beam Cell","Genetic Algorithm"],"picked":"Conserve Battery","floor":7},{"not_picked":["Blizzard","Thunder Strike"],"picked":"Ball Lightning","floor":12},{"not_picked":["Fusion","Double Energy"],"picked":"Chill","floor":13},{"not_picked":["Beam Cell","Go for the Eyes"],"picked":"White Noise","floor":14},{"not_picked":["Fission","Echo Form"],"picked":"Rainbow","floor":16},{"not_picked":["Go for the Eyes","Cold Snap"],"picked":"Tempest","floor":18},{"not_picked":["Turbo","Recycle"],"picked":"Redo+1","floor":20},{"not_picked":["Stack","Chill","Compile Driver"],"picked":"SKIP","floor":22},{"not_picked":["Beam Cell","Sweeping Beam"],"picked":"Hologram+1","floor":24},{"not_picked":["Sweeping Beam","Go for the Eyes+1"],"picked":"Conserve Battery","floor":25},{"not_picked":["Blizzard","Self Repair","Force Field"],"picked":"SKIP","floor":29},{"not_picked":["Self Repair","Reinforced Body+1"],"picked":"Barrage","floor":31},{"not_picked":["Seek","Reboot"],"picked":"Electrodynamics","floor":33},{"not_picked":["Scrape+1","Darkness"],"picked":"Consume+1","floor":35},{"not_picked":["Chaos+1","Ball Lightning+1"],"picked":"Redo+1","floor":36},{"not_picked":["Gash+1","Cold Snap"],"picked":"Go for the Eyes+1","floor":38},{"not_picked":["Sunder+1","Hello World"],"picked":"Double Energy+1","floor":39}],"player_experience":113297,"relics_obtained":[{"floor":9,"key":"Tiny Chest"},{"floor":13,"key":"Regal Pillow"},{"floor":21,"key":"Ornamental Fan"},{"floor":26,"key":"Bottled Lightning"},{"floor":36,"key":"Ice Cream"}],"event_choices":[{"event_name":"FaceTrader","player_choice":"Touch","floor":5,"damage_taken":0},{"event_name":"MindBloom","player_choice":"Fight","floor":36,"damage_taken":0}],"is_beta":false,"boss_relics":[{"not_picked":["Astrolabe","Eternal Feather"],"picked":"Inserter"},{"not_picked":["Runic Dome","Calling Bell"],"picked":"Nuclear Battery"}],"items_purged_floors":[3,19,28,37],"is_endless":false,"potions_floor_spawned":[1,2,4,16,18,22,25,29,36,38],"killed_by":"Reptomancer","ascension_level":1}