{"gold_per_floor":[118,128,128,128,142,174,193,193,193,193,220,27,38,58,58,134,134,148,178,178,103,121,156,180,192,227,287,3,29,29,39,39,39],"floor_reached":33,"playtime":1886,"items_purged":["Strike_B"],"score":636,"play_id":"81ca1a43-be14-4685-8293-afe638d86ac6","local_time":"20190425232238","is_ascension_mode":true,"campfire_choices":[{"data":"Reinforced Body","floor":8,"key":"SMITH"},{"floor":10,"key":"REST"},{"data":"Consume","floor":15,"key":"SMITH"},{"data":"Defragment","floor":25,"key":"SMITH"},{"data":"Seek","floor":30,"key":"SMITH"},{"floor":32,"key":"REST"}],"neow_cost":"NONE","seed_source_timestamp":30814886268799,"circlet_count":0,"master_deck":["AscendersBane","Defend_B","Defend_B","Defend_B","Defend_B","Zap+1","Dualcast","Reinforced Body+1","Steam","Electrodynamics","Seek+1","Compile Driver","Consume+1","Rebound","Glacier","Glacier","Biased Cognition","Reinforced Body","Multi-Cast","Defragment+1","White Noise+1","Static Discharge","Loop","Coolheaded","Genetic Algorithm","Leap+1"],"relics":["Cracked Core","NeowsBlessing","Dream Catcher","Bag of Marbles","The Courier","Vajra","Sozu","Red Mask","Ginger","MawBank","Smiling Mask","Happy Flower","Omamori"],"potions_floor_usage":[4,16,29],"damage_taken":[{"damage":0,"enemies":"Jaw Worm","floor":1,"turns":1},{"damage":0,"enemies":"Small Slimes","floor":2,"turns":1},{"damage":0,"enemies":"Cultist","floor":5,"turns":1},{"damage":19,"enemies":"Lagavulin","floor":6,"turns":6},{"damage":6,"enemies":"Looter","floor":7,"turns":3},{"damage":8,"enemies":"Gremlin Nob","floor":11,"turns":3},{"damage":7,"enemies":"2 Fungi Beasts","floor":13,"turns":2},{"damage":7,"enemies":"Large Slime","floor":14,"turns":4},{"damage":6,"enemies":"Slime Boss","floor":16,"turns":8},{"damage":3,"enemies":"2 Thieves","floor":18,"turns":4},{"damage":0,"enemies":"Masked Bandits","floor":19,"turns":2},{"damage":0,"enemies":"Chosen","floor":22,"turns":3},{"damage":0,"enemies":"Slavers","floor":23,"turns":5},{"damage":25,"enemies":"Gremlin Leader","floor":29,"turns":6},{"damage":3,"enemies":"Centurion and Healer","floor":31,"turns":3},{"damage":86,"enemies":"Collector","floor":33,"turns":14}],"seed_played":"-2752319812488070238","potions_obtained":[{"floor":2,"key":"Explosive Potion"},{"floor":4,"key":"Fruit Juice"},{"floor":4,"key":"GamblersBrew"},{"floor":6,"key":"PowerPotion"},{"floor":16,"key":"SpeedPotion"}],"is_trial":false,"path_per_floor":["M","M","?","?","M","E","M","R","T","R","E","$","M","M","R","B",null,"M","?","?","?","M","E","T","R","T","T","$","E","R","M","R","B"],"character_chosen":"DEFECT","items_purchased":["Vajra","Static Discharge","Happy Flower","Loop","Coolheaded"],"campfire_rested":2,"item_purchase_floors":[12,28,28,28,28],"current_hp_per_floor":[64,64,64,69,69,50,44,44,44,66,58,58,51,44,44,38,67,64,64,64,64,64,64,64,64,64,64,64,39,39,36,58,0],"gold":39,"neow_bonus":"THREE_ENEMY_KILL","is_prod":false,"is_daily":false,"chose_seed":false,"campfire_upgraded":4,"win_rate":0,"timestamp":1556202158,"path_taken":["M","M","?","?","M","E","M","R","T","R","E","$","?","M","R","BOSS","M","?","?","?","M","E","?","R","T","?","?","E","R","M","R","BOSS"],"build_version":"2019-01-23","purchased_purges":1,"victory":false,"max_hp_per_floor":[71,71,71,76,76,76,76,76,76,76,76,76,76,76,76,76,76,76,76,76,76,76,76,76,76,76,76,76,76,76,76,76,76],"card_choices":[{"not_picked":["Conserve Battery","Blizzard"],"picked":"Reinforced Body","floor":1},{"not_picked":["Gash","Beam Cell"],"picked":"Steam","floor":2},{"not_picked":["Coolheaded","Hologram"],"picked":"Electrodynamics","floor":5},{"not_picked":["Compile Driver","Steam Power"],"picked":"Seek","floor":6},{"not_picked":["Turbo","Undo"],"picked":"Compile Driver","floor":7},{"not_picked":["Leap","Double Energy"],"picked":"Consume","floor":10},{"not_picked":["Melter","Multi-Cast"],"picked":"Rebound","floor":11},{"not_picked":["Ball Lightning","Steam"],"picked":"Glacier","floor":13},{"not_picked":["Go for the Eyes","Stack"],"picked":"Glacier","floor":14},{"not_picked":["Amplify","Meteor Strike"],"picked":"Biased Cognition","floor":16},{"not_picked":["Hello World+1","Stack","Redo"],"picked":"SKIP","floor":18},{"not_picked":["Gash","Turbo"],"picked":"Defragment","floor":22},{"not_picked":["Coolheaded","Force Field"],"picked":"White Noise+1","floor":23},{"not_picked":["Turbo","Tempest"],"picked":"Genetic Algorithm","floor":29},{"not_picked":["Fusion","Go for the Eyes","Blizzard"],"picked":"SKIP","floor":31},{"not_picked":["Gash","Machine Learning"],"picked":"Leap+1","floor":32}],"player_experience":1094282,"relics_obtained":[{"floor":6,"key":"Dream Catcher"},{"floor":9,"key":"Bag of Marbles"},{"floor":11,"key":"The Courier"},{"floor":19,"key":"Red Mask"},{"floor":23,"key":"Ginger"},{"floor":24,"key":"MawBank"},{"floor":26,"key":"Smiling Mask"},{"floor":29,"key":"Omamori"}],"event_choices":[{"damage_healed":0,"gold_gain":0,"player_choice":"Grow","damage_taken":0,"max_hp_gain":0,"max_hp_loss":0,"event_name":"Living Wall","floor":3,"gold_loss":0,"cards_upgraded":["Zap"]},{"damage_healed":0,"gold_gain":0,"player_choice":"Got Potions","damage_taken":0,"max_hp_gain":0,"max_hp_loss":0,"event_name":"Lab","floor":4,"gold_loss":0},{"damage_healed":0,"gold_gain":0,"player_choice":"Fought Bandits","damage_taken":0,"max_hp_gain":0,"max_hp_loss":0,"event_name":"Masked Bandits","floor":19,"gold_loss":0},{"damage_healed":0,"gold_gain":0,"cards_transformed":["Strike_B","Strike_B"],"player_choice":"Became Test Subject","damage_taken":0,"max_hp_gain":0,"max_hp_loss":0,"event_name":"Drug Dealer","floor":20,"gold_loss":0,"cards_obtained":["Reinforced Body","Multi-Cast"]},{"cards_removed":["Strike_B"],"damage_healed":0,"gold_gain":0,"player_choice":"Gave Gold","damage_taken":0,"max_hp_gain":0,"max_hp_loss":0,"event_name":"Beggar","floor":21,"gold_loss":75}],"is_beta":false,"boss_relics":[{"not_picked":["Philosopher\u0027s Stone","White Beast Statue"],"picked":"Sozu"}],"items_purged_floors":[12],"is_endless":false,"potions_floor_spawned":[2,6,7,13,14,16,19,22,31],"killed_by":"Collector","ascension_level":20}