{"gold_per_floor":[117,133,143,17,17,36,36,55,55,31,31,44,55,69,69,174,174,186,186,186,18,37,37,13,24,54,54],"floor_reached":27,"playtime":4378,"items_purged":["Defend_B"],"score":207,"play_id":"86ecaf7b-57f8-4ba0-82a7-cc5b77b88cef","local_time":"20180927173213","is_ascension_mode":false,"campfire_choices":[{"data":"Beam Cell","floor":11,"key":"SMITH"},{"data":"Redo","floor":15,"key":"SMITH"},{"floor":23,"key":"REST"}],"neow_cost":"NONE","seed_source_timestamp":525614122637363,"circlet_count":0,"master_deck":["Strike_B","Strike_B+1","Strike_B","Defend_B","Defend_B","Defend_B","Zap","Dualcast","Steam+1","Self Repair","Redo+1","Conserve Battery+1","Beam Cell+1","Go for the Eyes","Sweeping Beam","Doom and Gloom","Melter","Electrodynamics","Melter","Ball Lightning","Redo","Streamline+1","Steam","Capacitor"],"relics":["Cracked Core","Matryoshka","Inserter","Tiny Chest","Blood Vial"],"potions_floor_usage":[16,19,19,22,25,27,27],"damage_taken":[{"damage":2,"enemies":"2 Louse","floor":1,"turns":2},{"damage":0,"enemies":"Small Slimes","floor":2,"turns":3},{"damage":2,"enemies":"Jaw Worm","floor":3,"turns":4},{"damage":8,"enemies":"Red Slaver","floor":6,"turns":4},{"damage":0,"enemies":"Large Slime","floor":8,"turns":5},{"damage":0,"enemies":"Looter","floor":12,"turns":3},{"damage":12,"enemies":"Exordium Wildlife","floor":13,"turns":3},{"damage":13,"enemies":"3 Louse","floor":14,"turns":3},{"damage":29,"enemies":"Hexaghost","floor":16,"turns":10},{"damage":18,"enemies":"3 Byrds","floor":18,"turns":3},{"damage":51,"enemies":"Colosseum Slavers","floor":19,"turns":5},{"damage":3,"enemies":"Shell Parasite","floor":22,"turns":4},{"damage":33,"enemies":"Centurion and Healer","floor":25,"turns":6},{"damage":18,"enemies":"Cultist and Chosen","floor":27,"turns":5}],"seed_played":"-9041908585221424600","potions_obtained":[{"floor":2,"key":"SteroidPotion"},{"floor":8,"key":"SkillPotion"},{"floor":12,"key":"SpeedPotion"},{"floor":18,"key":"SpeedPotion"},{"floor":22,"key":"SkillPotion"},{"floor":25,"key":"SneckoOil"}],"is_trial":false,"path_per_floor":["M","M","M","$","?","M","?","M","T","$","R","M","M","M","R","B",null,"M","?","?","$","M","R","$","M","T"],"character_chosen":"DEFECT","items_purchased":["Conserve Battery","Sweeping Beam","Ball Lightning","Redo","EssenceOfSteel","Steam"],"campfire_rested":1,"item_purchase_floors":[4,10,21,21,21,24],"current_hp_per_floor":[73,73,75,75,60,59,59,66,66,66,66,66,61,48,48,26,75,57,13,13,13,17,39,39,13,13,0],"gold":54,"neow_bonus":"REMOVE_CARD","is_prod":false,"is_daily":false,"chose_seed":false,"campfire_upgraded":2,"win_rate":0.0,"timestamp":1538062333,"path_taken":["M","M","M","$","?","M","?","M","T","$","R","M","M","M","R","BOSS","M","?","?","$","M","R","?","M","T","M"],"build_version":"2018-09-20","purchased_purges":1,"victory":false,"max_hp_per_floor":[75,75,75,75,75,75,75,75,75,75,75,75,75,75,75,75,75,75,75,75,75,75,75,75,75,75,75],"card_choices":[{"not_picked":["Leap","Defragment"],"picked":"Steam","floor":1},{"not_picked":["Steam Power","Loop"],"picked":"Self Repair","floor":2},{"not_picked":["Defragment","Darkness"],"picked":"Redo","floor":3},{"not_picked":["Sweeping Beam","Loop"],"picked":"Beam Cell","floor":6},{"not_picked":["Compile Driver","Gash"],"picked":"Go for the Eyes","floor":8},{"not_picked":["Static Discharge","Rainbow"],"picked":"Doom and Gloom","floor":12},{"not_picked":["Sweeping Beam","Coolheaded","Genetic Algorithm"],"picked":"SKIP","floor":13},{"not_picked":["Steam","Sweeping Beam"],"picked":"Melter","floor":14},{"not_picked":["Multi-Cast","Fission"],"picked":"Electrodynamics","floor":16},{"not_picked":["Rip and Tear","Aggregate"],"picked":"Melter","floor":18},{"not_picked":["Hello World","White Noise"],"picked":"Streamline+1","floor":22},{"not_picked":["Sweeping Beam","Compile Driver"],"picked":"Capacitor","floor":25}],"player_experience":40833,"relics_obtained":[{"floor":9,"key":"Matryoshka"},{"floor":26,"key":"Tiny Chest"},{"floor":26,"key":"Blood Vial"}],"event_choices":[{"event_name":"Shining Light","player_choice":"Entered Light","floor":5,"damage_taken":0},{"event_name":"Living Wall","player_choice":"Grow","floor":7,"damage_taken":0},{"event_name":"Colosseum","player_choice":"Fight","floor":19,"damage_taken":0},{"event_name":"Colosseum","player_choice":"Fled From Nobs","floor":19,"damage_taken":0},{"event_name":"Cursed Tome","player_choice":"Ignored","floor":20,"damage_taken":0}],"is_beta":false,"boss_relics":[{"not_picked":["Sozu","Coffee Dripper"],"picked":"Inserter"}],"items_purged_floors":[4],"is_endless":false,"potions_floor_spawned":[2,8,12,18,22,25],"killed_by":"Cultist and Chosen","ascension_level":0}