{"gold_per_floor":[15,32,32,42,42,42,69,69,69,79,79,92,105,120,120,215,215,233,233,233,243,168,168,196,295,295,322,322,41,76,50,50,152,152,166,166,185,10,10,10,24,24,50,70,70,90,90,117,117,117,117,117,41,71,71],"floor_reached":55,"playtime":3336,"items_purged":["Strike_G","Strike_G"],"score":1011,"play_id":"014bf5b8-d843-4814-9436-98673bbcce91","local_time":"20190311214006","is_ascension_mode":true,"campfire_choices":[{"data":"Neutralize","floor":6,"key":"SMITH"},{"data":"Backstab","floor":8,"key":"SMITH"},{"floor":11,"key":"REST"},{"data":"Night Terror","floor":15,"key":"SMITH"},{"data":"A Thousand Cuts","floor":23,"key":"SMITH"},{"floor":28,"key":"REST"},{"floor":32,"key":"REST"},{"data":"Cloak And Dagger","floor":40,"key":"SMITH"},{"floor":42,"key":"RECALL"},{"data":"Footwork","floor":47,"key":"SMITH"},{"data":"Accuracy","floor":49,"key":"SMITH"},{"floor":52,"key":"REST"}],"neow_cost":"NO_GOLD","seed_source_timestamp":2068428694285154,"circlet_count":0,"master_deck":["Defend_G","Defend_G","Defend_G","Defend_G","Defend_G","Strike_G","Survivor","Neutralize+1","Footwork+1","Cloak And Dagger+1","Backflip","Backstab+1","Backstab","Night Terror+1","Leg Sweep","Dagger Spray","A Thousand Cuts+1","Terror","Prepared","Dagger Throw+1","Accuracy+1","Infinite Blades","Infinite Blades","Calculated Gamble","Backflip","Adrenaline","Dodge and Roll+1","Blade Dance+1","Accuracy","Escape Plan+1","Infinite Blades"],"relics":["Ring of the Snake","Matryoshka","Pocketwatch","Blue Candle","Philosopher\u0027s Stone","Omamori","Question Card","Tough Bandages","Ninja Scroll","Mercury Hourglass","ClockworkSouvenir","Shuriken","WristBlade","Blood Vial","Unceasing Top","Kunai"],"potions_floor_usage":[7,7,24,24,24,33,50,54,55,55],"damage_taken":[{"damage":7,"enemies":"Small Slimes","floor":1,"turns":4},{"damage":0,"enemies":"Jaw Worm","floor":2,"turns":6},{"damage":0,"enemies":"Cultist","floor":4,"turns":5},{"damage":37,"enemies":"Gremlin Nob","floor":7,"turns":7},{"damage":0,"enemies":"Red Slaver","floor":10,"turns":2},{"damage":2,"enemies":"Blue Slaver","floor":12,"turns":2},{"damage":0,"enemies":"Exordium Thugs","floor":13,"turns":4},{"damage":16,"enemies":"Lots of Slimes","floor":14,"turns":2},{"damage":0,"enemies":"The Guardian","floor":16,"turns":14},{"damage":0,"enemies":"Chosen","floor":18,"turns":3},{"damage":9,"enemies":"Shell Parasite","floor":21,"turns":4},{"damage":23,"enemies":"Book of Stabbing","floor":24,"turns":7},{"damage":14,"enemies":"Gremlin Leader","floor":27,"turns":4},{"damage":9,"enemies":"Slavers","floor":30,"turns":4},{"damage":21,"enemies":"Collector","floor":33,"turns":6},{"damage":8,"enemies":"3 Shapes","floor":35,"turns":2},{"damage":4,"enemies":"3 Darklings","floor":37,"turns":2},{"damage":0,"enemies":"Sphere and 2 Shapes","floor":41,"turns":3},{"damage":0,"enemies":"Maw","floor":44,"turns":5},{"damage":0,"enemies":"Transient","floor":46,"turns":5},{"damage":0,"enemies":"Reptomancer","floor":48,"turns":4},{"damage":72,"enemies":"Awakened One","floor":50,"turns":11},{"damage":51,"enemies":"Shield and Spear","floor":54,"turns":6},{"damage":79,"enemies":"The Heart","floor":55,"turns":5}],"seed_played":"8137045240136559256","potions_obtained":[{"floor":1,"key":"Block Potion"},{"floor":4,"key":"AttackPotion"},{"floor":14,"key":"GhostInAJar"},{"floor":16,"key":"Swift Potion"},{"floor":18,"key":"AttackPotion"},{"floor":30,"key":"GhostInAJar"},{"floor":35,"key":"FearPotion"},{"floor":44,"key":"FearPotion"},{"floor":46,"key":"Regen Potion"}],"is_trial":false,"path_per_floor":["M","M","?","M","?","R","E","R","T","M","R","M","M","M","R","B",null,"M","T","?","M","$","R","E","?","T","E","R","$","E","$","R","B",null,"M","?","M","$","?","R","M","R","T","M","$","M","R","E","R","B",null,"R","$","E","B"],"character_chosen":"THE_SILENT","items_purchased":["ClockworkSouvenir","Infinite Blades","Backflip","Accuracy","Regen Potion"],"campfire_rested":4,"item_purchase_floors":[29,29,31,38,53],"current_hp_per_floor":[70,70,63,63,63,63,26,26,26,26,51,49,49,33,33,33,71,71,71,71,62,62,62,39,39,39,25,50,50,41,41,66,45,74,66,66,62,62,84,84,84,84,84,84,84,84,84,84,84,12,66,84,84,33,0],"gold":71,"neow_bonus":"TWENTY_PERCENT_HP_BONUS","is_prod":false,"is_daily":false,"chose_seed":false,"campfire_upgraded":7,"win_rate":0,"timestamp":1552354806,"path_taken":["M","M","?","M","?","R","E","R","T","?","R","M","M","M","R","BOSS","M","?","?","?","?","R","E","?","T","E","R","?","E","$","R","BOSS","M","?","M","$","?","R","M","R","T","?","?","M","R","E","R","BOSS","R","$","E","BOSS"],"build_version":"2019-01-23","purchased_purges":2,"victory":false,"max_hp_per_floor":[84,84,84,84,84,84,84,84,84,84,84,84,84,84,84,84,84,84,84,84,84,84,84,84,84,84,84,84,84,84,84,84,84,84,84,84,84,84,84,84,84,84,84,84,84,84,84,84,84,84,84,84,84,84,84],"card_choices":[{"not_picked":["PiercingWail","Flechettes"],"picked":"Footwork","floor":1},{"not_picked":["PiercingWail","Deflect"],"picked":"Cloak And Dagger","floor":2},{"not_picked":["Blade Dance","Reflex"],"picked":"Backflip","floor":4},{"not_picked":["Escape Plan","Blade Dance"],"picked":"Backstab","floor":7},{"not_picked":["Crippling Poison","Sucker Punch"],"picked":"Backstab","floor":10},{"not_picked":["Underhanded Strike","Concentrate"],"picked":"Night Terror","floor":12},{"not_picked":["Dagger Throw","Prepared"],"picked":"Leg Sweep","floor":13},{"not_picked":["Choke","Deadly Poison"],"picked":"Dagger Spray","floor":14},{"not_picked":["Die Die Die","Corpse Explosion"],"picked":"A Thousand Cuts","floor":16},{"not_picked":["Flying Knee+1","Quick Slash"],"picked":"Terror","floor":18},{"not_picked":["Predator+1","Bane+1","Deadly Poison+1"],"picked":"Dagger Throw+1","floor":21},{"not_picked":["Blade Dance","Wraith Form v2","PiercingWail"],"picked":"Accuracy","floor":24},{"not_picked":["Deflect+1","Flying Knee+1","Well Laid Plans+1"],"picked":"Infinite Blades","floor":27},{"not_picked":["PiercingWail","Dagger Throw+1","Bane"],"picked":"Calculated Gamble","floor":30},{"not_picked":["Envenom","Die Die Die","Unload"],"picked":"Adrenaline","floor":33},{"not_picked":["Backflip","Terror","Catalyst"],"picked":"Dodge and Roll+1","floor":35},{"not_picked":["Deflect","Predator+1","Outmaneuver"],"picked":"Blade Dance+1","floor":37},{"not_picked":["Outmaneuver","Distraction","Bane+1","Quick Slash"],"picked":"SKIP","floor":41},{"not_picked":["Dagger Throw","Grand Finale","Acrobatics+1"],"picked":"Escape Plan+1","floor":44},{"not_picked":["Noxious Fumes","Finisher","Sucker Punch+1"],"picked":"Infinite Blades","floor":46},{"not_picked":["Reflex+1","Bouncing Flask","Sucker Punch+1","Skewer+1"],"picked":"SKIP","floor":48},{"not_picked":["Deflect","Outmaneuver+1","Poisoned Stab+1","Underhanded Strike+1"],"picked":"SKIP","floor":54}],"player_experience":155383,"relics_obtained":[{"floor":7,"key":"Pocketwatch"},{"floor":9,"key":"Blue Candle"},{"floor":19,"key":"Omamori"},{"floor":19,"key":"Question Card"},{"floor":24,"key":"Tough Bandages"},{"floor":26,"key":"Ninja Scroll"},{"floor":27,"key":"Mercury Hourglass"},{"floor":30,"key":"Shuriken"},{"floor":43,"key":"Blood Vial"},{"floor":48,"key":"Unceasing Top"},{"floor":54,"key":"Kunai"}],"event_choices":[{"damage_healed":0,"gold_gain":0,"player_choice":"Success","damage_taken":7,"relics_obtained":["Matryoshka"],"max_hp_gain":0,"max_hp_loss":0,"event_name":"Scrap Ooze","floor":3,"gold_loss":0},{"damage_healed":0,"gold_gain":0,"cards_transformed":["Strike_G"],"player_choice":"Transformed","damage_taken":0,"max_hp_gain":0,"max_hp_loss":0,"event_name":"Transmorgrifier","floor":5,"gold_loss":0,"cards_obtained":["Masterful Stab"]},{"damage_healed":0,"gold_gain":0,"player_choice":"1 cards matched","damage_taken":0,"max_hp_gain":0,"max_hp_loss":0,"event_name":"Match and Keep!","floor":20,"gold_loss":0,"cards_obtained":["Prepared"]},{"damage_healed":0,"gold_gain":99,"player_choice":"Stole From Cult","damage_taken":0,"max_hp_gain":0,"max_hp_loss":0,"event_name":"Nest","floor":25,"gold_loss":0},{"cards_removed":["Strike_G"],"damage_healed":0,"gold_gain":0,"player_choice":"Removed Attack","damage_taken":0,"max_hp_gain":0,"max_hp_loss":0,"event_name":"Falling","floor":36,"gold_loss":0},{"cards_removed":["Masterful Stab"],"damage_healed":22,"gold_gain":0,"player_choice":"Offered Uncommon","damage_taken":0,"max_hp_gain":0,"max_hp_loss":0,"event_name":"Bonfire Elementals","floor":39,"gold_loss":0}],"is_beta":false,"boss_relics":[{"not_picked":["Busted Crown","Sozu"],"picked":"Philosopher\u0027s Stone"},{"not_picked":["Pandora\u0027s Box","Eternal Feather"],"picked":"WristBlade"}],"items_purged_floors":[22,38],"is_endless":false,"potions_floor_spawned":[1,4,14,16,18,30,35,44,46],"killed_by":"The Heart","ascension_level":6}