{"gold_per_floor":[12,30,47,64,64,94,94,120,120,151,151,168,168,180,180,180],"floor_reached":16,"playtime":637,"items_purged":[],"score":248,"play_id":"0295b675-86f8-4f04-9b69-fb13be680cca","local_time":"20190509174311","is_ascension_mode":true,"campfire_choices":[{"floor":7,"key":"REST"},{"data":"Zap","floor":11,"key":"SMITH"},{"data":"Doom and Gloom","floor":15,"key":"SMITH"}],"neow_cost":"NO_GOLD","seed_source_timestamp":286797454556000,"circlet_count":0,"master_deck":["AscendersBane","Strike_B","Strike_B","Strike_B","Defend_B","Defend_B","Defend_B","Defend_B","Zap+1","Dualcast","Electrodynamics","Conserve Battery","Compile Driver","Cold Snap","Doom and Gloom+1","Rebound","Capacitor","Barrage","Ball Lightning"],"relics":["Cracked Core","Sundial","Lantern","Pear","Singing Bowl"],"potions_floor_usage":[8,8,13,16],"damage_taken":[{"damage":0,"enemies":"2 Louse","floor":1,"turns":2},{"damage":2,"enemies":"Small Slimes","floor":2,"turns":3},{"damage":1,"enemies":"Cultist","floor":3,"turns":3},{"damage":0,"enemies":"Large Slime","floor":4,"turns":4},{"damage":35,"enemies":"Lagavulin","floor":6,"turns":9},{"damage":8,"enemies":"Gremlin Nob","floor":8,"turns":3},{"damage":27,"enemies":"Lagavulin","floor":10,"turns":7},{"damage":0,"enemies":"2 Fungi Beasts","floor":12,"turns":2},{"damage":0,"enemies":"Red Slaver","floor":13,"turns":2},{"damage":1,"enemies":"Exordium Wildlife","floor":14,"turns":2},{"damage":32,"enemies":"Hexaghost","floor":16,"turns":8}],"seed_played":"5030576734772269995","potions_obtained":[{"floor":4,"key":"Explosive Potion"},{"floor":6,"key":"Ancient Potion"},{"floor":8,"key":"Dexterity Potion"},{"floor":10,"key":"SmokeBomb"},{"floor":14,"key":"Regen Potion"}],"is_trial":false,"path_per_floor":["M","M","M","M","?","E","R","E","T","E","R","M","M","M","R","B"],"character_chosen":"DEFECT","items_purchased":[],"campfire_rested":1,"item_purchase_floors":[],"current_hp_per_floor":[64,62,61,61,54,19,40,32,42,17,17,17,17,16,16,0],"gold":180,"neow_bonus":"THREE_RARE_CARDS","is_prod":false,"is_daily":false,"chose_seed":false,"campfire_upgraded":2,"win_rate":0,"timestamp":1557391391,"path_taken":["M","M","M","M","?","E","R","E","T","E","R","M","M","M","R","BOSS"],"build_version":"2019-01-23","purchased_purges":0,"victory":false,"max_hp_per_floor":[71,71,71,71,71,71,71,71,81,83,83,83,83,83,83,83],"card_choices":[{"not_picked":["All For One","Biased Cognition"],"picked":"Electrodynamics","floor":0},{"not_picked":["Gash","Beam Cell"],"picked":"Conserve Battery","floor":1},{"not_picked":["Sweeping Beam","Hello World"],"picked":"Compile Driver","floor":2},{"not_picked":["Undo","Blizzard"],"picked":"Cold Snap","floor":3},{"not_picked":["Reprogram","Heatsinks"],"picked":"Doom and Gloom","floor":4},{"not_picked":["Lockon","Gash"],"picked":"Rebound","floor":6},{"not_picked":["Steam Power","Heatsinks"],"picked":"Capacitor","floor":8},{"not_picked":["Force Field","Machine Learning","All For One"],"picked":"Singing Bowl","floor":10},{"not_picked":["Streamline","Blizzard"],"picked":"Barrage","floor":12},{"not_picked":["Barrage","Sweeping Beam"],"picked":"Ball Lightning","floor":14}],"player_experience":1307390,"relics_obtained":[{"floor":6,"key":"Sundial"},{"floor":8,"key":"Lantern"},{"floor":9,"key":"Pear"},{"floor":10,"key":"Singing Bowl"}],"event_choices":[{"cards_removed":["Strike_B"],"damage_healed":0,"gold_gain":0,"player_choice":"Card Removal","damage_taken":7,"max_hp_gain":0,"max_hp_loss":0,"event_name":"Golden Wing","floor":5,"gold_loss":0}],"is_beta":false,"boss_relics":[],"items_purged_floors":[],"is_endless":false,"potions_floor_spawned":[4,6,8,10,13,14],"killed_by":"Hexaghost","ascension_level":20}