{"gold_per_floor":[111,111,128,5,19,19,29,29,29,45,79,79],"floor_reached":12,"playtime":1503,"items_purged":["Defend_B"],"score":128,"play_id":"55309a43-620b-4216-b6fd-94db2e1f6691","local_time":"20190411074539","is_ascension_mode":true,"campfire_choices":[{"data":"White Noise","floor":6,"key":"SMITH"},{"data":"Zap","floor":8,"key":"SMITH"}],"neow_cost":"PERCENT_DAMAGE","seed_source_timestamp":60930791669440,"circlet_count":0,"master_deck":["AscendersBane","Strike_B","Strike_B","Strike_B","Strike_B","Defend_B","Defend_B","Defend_B","Zap+1","Dualcast","Seek","Hologram","White Noise+1","Steam","Gash","Go for the Eyes","Ball Lightning","All For One"],"relics":["Cracked Core","Shuriken","Question Card"],"potions_floor_usage":[10,10,11,11],"damage_taken":[{"damage":13,"enemies":"Jaw Worm","floor":1,"turns":5},{"damage":1,"enemies":"2 Louse","floor":3,"turns":2},{"damage":1,"enemies":"Cultist","floor":5,"turns":4},{"damage":3,"enemies":"2 Fungi Beasts","floor":7,"turns":4},{"damage":14,"enemies":"Exordium Thugs","floor":10,"turns":4},{"damage":13,"enemies":"Gremlin Nob","floor":11,"turns":4},{"damage":11,"enemies":"Gremlin Gang","floor":12,"turns":1}],"seed_played":"-2139302156765167218","potions_obtained":[{"floor":3,"key":"EntropicBrew"},{"floor":7,"key":"Dexterity Potion"},{"floor":10,"key":"EssenceOfSteel"}],"is_trial":false,"path_per_floor":["M","?","M","$","M","R","M","R","T","M","E","M"],"character_chosen":"DEFECT","items_purchased":["Steam"],"campfire_rested":0,"item_purchase_floors":[4],"current_hp_per_floor":[37,37,36,36,35,35,32,32,32,18,5,0],"gold":79,"neow_bonus":"THREE_RARE_CARDS","is_prod":false,"is_daily":false,"chose_seed":false,"campfire_upgraded":2,"win_rate":0,"timestamp":1554961539,"path_taken":["M","?","M","$","M","R","M","R","T","M","E","M"],"build_version":"2019-01-23","purchased_purges":1,"victory":false,"max_hp_per_floor":[75,75,75,75,75,75,75,75,75,75,75,75],"card_choices":[{"not_picked":["Thunder Strike","Fission"],"picked":"Seek","floor":0},{"not_picked":["Redo","Barrage"],"picked":"Hologram","floor":1},{"not_picked":["Force Field","Rebound"],"picked":"White Noise","floor":3},{"not_picked":["Sweeping Beam","Barrage"],"picked":"Gash","floor":5},{"not_picked":["Undo","Stack"],"picked":"Go for the Eyes","floor":7},{"not_picked":["Blizzard","Hyperbeam"],"picked":"Ball Lightning","floor":10},{"not_picked":["Hologram","Beam Cell"],"picked":"All For One","floor":11}],"player_experience":522523,"relics_obtained":[{"floor":9,"key":"Shuriken"},{"floor":11,"key":"Question Card"}],"event_choices":[{"damage_healed":0,"gold_gain":0,"player_choice":"Ignored","damage_taken":0,"max_hp_gain":0,"max_hp_loss":0,"event_name":"Liars Game","floor":2,"gold_loss":0}],"is_beta":false,"boss_relics":[],"items_purged_floors":[4],"is_endless":false,"potions_floor_spawned":[3,7,10],"killed_by":"Gremlin Gang","ascension_level":12}