{"gold_per_floor":[110,110,110,124,141,151,6,39,39,51,82,94,120,32,32,131,131,144,144,19,29,29,29,29],"floor_reached":24,"playtime":2543,"items_purged":["Strike_G","Strike_G","Strike_G"],"score":196,"play_id":"d357a10e-fc01-4e90-8ee0-06c0d247c70a","local_time":"20180925214240","is_ascension_mode":false,"campfire_choices":[{"floor":12,"key":"REST"},{"data":"Neutralize","floor":15,"key":"SMITH"},{"data":"Corpse Explosion","floor":23,"key":"SMITH"}],"neow_cost":"NONE","seed_source_timestamp":369672568688542,"circlet_count":0,"master_deck":["Defend_G","Defend_G","Defend_G","Defend_G","Strike_G","Survivor","Neutralize+1","Caltrops","Backflip","Backstab","Backflip","Glass Knife","Noxious Fumes","Backflip","Acrobatics","Footwork","Corpse Explosion+1","Noxious Fumes+1","Dagger Spray+1"],"relics":["Ring of the Snake","Bag of Preparation","Darkstone Periapt","MawBank","Empty Cage","Nilry\u0027s Codex","MutagenicStrength"],"potions_floor_usage":[8],"damage_taken":[{"damage":0,"enemies":"Small Slimes","floor":1,"turns":4},{"damage":0,"enemies":"2 Louse","floor":4,"turns":3},{"damage":0,"enemies":"Jaw Worm","floor":5,"turns":4},{"damage":6,"enemies":"3 Louse","floor":6,"turns":4},{"damage":22,"enemies":"3 Sentries","floor":8,"turns":7},{"damage":2,"enemies":"Exordium Thugs","floor":11,"turns":5},{"damage":3,"enemies":"Red Slaver","floor":13,"turns":4},{"damage":11,"enemies":"The Guardian","floor":16,"turns":14},{"damage":15,"enemies":"3 Byrds","floor":18,"turns":5},{"damage":0,"enemies":"Chosen","floor":21,"turns":5},{"damage":51,"enemies":"Slavers","floor":24,"turns":4}],"seed_played":"-2154531994751168321","potions_obtained":[{"floor":1,"key":"FairyPotion"},{"floor":4,"key":"SkillPotion"},{"floor":6,"key":"SteroidPotion"},{"floor":13,"key":"Ancient Potion"},{"floor":18,"key":"Swift Potion"}],"is_trial":false,"path_per_floor":["M","?","?","M","M","M","$","E","T","?","M","R","M","$","R","B",null,"M","?","$","M","?","R"],"character_chosen":"THE_SILENT","items_purchased":["Noxious Fumes"],"campfire_rested":1,"item_purchase_floors":[7],"current_hp_per_floor":[70,70,70,70,70,64,64,42,42,42,40,61,58,58,58,47,70,55,39,39,39,39,39,0],"gold":29,"neow_bonus":"THREE_CARDS","is_prod":false,"is_daily":false,"chose_seed":false,"campfire_upgraded":2,"win_rate":0.0,"timestamp":1537904560,"path_taken":["M","?","?","?","M","M","$","E","T","?","?","R","M","?","R","BOSS","M","?","$","M","?","R","E"],"build_version":"2018-09-20","purchased_purges":3,"victory":false,"max_hp_per_floor":[70,70,70,70,70,70,70,70,70,70,70,70,70,70,70,70,70,70,70,70,70,70,70,70],"card_choices":[{"not_picked":["Bouncing Flask","Dagger Spray"],"picked":"Caltrops","floor":0},{"not_picked":["Blade Dance","Skewer"],"picked":"Backflip","floor":1},{"not_picked":["Caltrops","Dodge and Roll"],"picked":"Backstab","floor":4},{"not_picked":["PiercingWail","Catalyst"],"picked":"Backflip","floor":5},{"not_picked":["Choke","Flechettes"],"picked":"Glass Knife","floor":6},{"not_picked":["Dagger Throw","Poisoned Stab"],"picked":"Backflip","floor":8},{"not_picked":["Flying Knee","Slice"],"picked":"Acrobatics","floor":11},{"not_picked":["Crippling Poison","Quick Slash"],"picked":"Footwork","floor":13},{"not_picked":["Doppelganger","Glass Knife"],"picked":"Corpse Explosion","floor":16},{"not_picked":["Acrobatics","Reflex"],"picked":"Noxious Fumes+1","floor":18},{"not_picked":["All Out Attack+1","Flying Knee"],"picked":"Dagger Spray+1","floor":21}],"player_experience":10745,"relics_obtained":[{"floor":8,"key":"Darkstone Periapt"},{"floor":9,"key":"MawBank"},{"floor":19,"key":"Nilry\u0027s Codex"}],"event_choices":[{"event_name":"Shining Light","player_choice":"Ignored","floor":2,"damage_taken":0},{"event_name":"WeMeetAgain","player_choice":"Potion","floor":3,"damage_taken":0},{"event_name":"Liars Game","player_choice":"disagreed","floor":10,"damage_taken":0},{"event_name":"Cursed Tome","player_choice":"Obtained Book","floor":19,"damage_taken":0},{"event_name":"Drug Dealer","player_choice":"Inject Mutagens","floor":22,"damage_taken":0}],"is_beta":false,"boss_relics":[{"not_picked":["Snecko Eye","WristBlade"],"picked":"Empty Cage"}],"items_purged_floors":[7,14,20],"is_endless":false,"potions_floor_spawned":[1,4,6,13,18],"killed_by":"Slavers","ascension_level":0}