{"gold_per_floor":[114,114,74,85,104,104,130,130,130,144,155,165,165,181,181,181],"floor_reached":16,"playtime":712,"items_purged":[],"score":208,"play_id":"a0095de3-9f92-458f-b721-2181104e0647","local_time":"20190421232540","is_ascension_mode":true,"campfire_choices":[{"data":"Poisoned Stab","floor":6,"key":"SMITH"},{"data":"Adrenaline","floor":8,"key":"SMITH"},{"data":"Dagger Spray","floor":13,"key":"SMITH"},{"data":"Blade Dance","floor":15,"key":"SMITH"}],"neow_cost":"NONE","seed_source_timestamp":227198439827850,"circlet_count":0,"master_deck":["AscendersBane","Defend_G","Defend_G","Defend_G","Defend_G","Defend_G","Strike_G","Strike_G","Strike_G","Strike_G","Strike_G","Survivor","Neutralize","Poisoned Stab+1","Prepared","Blade Dance+1","Adrenaline+1","Sucker Punch","Dagger Spray+1","Backflip","Backflip"],"relics":["Ring of the Snake","NeowsBlessing","Ninja Scroll","Oddly Smooth Stone"],"potions_floor_usage":[7,7,7,16],"damage_taken":[{"damage":0,"enemies":"2 Louse","floor":1,"turns":1},{"damage":0,"enemies":"Small Slimes","floor":4,"turns":1},{"damage":0,"enemies":"Cultist","floor":5,"turns":1},{"damage":17,"enemies":"Lagavulin","floor":7,"turns":5},{"damage":2,"enemies":"Exordium Wildlife","floor":10,"turns":6},{"damage":0,"enemies":"Large Slime","floor":11,"turns":4},{"damage":6,"enemies":"3 Louse","floor":12,"turns":3},{"damage":0,"enemies":"2 Fungi Beasts","floor":14,"turns":2},{"damage":38,"enemies":"Slime Boss","floor":16,"turns":8}],"seed_played":"-1320355985331874777","potions_obtained":[{"floor":3,"key":"Poison Potion"},{"floor":3,"key":"EntropicBrew"},{"floor":7,"key":"PowerPotion"},{"floor":12,"key":"Energy Potion"}],"is_trial":false,"path_per_floor":["M","?","?","M","M","R","E","R","T","M","M","M","R","M","R","B"],"character_chosen":"THE_SILENT","items_purchased":[],"campfire_rested":0,"item_purchase_floors":[],"current_hp_per_floor":[59,59,59,59,59,59,42,42,42,40,40,34,34,34,34,0],"gold":181,"neow_bonus":"THREE_ENEMY_KILL","is_prod":false,"is_daily":false,"chose_seed":false,"campfire_upgraded":4,"win_rate":0,"timestamp":1555856740,"path_taken":["M","?","?","M","?","R","E","R","T","M","M","M","R","M","R","BOSS"],"build_version":"2019-01-23","purchased_purges":0,"victory":false,"max_hp_per_floor":[66,66,66,66,66,66,66,66,66,66,66,66,66,66,66,66],"card_choices":[{"not_picked":["Backstab","Leg Sweep"],"picked":"Poisoned Stab","floor":1},{"not_picked":["Acrobatics","Heel Hook"],"picked":"Prepared","floor":4},{"not_picked":["Outmaneuver","Deflect"],"picked":"Blade Dance","floor":5},{"not_picked":["Dagger Spray","Terror"],"picked":"Adrenaline","floor":7},{"not_picked":["Eviscerate","Underhanded Strike"],"picked":"Sucker Punch","floor":10},{"not_picked":["Underhanded Strike","Cloak And Dagger"],"picked":"Dagger Spray","floor":11},{"not_picked":["Sucker Punch","Flying Knee"],"picked":"Backflip","floor":12},{"not_picked":["Bouncing Flask","Distraction"],"picked":"Backflip","floor":14}],"player_experience":1031898,"relics_obtained":[{"floor":7,"key":"Ninja Scroll"},{"floor":9,"key":"Oddly Smooth Stone"}],"event_choices":[{"damage_healed":0,"gold_gain":0,"player_choice":"Ignored","damage_taken":0,"max_hp_gain":0,"max_hp_loss":0,"event_name":"Liars Game","floor":2,"gold_loss":0},{"damage_healed":0,"gold_gain":0,"player_choice":"Bought 3 Potions","damage_taken":0,"max_hp_gain":0,"max_hp_loss":0,"event_name":"The Woman in Blue","floor":3,"gold_loss":0}],"is_beta":false,"boss_relics":[],"items_purged_floors":[],"is_endless":false,"potions_floor_spawned":[4,7,12],"killed_by":"Slime Boss","ascension_level":20}