{"path_per_floor":["M","?","T","?","M","E","M","E","T","M","?","R","M","M","R","B",null,"M","M","?","M","$","M","R","M","T","R","M","R","?","?","R"],"character_chosen":"THE_SILENT","items_purchased":["Incense Burner","Footwork","Block Potion"],"gold_per_floor":[119,119,191,191,210,236,256,288,366,382,632,632,642,655,655,759,759,771,784,784,799,297,311,311,329,352,352,362,362,362,322,322,322],"floor_reached":33,"campfire_rested":4,"playtime":2485,"item_purchase_floors":[22,22,22],"current_hp_per_floor":[70,70,70,70,70,70,70,48,48,45,51,51,44,19,41,34,76,29,27,27,27,27,20,42,3,3,25,25,47,53,53,53,0],"items_purged":["Defend_G"],"gold":322,"score":351,"play_id":"2869ca7f-309c-403f-b365-df49c1a8d3ea","local_time":"20180616122857","is_prod":false,"is_daily":false,"chose_seed":false,"is_ascension_mode":true,"campfire_upgraded":2,"win_rate":0,"timestamp":1529170137,"campfire_choices":[{"data":"Bouncing Flask","floor":12,"key":"SMITH"},{"floor":15,"key":"REST"},{"floor":24,"key":"REST"},{"floor":27,"key":"REST"},{"floor":29,"key":"REST"},{"data":"Glass Knife","floor":32,"key":"SMITH"}],"path_taken":["M","?","?","?","M","E","M","E","T","M","?","R","M","M","R","BOSS","M","M","?","M","$","M","R","M","T","R","M","R","?","?","R","BOSS"],"build_version":"2018-06-14v2","seed_source_timestamp":185667899904107,"purchased_purges":1,"victory":false,"master_deck":["Defend_G","Defend_G","Defend_G","Defend_G","Strike_G","Strike_G","Strike_G","Strike_G","Survivor","Neutralize","Masterful Stab+1","Blur","Deflect","Distraction","Bouncing Flask+1","Blur","Backstab","Glass Knife+1","Backstab+1","Endless Agony","Blur","Footwork","Catalyst+1","Crippling Poison","Deflect","Decay"],"max_hp_per_floor":[70,70,70,70,70,70,70,70,70,70,76,76,76,76,76,76,76,76,76,76,76,76,76,76,76,76,76,76,76,82,82,82,82],"relics":["Ring of the Snake","NeowsBlessing","Darkstone Periapt","Oddly Smooth Stone","Snake Skull","Question Card","Philosopher\u0027s Stone","Incense Burner","Juzu Bracelet"],"card_choices":[{"not_picked":["Acrobatics","Heel Hook"],"picked":"Masterful Stab","floor":1},{"not_picked":["Malaise","Outmaneuver"],"picked":"Blur","floor":5},{"not_picked":["Acrobatics","Heel Hook","Predator"],"picked":"SKIP","floor":6},{"not_picked":["Dodge and Roll","Prepared"],"picked":"Deflect","floor":7},{"not_picked":["Prepared","Cloak And Dagger"],"picked":"Distraction","floor":8},{"not_picked":["Outmaneuver","Backflip","Underhanded Strike"],"picked":"Bouncing Flask","floor":10},{"not_picked":["Underhanded Strike","Cloak And Dagger","PiercingWail"],"picked":"Blur","floor":13},{"not_picked":["Burst","Blur","Bane"],"picked":"Backstab","floor":14},{"not_picked":["Doppelganger","Night Terror","Tactician"],"picked":"Glass Knife","floor":16},{"not_picked":["Masterful Stab","Flying Knee","Riddle With Holes"],"picked":"Backstab+1","floor":18},{"not_picked":["Dodge and Roll","Outmaneuver","Flying Knee"],"picked":"Endless Agony","floor":19},{"not_picked":["Deadly Poison","Deflect","Prepared+1"],"picked":"Blur","floor":21},{"not_picked":["Tools of the Trade","Caltrops","Deflect"],"picked":"Catalyst+1","floor":23},{"not_picked":["Dodge and Roll","Dagger Spray","Dagger Throw"],"picked":"Crippling Poison","floor":25},{"not_picked":["Riddle With Holes","Dagger Spray","Deadly Poison"],"picked":"Deflect","floor":28}],"player_experience":115479,"potions_floor_usage":[8,13,14,14,14,16,23,33,33],"damage_taken":[{"damage":0,"enemies":"2 Louse","floor":1,"turns":1},{"damage":0,"enemies":"Cultist","floor":5,"turns":1},{"damage":0,"enemies":"3 Sentries","floor":6,"turns":1},{"damage":0,"enemies":"Small Slimes","floor":7,"turns":4},{"damage":22,"enemies":"Gremlin Nob","floor":8,"turns":7},{"damage":3,"enemies":"Exordium Wildlife","floor":10,"turns":8},{"damage":7,"enemies":"3 Louse","floor":13,"turns":4},{"damage":25,"enemies":"Gremlin Gang","floor":14,"turns":6},{"damage":7,"enemies":"The Guardian","floor":16,"turns":9},{"damage":47,"enemies":"3 Byrds","floor":18,"turns":5},{"damage":2,"enemies":"Spheric Guardian","floor":19,"turns":3},{"damage":0,"enemies":"Centurion and Healer","floor":21,"turns":6},{"damage":7,"enemies":"Slaver and Parasite","floor":23,"turns":5},{"damage":39,"enemies":"Cultist and Chosen","floor":25,"turns":7},{"damage":0,"enemies":"Chosen and Byrds","floor":28,"turns":5},{"damage":54,"enemies":"Champ","floor":33,"turns":9}],"relics_obtained":[{"floor":3,"key":"Darkstone Periapt"},{"floor":6,"key":"Oddly Smooth Stone"},{"floor":8,"key":"Snake Skull"},{"floor":9,"key":"Question Card"},{"floor":26,"key":"Juzu Bracelet"}],"event_choices":[{"event_name":"Purifier","player_choice":"One Purge","floor":2,"damage_taken":0},{"event_name":"Living Wall","player_choice":"Grow","floor":4,"damage_taken":0},{"event_name":"Golden Shrine","player_choice":"Desecrate","floor":11,"damage_taken":0},{"event_name":"Fountain of Cleansing","player_choice":"Removed Curse","floor":20,"damage_taken":0},{"event_name":"Wheel of Change","player_choice":"Curse","floor":30,"damage_taken":0},{"event_name":"The Woman in Blue","player_choice":"Bought 3 Potions","floor":31,"damage_taken":0}],"boss_relics":[{"not_picked":["Pandora\u0027s Box","White Beast Statue"],"picked":"Philosopher\u0027s Stone"}],"items_purged_floors":[22],"is_endless":false,"potions_floor_spawned":[6,8,10,13,14],"seed_played":"7283360193017324014","killed_by":"Champ","ascension_level":1,"potions_obtained":[{"floor":6,"key":"GhostInAJar"},{"floor":8,"key":"Strength Potion"},{"floor":10,"key":"PowerPotion"},{"floor":13,"key":"SkillPotion"},{"floor":14,"key":"Energy Potion"},{"floor":31,"key":"Block Potion"},{"floor":31,"key":"Dexterity Potion"}],"is_trial":false}