{"gold_per_floor":[114,0,0,20,70,70,88,114,114,124,124,158,72,72,72,149,149,164,164,119,3,13,13,13,47,47,47,47,47,66,85,85,85],"floor_reached":33,"playtime":1173,"items_purged":[],"score":546,"play_id":"e208b4bc-772e-4d5e-91e8-8d6b208362b8","local_time":"20190315225731","is_ascension_mode":true,"campfire_choices":[{"data":"Bash","floor":6,"key":"SMITH"},{"data":"Shockwave","floor":11,"key":"SMITH"},{"data":"Inflame","floor":15,"key":"SMITH"},{"data":"Carnage","floor":23,"key":"SMITH"},{"data":"Flame Barrier","floor":27,"key":"SMITH"},{"floor":32,"key":"REST"}],"neow_cost":"NONE","seed_source_timestamp":755782117880671,"circlet_count":0,"master_deck":["AscendersBane","Strike_R","Strike_R","Strike_R","Strike_R","Defend_R","Defend_R","Defend_R","Defend_R","Bash+1","Inflame+1","Armaments+1","Shockwave+1","Shrug It Off","Disarm","Exhume","Flame Barrier+1","Ghostly Armor","Dropkick","Carnage+1","Metallicize","Bludgeon+1"],"relics":["Burning Blood","NeowsBlessing","Pen Nib","Paper Frog","Incense Burner","Gambling Chip","Sozu","Molten Egg 2","Regal Pillow","PreservedInsect"],"potions_floor_usage":[8,8,8,10,12],"damage_taken":[{"damage":0,"enemies":"Small Slimes","floor":1,"turns":1},{"damage":0,"enemies":"2 Louse","floor":4,"turns":1},{"damage":0,"enemies":"Cultist","floor":7,"turns":1},{"damage":23,"enemies":"Lagavulin","floor":8,"turns":8},{"damage":1,"enemies":"Red Slaver","floor":10,"turns":3},{"damage":31,"enemies":"3 Sentries","floor":12,"turns":10},{"damage":12,"enemies":"The Guardian","floor":16,"turns":10},{"damage":9,"enemies":"Chosen","floor":18,"turns":5},{"damage":5,"enemies":"2 Thieves","floor":20,"turns":5},{"damage":13,"enemies":"Snake Plant","floor":22,"turns":4},{"damage":2,"enemies":"Book of Stabbing","floor":25,"turns":6},{"damage":6,"enemies":"Centurion and Healer","floor":30,"turns":3},{"damage":20,"enemies":"Sentry and Sphere","floor":31,"turns":8},{"damage":64,"enemies":"Collector","floor":33,"turns":9}],"seed_played":"2827338198169661324","potions_obtained":[{"floor":4,"key":"EntropicBrew"},{"floor":8,"key":"AttackPotion"},{"floor":10,"key":"FearPotion"},{"floor":16,"key":"Swift Potion"}],"is_trial":false,"path_per_floor":["M","$","?","M","?","R","M","E","T","M","R","E","$","T","R","B",null,"M","?","M","$","M","R","T","E","T","R","$","?","M","M","R","B"],"character_chosen":"IRONCLAD","items_purchased":["Inflame","Armaments","Disarm","Carnage","Metallicize"],"campfire_rested":1,"item_purchase_floors":[2,2,13,21,21],"current_hp_per_floor":[74,74,74,75,75,75,75,58,58,63,63,38,38,38,38,32,64,61,61,62,62,55,55,55,59,59,59,59,38,38,24,63,0],"gold":85,"neow_bonus":"THREE_ENEMY_KILL","is_prod":false,"is_daily":false,"chose_seed":false,"campfire_upgraded":5,"win_rate":0,"timestamp":1552658251,"path_taken":["M","$","?","M","?","R","?","E","T","M","R","E","$","?","R","BOSS","M","?","?","$","M","R","?","E","T","R","?","?","M","M","R","BOSS"],"build_version":"2019-01-23","purchased_purges":0,"victory":false,"max_hp_per_floor":[75,75,75,75,75,75,75,75,75,75,75,75,75,75,75,75,75,75,75,75,75,75,75,75,75,75,75,75,80,80,80,80,80],"card_choices":[{"not_picked":["Heavy Blade","Body Slam","Flex"],"picked":"SKIP","floor":1},{"not_picked":["Twin Strike","Evolve","Rampage"],"picked":"SKIP","floor":4},{"not_picked":["Iron Wave","Pommel Strike"],"picked":"Shockwave","floor":7},{"not_picked":["Heavy Blade","Iron Wave"],"picked":"Shrug It Off","floor":8},{"not_picked":["Burning Pact","Thunderclap","Twin Strike"],"picked":"SKIP","floor":10},{"not_picked":["Twin Strike","Berserk","Barricade"],"picked":"SKIP","floor":12},{"not_picked":["Impervious","Berserk"],"picked":"Exhume","floor":16},{"not_picked":["Clash","True Grit"],"picked":"Flame Barrier","floor":18},{"not_picked":["Perfected Strike","Sword Boomerang"],"picked":"Dropkick","floor":20},{"not_picked":["Sword Boomerang","Clash","Shockwave"],"picked":"SKIP","floor":22},{"not_picked":["Thunderclap+1","Headbutt+1"],"picked":"Bludgeon+1","floor":25},{"not_picked":["Thunderclap+1","Evolve","Flex"],"picked":"SKIP","floor":30},{"not_picked":["Clash+1","Burning Pact","Clothesline+1"],"picked":"SKIP","floor":31}],"player_experience":710552,"relics_obtained":[{"floor":8,"key":"Pen Nib"},{"floor":9,"key":"Paper Frog"},{"floor":12,"key":"Incense Burner"},{"floor":14,"key":"Gambling Chip"},{"floor":24,"key":"Molten Egg 2"},{"floor":25,"key":"Regal Pillow"},{"floor":26,"key":"PreservedInsect"}],"event_choices":[{"damage_healed":0,"gold_gain":0,"player_choice":"Grow","damage_taken":0,"max_hp_gain":0,"max_hp_loss":0,"event_name":"Living Wall","floor":3,"gold_loss":0,"cards_upgraded":["Armaments"]},{"damage_healed":0,"gold_gain":50,"player_choice":"Pray","damage_taken":0,"max_hp_gain":0,"max_hp_loss":0,"event_name":"Golden Shrine","floor":5,"gold_loss":0},{"damage_healed":0,"gold_gain":0,"cards_transformed":["Strike_R"],"player_choice":"Transformed","damage_taken":0,"max_hp_gain":0,"max_hp_loss":0,"event_name":"Transmorgrifier","floor":19,"gold_loss":0,"cards_obtained":["Ghostly Armor"]},{"damage_healed":0,"gold_gain":0,"player_choice":"Shed Blood","damage_taken":26,"max_hp_gain":5,"max_hp_loss":0,"event_name":"Forgotten Altar","floor":29,"gold_loss":0}],"is_beta":false,"boss_relics":[{"not_picked":["Tiny House","Eternal Feather"],"picked":"Sozu"}],"items_purged_floors":[],"is_endless":false,"potions_floor_spawned":[4,8,10,16,18,22,25,31],"killed_by":"Collector","ascension_level":20}