{"gold_per_floor":[114,114,114,114,114,141,141,167,167,199,213,213,17,36,36,139,139,150,162,182,182],"floor_reached":21,"playtime":2056,"items_purged":["Strike_G"],"score":371,"play_id":"ac3beb75-3f7e-4bce-8fe2-010f5c938377","local_time":"20190324143526","is_ascension_mode":true,"campfire_choices":[{"data":"Neutralize","floor":7,"key":"SMITH"},{"data":"Deadly Poison","floor":12,"key":"SMITH"},{"data":"Noxious Fumes","floor":15,"key":"SMITH"}],"neow_cost":"NONE","seed_source_timestamp":150645281007832,"circlet_count":0,"master_deck":["AscendersBane","Defend_G","Defend_G","Defend_G","Defend_G","Strike_G+1","Strike_G","Strike_G","Strike_G","Survivor+1","Neutralize+1","Poisoned Stab","Deflect","Deadly Poison+1","Dodge and Roll","Noxious Fumes+1","Dodge and Roll","Glass Knife","Backflip","Deadly Poison","Crippling Poison"],"relics":["Ring of the Snake","NeowsBlessing","Ornamental Fan","Orichalcum","Dead Branch","Gremlin Horn","Tough Bandages","Velvet Choker"],"potions_floor_usage":[16,16],"damage_taken":[{"damage":0,"enemies":"2 Louse","floor":1,"turns":1},{"damage":0,"enemies":"Gremlin Nob","floor":6,"turns":1},{"damage":0,"enemies":"3 Sentries","floor":8,"turns":1},{"damage":15,"enemies":"Gremlin Nob","floor":10,"turns":5},{"damage":3,"enemies":"Jaw Worm","floor":11,"turns":3},{"damage":0,"enemies":"Cultist","floor":14,"turns":3},{"damage":25,"enemies":"Slime Boss","floor":16,"turns":11},{"damage":11,"enemies":"2 Thieves","floor":18,"turns":5},{"damage":0,"enemies":"Chosen","floor":19,"turns":4},{"damage":37,"enemies":"Centurion and Healer","floor":20,"turns":6},{"damage":7,"enemies":"Cultist and Chosen","floor":21,"turns":4}],"seed_played":"2451013473193367125","potions_obtained":[{"floor":10,"key":"SteroidPotion"}],"is_trial":false,"path_per_floor":["M","?","?","?","T","E","R","E","T","E","M","R","$","M","R","B",null,"M","M","M","M"],"character_chosen":"THE_SILENT","items_purchased":["Noxious Fumes","Block Potion"],"campfire_rested":0,"item_purchase_floors":[13,13],"current_hp_per_floor":[63,56,42,65,65,65,65,65,65,50,47,47,47,47,47,22,58,47,47,10,3],"gold":182,"neow_bonus":"THREE_ENEMY_KILL","is_prod":false,"is_daily":false,"chose_seed":false,"campfire_upgraded":3,"win_rate":0,"timestamp":1553434526,"path_taken":["M","?","?","?","?","E","R","E","T","E","?","R","$","M","R","BOSS","M","M","?","?"],"build_version":"2019-01-23","purchased_purges":1,"victory":false,"max_hp_per_floor":[70,70,70,70,70,70,70,70,70,70,70,70,70,70,70,70,70,70,70,70,70],"card_choices":[{"not_picked":["Quick Slash","Flying Knee","Finisher"],"picked":"SKIP","floor":1},{"not_picked":["PiercingWail","Predator"],"picked":"Poisoned Stab","floor":6},{"not_picked":["PiercingWail","Finisher"],"picked":"Deflect","floor":8},{"not_picked":["Flechettes","Heel Hook"],"picked":"Deadly Poison","floor":10},{"not_picked":["Heel Hook","Quick Slash"],"picked":"Dodge and Roll","floor":11},{"not_picked":["Concentrate","Grand Finale"],"picked":"Dodge and Roll","floor":14},{"not_picked":["Bullet Time","Night Terror"],"picked":"Glass Knife","floor":16},{"not_picked":["All Out Attack","Catalyst"],"picked":"Backflip","floor":18},{"not_picked":["Dagger Throw","Tactician"],"picked":"Deadly Poison","floor":19},{"not_picked":["Well Laid Plans+1","Deflect+1"],"picked":"Crippling Poison","floor":20}],"player_experience":358360,"relics_obtained":[{"floor":5,"key":"Ornamental Fan"},{"floor":6,"key":"Orichalcum"},{"floor":8,"key":"Dead Branch"},{"floor":9,"key":"Gremlin Horn"},{"floor":10,"key":"Tough Bandages"}],"event_choices":[{"cards_removed":["Defend_G"],"damage_healed":0,"gold_gain":0,"player_choice":"Card Removal","damage_taken":7,"max_hp_gain":0,"max_hp_loss":0,"event_name":"Golden Wing","floor":2,"gold_loss":0},{"damage_healed":0,"gold_gain":0,"player_choice":"Entered Light","damage_taken":14,"max_hp_gain":0,"max_hp_loss":0,"event_name":"Shining Light","floor":3,"gold_loss":0,"cards_upgraded":["Survivor","Strike_G"]},{"damage_healed":23,"gold_gain":0,"player_choice":"Banana","damage_taken":0,"max_hp_gain":0,"max_hp_loss":0,"event_name":"Big Fish","floor":4,"gold_loss":0}],"is_beta":false,"boss_relics":[{"not_picked":["Empty Cage","Orrery"],"picked":"Velvet Choker"}],"items_purged_floors":[13],"is_endless":false,"potions_floor_spawned":[10],"killed_by":"Cultist and Chosen","ascension_level":10}