{"gold_per_floor":[111,126,139,139,154,154,74,74,74,74,85,104,114,15,15,115,115,130,130,30,50,50,50,68,68,95,114,114,114,45,72,72,174,174,194,194,210,18,28,28,48,61,61,96,96,96,96,107,107,107],"floor_reached":51,"playtime":3186,"items_purged":["Strike_R","Strike_R+1"],"score":696,"play_id":"1cf5bc0e-c136-4051-94d8-8a280345811e","local_time":"20181003232858","is_ascension_mode":true,"campfire_choices":[{"data":"Body Slam","floor":6,"key":"SMITH"},{"data":"Body Slam","floor":8,"key":"SMITH"},{"data":"Spot Weakness","floor":10,"key":"SMITH"},{"data":"Intimidate","floor":15,"key":"SMITH"},{"data":"Anger","floor":23,"key":"SMITH"},{"data":"Spot Weakness","floor":25,"key":"SMITH"},{"data":"Power Through","floor":29,"key":"SMITH"},{"data":"Rage","floor":32,"key":"SMITH"},{"data":"Limit Break","floor":40,"key":"SMITH"},{"data":"Inflame","floor":45,"key":"SMITH"},{"data":"Shrug It Off","floor":47,"key":"SMITH"},{"floor":49,"key":"REST"}],"neow_cost":"NONE","seed_source_timestamp":356634676560264,"circlet_count":0,"master_deck":["Strike_R+1","Strike_R+1","Strike_R+1","Defend_R+1","Defend_R+1","Defend_R+1","Defend_R+1","Bash+1","Anger+1","Body Slam+1","Intimidate+1","Body Slam+1","Spot Weakness+1","Spot Weakness+1","Flex","Offering","Shrug It Off+1","Reaper","Wild Strike+1","Power Through+1","Rage+1","Wild Strike+1","Limit Break+1","Shrug It Off+1","Inflame+1","Ghostly Armor","Body Slam+1","Heavy Blade+1"],"relics":["Burning Blood","Unceasing Top","Shuriken","Lizard Tail","Happy Flower","MutagenicStrength","Sundial","Busted Crown","Paper Frog","Pocketwatch","Peace Pipe"],"potions_floor_usage":[16,16,33,33,42,50,50,50],"damage_taken":[{"damage":5,"enemies":"2 Louse","floor":1,"turns":3},{"damage":0,"enemies":"Small Slimes","floor":2,"turns":3},{"damage":0,"enemies":"Cultist","floor":3,"turns":3},{"damage":11,"enemies":"Red Slaver","floor":5,"turns":4},{"damage":11,"enemies":"Exordium Thugs","floor":11,"turns":4},{"damage":0,"enemies":"3 Louse","floor":12,"turns":2},{"damage":10,"enemies":"Looter","floor":13,"turns":2},{"damage":35,"enemies":"Slime Boss","floor":16,"turns":9},{"damage":16,"enemies":"Shell Parasite","floor":18,"turns":5},{"damage":13,"enemies":"3 Byrds","floor":21,"turns":6},{"damage":10,"enemies":"3 Cultists","floor":24,"turns":5},{"damage":9,"enemies":"Snake Plant","floor":27,"turns":4},{"damage":10,"enemies":"Gremlin Leader","floor":31,"turns":5},{"damage":51,"enemies":"Collector","floor":33,"turns":10},{"damage":26,"enemies":"3 Darklings","floor":35,"turns":4},{"damage":9,"enemies":"3 Shapes","floor":37,"turns":4},{"damage":5,"enemies":"Transient","floor":39,"turns":5},{"damage":27,"enemies":"4 Shapes","floor":41,"turns":5},{"damage":50,"enemies":"Maw","floor":42,"turns":9},{"damage":18,"enemies":"2 Orb Walkers","floor":44,"turns":3},{"damage":6,"enemies":"Mind Bloom Boss Battle","floor":46,"turns":3},{"damage":6,"enemies":"Spire Growth","floor":48,"turns":3},{"damage":74,"enemies":"Donu and Deca","floor":50,"turns":8}],"seed_played":"-2249794050437038058","potions_obtained":[{"floor":2,"key":"GamblersBrew"},{"floor":3,"key":"GamblersBrew"},{"floor":5,"key":"Fire Potion"},{"floor":13,"key":"Swift Potion"},{"floor":24,"key":"LiquidBronze"},{"floor":27,"key":"Strength Potion"},{"floor":33,"key":"Swift Potion"},{"floor":44,"key":"SpeedPotion"},{"floor":48,"key":"Regen Potion"}],"is_trial":false,"path_per_floor":["M","M","M","?","M","R","$","R","T","R","M","M","M","$","R","B",null,"M","?","$","M","?","R","M","R","T","M","?","R","$","E","R","B",null,"M","?","M","$","M","R","M","M","T","E","R","?","R","M","R","B"],"character_chosen":"IRONCLAD","items_purchased":["Spot Weakness","Shrug It Off","Rage","Inflame","Ghostly Armor","SpeedPotion"],"campfire_rested":1,"item_purchase_floors":[7,14,30,38,38,38],"current_hp_per_floor":[80,80,80,68,63,63,63,63,63,63,58,64,60,60,60,31,80,70,70,70,72,72,72,80,80,80,77,77,77,77,73,73,35,80,60,60,77,77,80,80,65,28,28,34,34,34,34,42,66,29],"gold":107,"neow_bonus":"UPGRADE_CARD","is_prod":false,"is_daily":false,"chose_seed":false,"campfire_upgraded":11,"win_rate":0,"timestamp":1538602138,"path_taken":["M","M","M","?","M","R","$","R","T","R","?","M","?","?","R","BOSS","M","?","$","M","?","R","M","R","T","M","?","R","$","E","R","BOSS","M","?","M","$","?","R","M","M","T","E","R","?","R","M","R","BOSS"],"build_version":"2018-09-27","purchased_purges":2,"victory":true,"max_hp_per_floor":[80,80,80,80,80,80,80,80,80,80,80,80,80,80,80,80,80,80,80,80,80,80,80,80,80,80,80,80,80,80,80,80,80,80,80,80,80,80,80,80,80,80,80,80,80,80,80,80,80,80],"card_choices":[{"not_picked":["Warcry","Evolve"],"picked":"Anger","floor":1},{"not_picked":["Cleave","Rupture"],"picked":"Body Slam","floor":2},{"not_picked":["Feel No Pain","Body Slam"],"picked":"Intimidate","floor":3},{"not_picked":["Flame Barrier","Clothesline"],"picked":"Body Slam","floor":5},{"not_picked":["True Grit","Clash"],"picked":"Spot Weakness","floor":11},{"not_picked":["Heavy Blade","Feel No Pain"],"picked":"Flex","floor":12},{"not_picked":["Perfected Strike","Reckless Charge"],"picked":"Offering","floor":13},{"not_picked":["Double Tap","Berserk"],"picked":"Reaper","floor":16},{"not_picked":["Bloodletting","Infernal Blade","Headbutt"],"picked":"SKIP","floor":18},{"not_picked":["Battle Trance","Clothesline","Perfected Strike+1"],"picked":"SKIP","floor":21},{"not_picked":["Armaments","Pommel Strike"],"picked":"Wild Strike+1","floor":24},{"not_picked":["Searing Blow","Whirlwind"],"picked":"Power Through","floor":27},{"not_picked":["Flex","Perfected Strike+1"],"picked":"Wild Strike+1","floor":31},{"not_picked":["Reaper","Dark Embrace"],"picked":"Limit Break","floor":33},{"not_picked":["Searing Blow+1"],"picked":"SKIP","floor":35},{"not_picked":[],"picked":"Shrug It Off+1","floor":37},{"not_picked":[],"picked":"Body Slam+1","floor":39},{"not_picked":["Flame Barrier"],"picked":"SKIP","floor":41},{"not_picked":["Seeing Red"],"picked":"SKIP","floor":42},{"not_picked":[],"picked":"Heavy Blade+1","floor":44},{"not_picked":["Evolve+1"],"picked":"SKIP","floor":48}],"player_experience":133129,"relics_obtained":[{"floor":9,"key":"Shuriken"},{"floor":26,"key":"Happy Flower"},{"floor":31,"key":"Sundial"},{"floor":43,"key":"Paper Frog"},{"floor":44,"key":"Pocketwatch"},{"floor":46,"key":"Peace Pipe"}],"event_choices":[{"event_name":"Scrap Ooze","player_choice":"success","floor":4,"damage_taken":12},{"event_name":"Back to Basics","player_choice":"Simplicity","floor":19,"damage_taken":0},{"event_name":"Cursed Tome","player_choice":"Ignored","floor":22,"damage_taken":0},{"event_name":"Drug Dealer","player_choice":"Inject Mutagens","floor":28,"damage_taken":0},{"event_name":"SensoryStone","player_choice":"Memory 1","floor":36,"damage_taken":0},{"event_name":"MindBloom","player_choice":"Fight","floor":46,"damage_taken":0}],"is_beta":false,"boss_relics":[{"not_picked":["Calling Bell","Pandora\u0027s Box"],"picked":"Lizard Tail"},{"not_picked":["Empty Cage","Black Star"],"picked":"Busted Crown"}],"items_purged_floors":[14,20],"is_endless":false,"potions_floor_spawned":[2,3,5,13,24,27,33,39,41,44,46,48],"ascension_level":1}