{"gold_per_floor":[369,13,28,47,47,58,93,93,93,93,93,93,93,128,128,201,201,141,141,141,141],"floor_reached":21,"playtime":730,"items_purged":[],"score":315,"play_id":"805309c2-2308-4718-87aa-0be21d17e214","local_time":"20190323173311","is_ascension_mode":true,"campfire_choices":[{"data":"Chaos","floor":8,"key":"SMITH"},{"floor":11,"key":"REST"},{"floor":13,"key":"REST"},{"floor":15,"key":"REST"}],"neow_cost":"PERCENT_DAMAGE","seed_source_timestamp":58411689508160,"circlet_count":0,"master_deck":["AscendersBane","Strike_B","Strike_B","Strike_B","Strike_B","Defend_B","Defend_B","Defend_B","Defend_B","Zap","Dualcast","Redo","Sadistic Nature+1","Go for the Eyes","Beam Cell","Trip","Skim","Undo","Chaos+1","Hologram+1","Conserve Battery+1","Machine Learning+1","Leap+1","Beam Cell"],"relics":["Cracked Core","Toxic Egg 2","Frozen Egg 2","Prayer Wheel","StoneCalendar","Ectoplasm"],"potions_floor_usage":[14],"damage_taken":[{"damage":1,"enemies":"Cultist","floor":1,"turns":3},{"damage":2,"enemies":"2 Louse","floor":3,"turns":3},{"damage":0,"enemies":"Small Slimes","floor":4,"turns":2},{"damage":6,"enemies":"Looter","floor":6,"turns":3},{"damage":7,"enemies":"Lagavulin","floor":7,"turns":5},{"damage":32,"enemies":"3 Sentries","floor":14,"turns":9},{"damage":42,"enemies":"Hexaghost","floor":16,"turns":10},{"damage":23,"enemies":"2 Thieves","floor":18,"turns":4},{"damage":26,"enemies":"Colosseum Slavers","floor":19,"turns":6},{"damage":15,"enemies":"Shell Parasite","floor":21,"turns":2}],"seed_played":"4491246220715062017","potions_obtained":[{"floor":3,"key":"AttackPotion"},{"floor":7,"key":"Ancient Potion"},{"floor":16,"key":"Dexterity Potion"}],"is_trial":false,"path_per_floor":["M","$","M","M","?","M","E","R","T","?","R","?","R","E","R","B",null,"M","?","?","M"],"character_chosen":"DEFECT","items_purchased":["Sadistic Nature","Go for the Eyes","Beam Cell","Trip"],"campfire_rested":3,"item_purchase_floors":[2,2,2,2],"current_hp_per_floor":[45,45,43,43,66,60,53,53,53,28,49,49,70,38,59,17,58,35,9,9,0],"gold":141,"neow_bonus":"TWO_FIFTY_GOLD","is_prod":false,"is_daily":false,"chose_seed":false,"campfire_upgraded":1,"win_rate":0,"timestamp":1553380391,"path_taken":["M","$","M","M","?","M","E","R","T","?","R","?","R","E","R","BOSS","M","?","?","M"],"build_version":"2019-01-23","purchased_purges":0,"victory":false,"max_hp_per_floor":[71,71,71,71,71,71,71,71,71,71,71,71,71,71,71,71,71,71,71,71,71],"card_choices":[{"not_picked":["Stack","Streamline"],"picked":"Redo","floor":1},{"not_picked":["Hologram","Cold Snap"],"picked":"Skim","floor":3},{"not_picked":["Cold Snap","Steam"],"picked":"Undo","floor":4},{"not_picked":["Redo","Streamline"],"picked":"Chaos","floor":6},{"not_picked":["Scrape","Hello World"],"picked":"Hologram","floor":7},{"not_picked":["Streamline","Thunder Strike"],"picked":"Conserve Battery+1","floor":14},{"not_picked":["Meteor Strike","Fission+1"],"picked":"Machine Learning+1","floor":16},{"not_picked":["FTL","Sweeping Beam"],"picked":"Leap+1","floor":18},{"not_picked":["Turbo+1","Fusion+1"],"picked":"Beam Cell","floor":18}],"player_experience":1141762,"relics_obtained":[{"floor":7,"key":"Toxic Egg 2"},{"floor":9,"key":"Frozen Egg 2"},{"floor":14,"key":"StoneCalendar"}],"event_choices":[{"damage_healed":23,"gold_gain":0,"player_choice":"Banana","damage_taken":0,"max_hp_gain":0,"max_hp_loss":0,"event_name":"Big Fish","floor":5,"gold_loss":0},{"damage_healed":0,"gold_gain":0,"player_choice":"Success","damage_taken":25,"relics_obtained":["Prayer Wheel"],"max_hp_gain":0,"max_hp_loss":0,"event_name":"Scrap Ooze","floor":10,"gold_loss":0},{"damage_healed":0,"gold_gain":0,"player_choice":"Grow","damage_taken":0,"max_hp_gain":0,"max_hp_loss":0,"event_name":"Living Wall","floor":12,"gold_loss":0,"cards_upgraded":["Sadistic Nature"]},{"damage_healed":0,"gold_gain":0,"player_choice":"Fight","damage_taken":0,"max_hp_gain":0,"max_hp_loss":0,"event_name":"Colosseum","floor":19,"gold_loss":0},{"damage_healed":0,"gold_gain":0,"player_choice":"Fled From Nobs","damage_taken":0,"max_hp_gain":0,"max_hp_loss":0,"event_name":"Colosseum","floor":19,"gold_loss":0},{"damage_healed":0,"gold_gain":99,"player_choice":"Stole From Cult","damage_taken":0,"max_hp_gain":0,"max_hp_loss":0,"event_name":"Nest","floor":20,"gold_loss":0}],"is_beta":false,"boss_relics":[{"not_picked":["Inserter","Nuclear Battery"],"picked":"Ectoplasm"}],"items_purged_floors":[],"is_endless":false,"potions_floor_spawned":[3,7,16,19],"killed_by":"Shell Parasite","ascension_level":14}