{"gold_per_floor":[119,69,69,35,45,45,80,12,12,12,37,50,65,85,85,184,184,197,142,142,152,165,165,180,180,180,180,192,192,205,217,217,312,312,329,107,118,132,232,232,249,249,249,249,262,287,287,312,312,312],"floor_reached":51,"playtime":2856,"items_purged":["Strike_R"],"score":929,"play_id":"2aa7a4ea-1b19-44e0-bab3-eca828f9d3cb","local_time":"20181222234719","is_ascension_mode":true,"campfire_choices":[{"data":"Cleave","floor":6,"key":"SMITH"},{"data":"Body Slam","floor":10,"key":"SMITH"},{"data":"Disarm","floor":15,"key":"SMITH"},{"data":"Barricade","floor":23,"key":"SMITH"},{"data":"Flame Barrier","floor":27,"key":"SMITH"},{"data":"Bash","floor":32,"key":"SMITH"},{"data":"Feed","floor":40,"key":"SMITH"},{"data":"Defend_R","floor":42,"key":"SMITH"},{"floor":49,"key":"DIG"}],"neow_cost":"NONE","seed_source_timestamp":2066237923670055,"circlet_count":0,"master_deck":["Strike_R+1","Defend_R","Defend_R","Defend_R+1","Bash+1","Armaments+1","Flame Barrier+1","Cleave+1","Body Slam+1","Disarm+1","Shrug It Off+1","Infernal Blade+1","Feed+1","Ghostly Armor+1","Barricade+1","Battle Trance+1","Spot Weakness+1","Sentinel+1","Flex+1","Body Slam+1","Double Tap+1","Flame Barrier+1","Ghostly Armor+1","Metamorphosis+1"],"relics":["Burning Blood","NeowsBlessing","Gremlin Horn","Toxic Egg 2","Boot","Astrolabe","Tiny Chest","Bottled Tornado","Velvet Choker","Bag of Preparation","Gambling Chip","Shovel","Bag of Marbles","Omamori","StoneCalendar"],"potions_floor_usage":[18,28,33,33,38,50,50,50],"damage_taken":[{"damage":0,"enemies":"Jaw Worm","floor":1,"turns":1},{"damage":0,"enemies":"2 Louse","floor":5,"turns":1},{"damage":0,"enemies":"Gremlin Nob","floor":7,"turns":1},{"damage":31,"enemies":"Lagavulin","floor":11,"turns":7},{"damage":1,"enemies":"Cultist","floor":12,"turns":3},{"damage":0,"enemies":"Large Slime","floor":13,"turns":4},{"damage":2,"enemies":"Blue Slaver","floor":14,"turns":3},{"damage":15,"enemies":"The Guardian","floor":16,"turns":15},{"damage":12,"enemies":"2 Thieves","floor":18,"turns":3},{"damage":41,"enemies":"Spheric Guardian","floor":21,"turns":6},{"damage":5,"enemies":"Snake Plant","floor":22,"turns":5},{"damage":5,"enemies":"Centurion and Healer","floor":24,"turns":6},{"damage":4,"enemies":"3 Cultists","floor":28,"turns":6},{"damage":10,"enemies":"Chosen and Byrds","floor":30,"turns":8},{"damage":14,"enemies":"Centurion and Healer","floor":31,"turns":5},{"damage":6,"enemies":"Champ","floor":33,"turns":13},{"damage":11,"enemies":"Orb Walker","floor":35,"turns":4},{"damage":0,"enemies":"3 Darklings","floor":37,"turns":3},{"damage":0,"enemies":"4 Shapes","floor":38,"turns":2},{"damage":0,"enemies":"Mind Bloom Boss Battle","floor":39,"turns":9},{"damage":0,"enemies":"Maw","floor":41,"turns":7},{"damage":0,"enemies":"Transient","floor":45,"turns":5},{"damage":0,"enemies":"Giant Head","floor":46,"turns":7},{"damage":0,"enemies":"Time Eater","floor":50,"turns":12}],"seed_played":"-5566864429538273741","potions_obtained":[{"floor":7,"key":"Fire Potion"},{"floor":14,"key":"SpeedPotion"},{"floor":16,"key":"Explosive Potion"},{"floor":18,"key":"Regen Potion"},{"floor":21,"key":"Block Potion"},{"floor":28,"key":"Energy Potion"},{"floor":33,"key":"Energy Potion"},{"floor":35,"key":"Swift Potion"},{"floor":38,"key":"Dexterity Potion"}],"is_trial":false,"path_per_floor":["M","?","?","$","M","R","E","$","T","R","E","M","M","M","R","B",null,"M","?","?","M","M","R","M","?","T","R","M","?","M","M","R","B",null,"M","$","M","M","?","R","M","R","T","?","M","E","?","T","R","B",null],"character_chosen":"IRONCLAD","items_purchased":["Flame Barrier","Disarm","Bag of Preparation"],"campfire_rested":0,"item_purchase_floors":[4,8,36],"current_hp_per_floor":[80,80,64,64,70,70,76,76,76,76,51,56,62,66,66,61,84,81,81,81,50,51,51,52,52,52,52,71,71,67,62,62,65,100,98,98,106,106,109,109,109,109,109,109,109,109,99,99,99,105],"gold":312,"neow_bonus":"THREE_ENEMY_KILL","is_prod":false,"is_daily":false,"chose_seed":false,"campfire_upgraded":8,"win_rate":0,"timestamp":1545490039,"path_taken":["M","?","?","$","M","R","E","?","T","R","E","?","M","M","R","BOSS","M","?","?","M","M","R","M","?","T","R","M","?","?","M","R","BOSS","M","$","M","M","?","R","M","R","T","?","M","E","?","?","R","BOSS"],"build_version":"2018-12-20","purchased_purges":1,"victory":true,"max_hp_per_floor":[80,80,80,80,80,80,80,80,80,80,80,80,80,80,80,84,84,87,87,87,91,91,91,91,91,91,91,94,94,94,97,97,100,100,103,103,106,106,109,109,109,109,109,109,109,109,109,109,109,109],"card_choices":[{"not_picked":["Evolve","Sword Boomerang"],"picked":"Armaments","floor":1},{"not_picked":["Sentinel","Heavy Blade"],"picked":"Cleave","floor":5},{"not_picked":["Pommel Strike","Cleave"],"picked":"Body Slam","floor":7},{"not_picked":["Perfected Strike","Rupture"],"picked":"Shrug It Off+1","floor":11},{"not_picked":["Cleave","Sword Boomerang"],"picked":"Infernal Blade+1","floor":12},{"not_picked":["Intimidate+1","Second Wind+1"],"picked":"Feed","floor":13},{"not_picked":["Anger","Searing Blow"],"picked":"Ghostly Armor+1","floor":14},{"not_picked":["Demon Form","Dark Embrace"],"picked":"Barricade","floor":16},{"not_picked":["Twin Strike","Wild Strike","Cleave"],"picked":"SKIP","floor":18},{"not_picked":["Rupture","Headbutt+1","Body Slam"],"picked":"SKIP","floor":21},{"not_picked":["Intimidate+1","Anger","Shrug It Off+1"],"picked":"SKIP","floor":22},{"not_picked":["Rampage","Perfected Strike","Inflame+1"],"picked":"SKIP","floor":24},{"not_picked":["True Grit+1","Twin Strike+1"],"picked":"Flex+1","floor":28},{"not_picked":["Rupture","Cleave"],"picked":"Body Slam+1","floor":30},{"not_picked":["Rupture","Headbutt","Power Through+1"],"picked":"SKIP","floor":31},{"not_picked":["Reaper","Feed"],"picked":"Double Tap+1","floor":33},{"not_picked":["Perfected Strike","Twin Strike","Heavy Blade+1"],"picked":"SKIP","floor":35},{"not_picked":["Cleave+1","Sentinel+1","Heavy Blade+1"],"picked":"SKIP","floor":37},{"not_picked":["Blood for Blood+1","Rage+1"],"picked":"Flame Barrier+1","floor":38},{"not_picked":["Power Through+1","Pommel Strike"],"picked":"Ghostly Armor+1","floor":39},{"not_picked":["True Grit+1","Havoc+1","Clothesline+1"],"picked":"SKIP","floor":41},{"not_picked":["Thunderclap","Iron Wave+1","Twin Strike"],"picked":"SKIP","floor":45},{"not_picked":["Spot Weakness+1","Clash+1","Whirlwind+1"],"picked":"SKIP","floor":46},{"not_picked":["Impatience+1","Sadistic Nature"],"picked":"Metamorphosis+1","floor":47}],"player_experience":231201,"relics_obtained":[{"floor":7,"key":"Gremlin Horn"},{"floor":9,"key":"Toxic Egg 2"},{"floor":11,"key":"Boot"},{"floor":26,"key":"Bottled Tornado"},{"floor":39,"key":"Gambling Chip"},{"floor":43,"key":"Shovel"},{"floor":46,"key":"Bag of Marbles"},{"floor":48,"key":"Omamori"},{"floor":49,"key":"StoneCalendar"}],"event_choices":[{"cards_removed":["Defend_R"],"damage_healed":0,"gold_gain":0,"player_choice":"Card Removal","damage_taken":0,"max_hp_gain":0,"max_hp_loss":0,"event_name":"The Cleric","floor":2,"gold_loss":50},{"damage_healed":0,"gold_gain":0,"player_choice":"Entered Light","damage_taken":16,"max_hp_gain":0,"max_hp_loss":0,"event_name":"Shining Light","floor":3,"gold_loss":0,"cards_upgraded":["Armaments","Strike_R"]},{"damage_healed":0,"gold_gain":0,"player_choice":"Obtained Relic","damage_taken":0,"relics_obtained":["Tiny Chest"],"max_hp_gain":0,"max_hp_loss":0,"event_name":"Addict","floor":19,"gold_loss":85},{"damage_healed":0,"gold_gain":0,"player_choice":"Read","damage_taken":0,"max_hp_gain":0,"max_hp_loss":0,"event_name":"The Library","floor":20,"gold_loss":0,"cards_obtained":["Shockwave"]},{"damage_healed":0,"gold_gain":0,"player_choice":"Ignored","damage_taken":0,"max_hp_gain":0,"max_hp_loss":0,"event_name":"Vampires","floor":25,"gold_loss":0},{"damage_healed":0,"gold_gain":0,"player_choice":"Ignored","damage_taken":0,"max_hp_gain":0,"max_hp_loss":0,"event_name":"N\u0027loth","floor":29,"gold_loss":0},{"damage_healed":0,"gold_gain":0,"player_choice":"Fight","damage_taken":0,"max_hp_gain":0,"max_hp_loss":0,"event_name":"MindBloom","floor":39,"gold_loss":0},{"cards_removed":["Shockwave"],"damage_healed":0,"gold_gain":0,"player_choice":"Removed Skill","damage_taken":0,"max_hp_gain":0,"max_hp_loss":0,"event_name":"Falling","floor":44,"gold_loss":0},{"damage_healed":0,"gold_gain":0,"player_choice":"Memory 3","damage_taken":10,"max_hp_gain":0,"max_hp_loss":0,"event_name":"SensoryStone","floor":47,"gold_loss":0}],"is_beta":false,"boss_relics":[{"not_picked":["Runic Cube","White Beast Statue"],"picked":"Astrolabe"},{"not_picked":["Mark of Pain","Tiny House"],"picked":"Velvet Choker"}],"items_purged_floors":[36],"is_endless":false,"potions_floor_spawned":[7,14,16,18,21,28,33,35,38,41,45],"ascension_level":3}