{"gold_per_floor":[111,111,15,35,35,35,64,80,105,105,117,142,157,82,82,161,161,177,177,177,195,120,120],"floor_reached":23,"playtime":1088,"items_purged":["Strike_B"],"score":378,"play_id":"4067f260-fbff-4068-85ef-fbfbaeaca34a","local_time":"20190422040859","is_ascension_mode":true,"campfire_choices":[{"floor":6,"key":"REST"},{"floor":10,"key":"REST"},{"data":"Seek","floor":15,"key":"SMITH"}],"neow_cost":"PERCENT_DAMAGE","seed_source_timestamp":77122447485650,"circlet_count":0,"master_deck":["AscendersBane","Strike_B","Defend_B+1","Defend_B","Zap","Dualcast+1","Sweeping Beam","Steam","Rip and Tear","Seek+1","Cold Snap","White Noise","Ball Lightning","White Noise","Machine Learning","Coolheaded","Double Energy","Blizzard","Conserve Battery"],"relics":["Cracked Core","Bird Faced Urn","Bronze Scales","PreservedInsect","Blue Candle","Coffee Dripper","Enchiridion"],"potions_floor_usage":[7,16,23,23],"damage_taken":[{"damage":6,"enemies":"2 Louse","floor":1,"turns":2},{"damage":0,"enemies":"Cultist","floor":4,"turns":4},{"damage":16,"enemies":"Lagavulin","floor":7,"turns":7},{"damage":0,"enemies":"Small Slimes","floor":8,"turns":2},{"damage":0,"enemies":"Blue Slaver","floor":11,"turns":2},{"damage":5,"enemies":"3 Sentries","floor":12,"turns":5},{"damage":4,"enemies":"Looter","floor":13,"turns":3},{"damage":26,"enemies":"Hexaghost","floor":16,"turns":8},{"damage":7,"enemies":"3 Byrds","floor":18,"turns":3},{"damage":6,"enemies":"Chosen","floor":21,"turns":5},{"damage":55,"enemies":"Slavers","floor":23,"turns":3}],"seed_played":"6286149576656731567","potions_obtained":[{"floor":4,"key":"SkillPotion"},{"floor":7,"key":"SpeedPotion"},{"floor":13,"key":"FearPotion"},{"floor":18,"key":"AttackPotion"}],"is_trial":false,"path_per_floor":["M","?","$","M","?","R","E","M","T","R","M","E","M","$","R","B",null,"M","?","?","M","?","E"],"character_chosen":"DEFECT","items_purchased":["Steam","Rip and Tear"],"campfire_rested":2,"item_purchase_floors":[3,3],"current_hp_per_floor":[40,40,40,40,19,40,24,24,24,45,45,42,40,40,40,18,58,57,57,36,46,46,0],"gold":120,"neow_bonus":"ONE_RARE_RELIC","is_prod":false,"is_daily":false,"chose_seed":false,"campfire_upgraded":1,"win_rate":0,"timestamp":1555898939,"path_taken":["M","?","?","M","?","R","E","M","T","R","M","E","M","$","R","BOSS","M","?","?","M","?","E"],"build_version":"2019-01-23","purchased_purges":1,"victory":false,"max_hp_per_floor":[71,71,71,71,71,71,71,71,71,71,71,71,71,71,71,71,71,71,71,71,71,71,71],"card_choices":[{"not_picked":["Compile Driver","Redo"],"picked":"Sweeping Beam","floor":1},{"not_picked":["Fusion","Barrage","Turbo"],"picked":"SKIP","floor":4},{"not_picked":["Cold Snap","Coolheaded"],"picked":"Seek","floor":7},{"not_picked":["Conserve Battery","White Noise"],"picked":"Cold Snap","floor":8},{"not_picked":["Stack","Static Discharge"],"picked":"White Noise","floor":11},{"not_picked":["Conserve Battery","Beam Cell"],"picked":"Ball Lightning","floor":12},{"not_picked":["Self Repair","Streamline"],"picked":"White Noise","floor":13},{"not_picked":["Amplify","Reboot"],"picked":"Machine Learning","floor":16},{"not_picked":["Leap","Melter"],"picked":"Coolheaded","floor":18},{"not_picked":["Redo","Aggregate"],"picked":"Conserve Battery","floor":21}],"player_experience":690676,"relics_obtained":[{"floor":7,"key":"Bronze Scales"},{"floor":9,"key":"PreservedInsect"},{"floor":12,"key":"Blue Candle"},{"floor":20,"key":"Enchiridion"}],"event_choices":[{"cards_removed":["Strike_B"],"damage_healed":0,"gold_gain":0,"player_choice":"Purged","damage_taken":0,"max_hp_gain":0,"max_hp_loss":0,"event_name":"Purifier","floor":2,"gold_loss":0},{"damage_healed":0,"gold_gain":0,"player_choice":"Entered Light","damage_taken":21,"max_hp_gain":0,"max_hp_loss":0,"event_name":"Shining Light","floor":5,"gold_loss":0,"cards_upgraded":["Dualcast","Defend_B"]},{"damage_healed":0,"gold_gain":0,"cards_transformed":["Strike_B","Defend_B"],"player_choice":"Became Test Subject","damage_taken":0,"max_hp_gain":0,"max_hp_loss":0,"event_name":"Drug Dealer","floor":19,"gold_loss":0,"cards_obtained":["Double Energy","Blizzard"]},{"damage_healed":0,"gold_gain":0,"player_choice":"Obtained Book","damage_taken":21,"max_hp_gain":0,"max_hp_loss":0,"event_name":"Cursed Tome","floor":20,"gold_loss":0},{"cards_removed":["Defend_B"],"damage_healed":0,"gold_gain":0,"player_choice":"Gave Gold","damage_taken":0,"max_hp_gain":0,"max_hp_loss":0,"event_name":"Beggar","floor":22,"gold_loss":75}],"is_beta":false,"boss_relics":[{"not_picked":["White Beast Statue","Inserter"],"picked":"Coffee Dripper"}],"items_purged_floors":[14],"is_endless":false,"potions_floor_spawned":[4,7,13,18,21],"killed_by":"Slavers","ascension_level":18}