{"gold_per_floor":[116,132,7,7,7,7,33,58,58,77,91,19,34,34,34,139,139,158,248,235,22,22,22,40,59,59,77,91,106,125,142,142,142],"floor_reached":33,"playtime":2848,"items_purged":["Strike_B","Defend_B"],"score":253,"play_id":"5f722e0f-fa13-479a-ae94-b04307464905","local_time":"20180930141210","is_ascension_mode":false,"campfire_choices":[{"data":"Conserve Battery","floor":6,"key":"SMITH"},{"floor":15,"key":"REST"},{"data":"Blizzard","floor":23,"key":"SMITH"},{"floor":32,"key":"REST"}],"neow_cost":"NONE","seed_source_timestamp":64366232373718,"circlet_count":0,"master_deck":["Strike_B","Strike_B+1","Strike_B","Defend_B+1","Defend_B","Defend_B","Zap+1","Dualcast","Glacier","Conserve Battery+1","Cold Snap","Conserve Battery","Chaos","Melter","Redo","Stack","Darkness","Electrodynamics","Glacier+1","Reinforced Body","Blizzard+1","Streamline","Barrage","Doubt","Redo","Tempest","Beam Cell","Auto Shields+1","Ball Lightning+1"],"relics":["Cracked Core","Ginger","Oddly Smooth Stone","Potion Belt","Cursed Key","Pantograph"],"potions_floor_usage":[31,31,33,33,33,33,33,33,33,33,33],"damage_taken":[{"damage":5,"enemies":"2 Louse","floor":1,"turns":2},{"damage":0,"enemies":"Cultist","floor":2,"turns":4},{"damage":9,"enemies":"Lagavulin","floor":7,"turns":8},{"damage":0,"enemies":"Small Slimes","floor":10,"turns":2},{"damage":0,"enemies":"Looter","floor":11,"turns":4},{"damage":6,"enemies":"Blue Slaver","floor":13,"turns":4},{"damage":19,"enemies":"Hexaghost","floor":16,"turns":15},{"damage":0,"enemies":"Spheric Guardian","floor":18,"turns":2},{"damage":8,"enemies":"2 Thieves","floor":20,"turns":4},{"damage":9,"enemies":"Centurion and Healer","floor":24,"turns":5},{"damage":2,"enemies":"Snake Plant","floor":25,"turns":5},{"damage":4,"enemies":"Sentry and Sphere","floor":27,"turns":3},{"damage":5,"enemies":"Centurion and Healer","floor":28,"turns":6},{"damage":0,"enemies":"Snecko","floor":29,"turns":5},{"damage":10,"enemies":"Snake Plant","floor":30,"turns":4},{"damage":5,"enemies":"Shelled Parasite and Fungi","floor":31,"turns":6},{"damage":77,"enemies":"Collector","floor":33,"turns":10}],"seed_played":"-6211652734160179199","potions_obtained":[{"floor":10,"key":"FocusPotion"},{"floor":13,"key":"Swift Potion"},{"floor":18,"key":"EntropicBrew"},{"floor":24,"key":"Explosive Potion"},{"floor":27,"key":"Poison Potion"},{"floor":31,"key":"AttackPotion"}],"is_trial":false,"path_per_floor":["M","M","$","?","?","R","E","T","T","M","M","$","M","?","R","B",null,"M","?","M","$","?","R","M","M","T","M","M","M","M","M","R"],"character_chosen":"DEFECT","items_purchased":["Cold Snap","Redo","Stack","Blizzard","Streamline"],"campfire_rested":2,"item_purchase_floors":[3,12,12,21,21],"current_hp_per_floor":[70,70,70,55,55,55,46,46,46,46,46,46,40,40,62,43,75,75,61,53,53,53,53,44,42,42,38,33,33,23,18,40,0],"gold":142,"neow_bonus":"UPGRADE_CARD","is_prod":false,"is_daily":false,"chose_seed":false,"campfire_upgraded":2,"win_rate":0.0,"timestamp":1538309530,"path_taken":["M","M","$","?","?","R","E","?","T","M","M","$","M","?","R","BOSS","M","?","M","$","?","R","M","M","T","M","M","M","M","?","R","BOSS"],"build_version":"2018-09-27","purchased_purges":2,"victory":false,"max_hp_per_floor":[75,75,75,75,75,75,75,75,75,75,75,75,75,75,75,75,75,75,75,75,75,75,75,75,75,75,75,75,75,75,75,75,75],"card_choices":[{"not_picked":["Stack","Chill"],"picked":"Glacier","floor":1},{"not_picked":["Turbo","Rebound"],"picked":"Conserve Battery","floor":2},{"not_picked":["Compile Driver","Machine Learning"],"picked":"Conserve Battery","floor":7},{"not_picked":["Defragment","Self Repair"],"picked":"Chaos","floor":10},{"not_picked":["Blizzard","Barrage"],"picked":"Melter","floor":11},{"not_picked":["Turbo","Consume"],"picked":"Darkness","floor":13},{"not_picked":["Creative AI","Fission"],"picked":"Electrodynamics","floor":16},{"not_picked":["Conserve Battery","Gash"],"picked":"Glacier+1","floor":18},{"not_picked":["Barrage","Blizzard"],"picked":"Reinforced Body","floor":20},{"not_picked":["BootSequence+1","Leap"],"picked":"Barrage","floor":24},{"not_picked":["Compile Driver","Turbo","Heatsinks"],"picked":"SKIP","floor":25},{"not_picked":["Hologram","Compile Driver+1"],"picked":"Redo","floor":27},{"not_picked":["Beam Cell","Consume+1"],"picked":"Tempest","floor":28},{"not_picked":["Leap","Loop"],"picked":"Beam Cell","floor":29},{"not_picked":["Rebound","Stack+1"],"picked":"Auto Shields+1","floor":30},{"not_picked":["Conserve Battery+1","Thunder Strike"],"picked":"Ball Lightning+1","floor":31}],"player_experience":90368,"relics_obtained":[{"floor":7,"key":"Ginger"},{"floor":8,"key":"Oddly Smooth Stone"},{"floor":9,"key":"Potion Belt"},{"floor":26,"key":"Pantograph"}],"event_choices":[{"event_name":"Shining Light","player_choice":"Entered Light","floor":4,"damage_taken":0},{"event_name":"The Cleric","player_choice":"Leave","floor":5,"damage_taken":0},{"event_name":"Dead Adventurer","player_choice":"Searched \u00270\u0027 times","floor":14,"damage_taken":0},{"event_name":"Knowing Skull","player_choice":"GOLD ","floor":19,"damage_taken":0},{"event_name":"Ghosts","player_choice":"Ignored","floor":22,"damage_taken":0}],"is_beta":false,"boss_relics":[{"not_picked":["Runic Dome","Eternal Feather"],"picked":"Cursed Key"}],"items_purged_floors":[3,21],"is_endless":false,"potions_floor_spawned":[10,13,18,24,27,30,31],"killed_by":"Collector","ascension_level":0}