{"gold_per_floor":[111,129,146,146,158,158,158,158,209,209,234,234,246,28,28,125,125,139,157,82,181,181,10,10,38,63,63,63],"floor_reached":28,"playtime":1213,"items_purged":["Strike_G","Strike_G"],"score":376,"play_id":"dee7f04b-512d-4ee5-87ec-13d8d8694724","local_time":"20190331141319","is_ascension_mode":true,"campfire_choices":[{"data":"Bane","floor":6,"key":"SMITH"},{"data":"Neutralize","floor":8,"key":"SMITH"},{"data":"Caltrops","floor":15,"key":"SMITH"},{"data":"Footwork","floor":24,"key":"SMITH"}],"neow_cost":"NONE","seed_source_timestamp":573596544155423,"circlet_count":0,"master_deck":["AscendersBane","Defend_G","Defend_G","Defend_G","Defend_G","Defend_G+1","Survivor","Neutralize+1","Deadly Poison","Bane+1","Deadly Poison+1","Caltrops+1","Dodge and Roll","Dagger Spray+1","Footwork+1","Well Laid Plans","Escape Plan+1","Bite","Bite","Bite","Bite","Bite"],"relics":["Ring of the Snake","Bag of Preparation","Oddly Smooth Stone","Anchor","Regal Pillow","Sozu","Whetstone","Centennial Puzzle"],"potions_floor_usage":[1],"damage_taken":[{"damage":8,"enemies":"Jaw Worm","floor":1,"turns":5},{"damage":0,"enemies":"Cultist","floor":2,"turns":3},{"damage":0,"enemies":"2 Louse","floor":3,"turns":2},{"damage":0,"enemies":"2 Fungi Beasts","floor":5,"turns":4},{"damage":17,"enemies":"3 Sentries","floor":11,"turns":9},{"damage":0,"enemies":"Looter","floor":13,"turns":2},{"damage":2,"enemies":"Hexaghost","floor":16,"turns":8},{"damage":3,"enemies":"3 Byrds","floor":18,"turns":4},{"damage":12,"enemies":"Spheric Guardian","floor":19,"turns":6},{"damage":35,"enemies":"Slavers","floor":25,"turns":7},{"damage":24,"enemies":"Gremlin Leader","floor":28,"turns":3}],"seed_played":"7353124789671983918","potions_obtained":[{"floor":0,"key":"Ancient Potion"},{"floor":0,"key":"LiquidBronze"},{"floor":0,"key":"Fruit Juice"},{"floor":1,"key":"LiquidBronze"},{"floor":5,"key":"Strength Potion"},{"floor":13,"key":"EntropicBrew"}],"is_trial":false,"path_per_floor":["M","M","M","?","M","R","?","R","T","?","E","?","M","$","R","B",null,"M","M","?","?","?","$","R","E","T","?","E"],"character_chosen":"THE_SILENT","items_purchased":["Regal Pillow","Well Laid Plans"],"campfire_rested":0,"item_purchase_floors":[14,23],"current_hp_per_floor":[60,60,60,60,60,60,60,60,60,45,28,28,28,28,28,26,63,60,48,48,48,48,48,48,13,13,13,0],"gold":63,"neow_bonus":"THREE_SMALL_POTIONS","is_prod":false,"is_daily":false,"chose_seed":false,"campfire_upgraded":4,"win_rate":0,"timestamp":1554034399,"path_taken":["M","M","M","?","?","R","?","R","T","?","E","?","M","$","R","BOSS","M","?","?","?","?","$","R","E","T","?","E"],"build_version":"2019-01-23","purchased_purges":2,"victory":false,"max_hp_per_floor":[75,75,75,75,75,75,75,75,75,75,75,75,75,75,75,75,75,75,75,75,75,75,75,75,75,75,52,52],"card_choices":[{"not_picked":["Dodge and Roll","Reflex"],"picked":"Deadly Poison","floor":1},{"not_picked":["Tactician","Prepared","Bouncing Flask"],"picked":"SKIP","floor":2},{"not_picked":["Underhanded Strike","Escape Plan"],"picked":"Bane","floor":3},{"not_picked":["Doppelganger","Leg Sweep"],"picked":"Deadly Poison","floor":5},{"not_picked":["Flechettes","Reflex"],"picked":"Caltrops","floor":11},{"not_picked":["Underhanded Strike","Cloak And Dagger"],"picked":"Dodge and Roll","floor":13},{"not_picked":["Slice+1","Prepared","Distraction"],"picked":"SKIP","floor":18},{"not_picked":["Cloak And Dagger","Flying Knee+1"],"picked":"Dagger Spray","floor":19},{"not_picked":["Dagger Spray","Prepared"],"picked":"Escape Plan+1","floor":25}],"player_experience":396825,"relics_obtained":[{"floor":9,"key":"Bag of Preparation"},{"floor":11,"key":"Oddly Smooth Stone"},{"floor":25,"key":"Whetstone"},{"floor":26,"key":"Centennial Puzzle"}],"event_choices":[{"cards_removed":["Strike_G"],"damage_healed":0,"gold_gain":0,"player_choice":"Card Removal","damage_taken":0,"max_hp_gain":0,"max_hp_loss":0,"event_name":"Wheel of Change","floor":4,"gold_loss":0},{"cards_removed":["Strike_G"],"damage_healed":0,"gold_gain":0,"player_choice":"Forget","damage_taken":0,"max_hp_gain":0,"max_hp_loss":0,"event_name":"Living Wall","floor":7,"gold_loss":0},{"damage_healed":0,"gold_gain":0,"player_choice":"Entered Light","damage_taken":15,"max_hp_gain":0,"max_hp_loss":0,"event_name":"Shining Light","floor":10,"gold_loss":0,"cards_upgraded":["Defend_G","Deadly Poison"]},{"damage_healed":0,"gold_gain":0,"player_choice":"Gave Potion","damage_taken":0,"relics_obtained":["Anchor"],"max_hp_gain":0,"max_hp_loss":0,"event_name":"WeMeetAgain","floor":12,"gold_loss":0},{"cards_removed":["Strike_G"],"damage_healed":0,"gold_gain":0,"player_choice":"Gave Gold","damage_taken":0,"max_hp_gain":0,"max_hp_loss":0,"event_name":"Beggar","floor":20,"gold_loss":75},{"damage_healed":0,"gold_gain":99,"player_choice":"Stole From Cult","damage_taken":0,"max_hp_gain":0,"max_hp_loss":0,"event_name":"Nest","floor":21,"gold_loss":0},{"damage_healed":0,"gold_gain":0,"player_choice":"Read","damage_taken":0,"max_hp_gain":0,"max_hp_loss":0,"event_name":"The Library","floor":22,"gold_loss":0,"cards_obtained":["Footwork"]},{"damage_healed":0,"gold_gain":0,"player_choice":"Became a vampire","damage_taken":0,"max_hp_gain":0,"max_hp_loss":23,"event_name":"Vampires","floor":27,"gold_loss":0,"cards_obtained":["Bite","Bite","Bite","Bite","Bite"]}],"is_beta":false,"boss_relics":[{"not_picked":["Philosopher\u0027s Stone","Empty Cage"],"picked":"Sozu"}],"items_purged_floors":[14,23],"is_endless":false,"potions_floor_spawned":[1,5,13,18],"killed_by":"Gremlin Leader","ascension_level":10}