{"gold_per_floor":[114,114,15,30,46,46,62,73,126,139,159,159,174,201,201,275,275,290,204,224,61,61,61,76,76],"floor_reached":25,"playtime":887,"items_purged":["Strike_B"],"score":373,"play_id":"4742c69d-f05f-47f1-b49f-70cdd2a31851","local_time":"20190310230858","is_ascension_mode":true,"campfire_choices":[{"data":"Self Repair","floor":6,"key":"SMITH"},{"data":"Hologram","floor":15,"key":"SMITH"},{"data":"Self Repair","floor":23,"key":"SMITH"}],"neow_cost":"NONE","seed_source_timestamp":0,"circlet_count":0,"master_deck":["AscendersBane","Strike_B","Strike_B","Strike_B","Defend_B","Defend_B","Defend_B","Defend_B","Zap","Dualcast","Rebound","Self Repair+1","Doom and Gloom","Leap+1","Conserve Battery","Glacier","Coolheaded+1","Fusion","Hologram+1","Creative AI","Loop","Self Repair+1","Glacier"],"special_seed":0,"relics":["Philosopher\u0027s Stone","Symbiotic Virus","Omamori","War Paint","Coffee Dripper"],"potions_floor_usage":[7,13,18,18,24,25],"damage_taken":[{"damage":0,"enemies":"2 Louse","floor":1,"turns":3},{"damage":2,"enemies":"Cultist","floor":4,"turns":3},{"damage":5,"enemies":"Small Slimes","floor":5,"turns":4},{"damage":15,"enemies":"Gremlin Gang","floor":7,"turns":3},{"damage":0,"enemies":"Large Slime","floor":8,"turns":3},{"damage":7,"enemies":"Looter","floor":10,"turns":3},{"damage":0,"enemies":"3 Louse","floor":11,"turns":3},{"damage":0,"enemies":"Gremlin Gang","floor":13,"turns":5},{"damage":8,"enemies":"3 Sentries","floor":14,"turns":8},{"damage":5,"enemies":"Slime Boss","floor":16,"turns":5},{"damage":12,"enemies":"2 Thieves","floor":18,"turns":4},{"damage":5,"enemies":"Chosen","floor":20,"turns":4},{"damage":32,"enemies":"3 Cultists","floor":24,"turns":7},{"damage":41,"enemies":"Masked Bandits","floor":25,"turns":3}],"seed_played":"4086580680601905090","potions_obtained":[{"floor":5,"key":"AttackPotion"},{"floor":7,"key":"Poison Potion"},{"floor":10,"key":"EssenceOfSteel"},{"floor":12,"key":"Fire Potion"},{"floor":14,"key":"Swift Potion"},{"floor":20,"key":"Strength Potion"},{"floor":24,"key":"Dexterity Potion"}],"is_trial":false,"path_per_floor":["M","?","$","M","M","R","M","M","T","M","M","?","M","E","R","B",null,"M","$","M","$","?","R","M","?"],"character_chosen":"DEFECT","items_purchased":["Rebound","Loop","Self Repair","Glacier"],"campfire_rested":0,"item_purchase_floors":[3,19,21,21],"current_hp_per_floor":[64,64,64,62,64,64,59,69,69,71,71,71,71,71,71,71,71,69,69,64,64,44,44,32,0],"gold":76,"neow_bonus":"BOSS_RELIC","is_prod":false,"is_daily":false,"chose_seed":false,"campfire_upgraded":3,"win_rate":0,"timestamp":1552255738,"path_taken":["M","?","$","M","?","R","M","?","T","M","M","?","M","E","R","BOSS","M","$","?","$","?","R","M","?"],"build_version":"2019-01-23","purchased_purges":1,"victory":false,"max_hp_per_floor":[71,71,71,71,71,71,71,71,71,71,71,71,71,71,71,71,71,71,71,71,71,76,76,76,76],"card_choices":[{"not_picked":["Compile Driver","Turbo"],"picked":"Sweeping Beam","floor":1},{"not_picked":["Reinforced Body","Ball Lightning"],"picked":"Self Repair","floor":4},{"not_picked":["Streamline","Aggregate"],"picked":"Doom and Gloom","floor":5},{"not_picked":["Stack","Undo"],"picked":"Leap","floor":7},{"not_picked":["Ball Lightning","Redo"],"picked":"Conserve Battery","floor":8},{"not_picked":["Compile Driver","Fusion"],"picked":"Glacier","floor":10},{"not_picked":["Conserve Battery","Loop"],"picked":"Coolheaded","floor":11},{"not_picked":["Heatsinks","BootSequence"],"picked":"Fusion","floor":13},{"not_picked":["Beam Cell","Hello World"],"picked":"Hologram","floor":14},{"not_picked":["Multi-Cast","Core Surge"],"picked":"Creative AI","floor":16},{"not_picked":["Darkness","Redo","Barrage"],"picked":"SKIP","floor":18},{"not_picked":["Ball Lightning","Rebound","Go for the Eyes"],"picked":"SKIP","floor":20},{"not_picked":["Chaos","Rip and Tear","Fusion"],"picked":"SKIP","floor":24}],"player_experience":468263,"relics_obtained":[{"floor":9,"key":"Omamori"},{"floor":14,"key":"War Paint"}],"event_choices":[{"cards_removed":["Sweeping Beam"],"damage_healed":0,"gold_gain":0,"player_choice":"Gave Card","damage_taken":0,"relics_obtained":["Symbiotic Virus"],"max_hp_gain":0,"max_hp_loss":0,"event_name":"WeMeetAgain","floor":2,"gold_loss":0},{"damage_healed":0,"gold_gain":0,"player_choice":"Got Potions","damage_taken":0,"max_hp_gain":0,"max_hp_loss":0,"event_name":"Lab","floor":12,"gold_loss":0},{"damage_healed":0,"gold_gain":0,"player_choice":"Shed Blood","damage_taken":25,"max_hp_gain":5,"max_hp_loss":0,"event_name":"Forgotten Altar","floor":22,"gold_loss":0},{"damage_healed":0,"gold_gain":0,"player_choice":"Fought Bandits","damage_taken":0,"max_hp_gain":0,"max_hp_loss":0,"event_name":"Masked Bandits","floor":25,"gold_loss":0}],"is_beta":false,"boss_relics":[{"not_picked":["Runic Dome","Lizard Tail"],"picked":"Coffee Dripper"}],"items_purged_floors":[3],"is_endless":false,"potions_floor_spawned":[5,7,10,14,16,20,24],"killed_by":"Masked Bandits","ascension_level":16}