{"gold_per_floor":[110,127,127,127,127,127,162,162,233,261,35,35,0,20,20,114,114,137,153,153,169,187,187,211,211,235,235],"floor_reached":27,"playtime":999,"items_purged":[],"score":442,"play_id":"ed88ff50-62af-4512-9c77-578724cfb308","local_time":"20190326100642","is_ascension_mode":true,"campfire_choices":[{"data":"Bash","floor":6,"key":"SMITH"},{"floor":8,"key":"REST"},{"floor":15,"key":"REST"},{"floor":23,"key":"REST"}],"neow_cost":"NONE","seed_source_timestamp":631017367595166,"circlet_count":0,"master_deck":["AscendersBane","Strike_R+1","Strike_R+1","Strike_R+1","Defend_R+1","Defend_R+1","Defend_R+1","Defend_R+1","Bash+1","Twin Strike","Shrug It Off","Inflame","Dual Wield","Metallicize","Bandage Up","Limit Break","Heavy Blade","Impervious","Iron Wave","Flame Barrier","Shrug It Off","Iron Wave","Warcry"],"relics":["Burning Blood","Regal Pillow","Red Skull","Pear","Dream Catcher","Golden Idol","Velvet Choker","Oddly Smooth Stone"],"potions_floor_usage":[16,19,22],"damage_taken":[{"damage":14,"enemies":"Jaw Worm","floor":1,"turns":5},{"damage":1,"enemies":"Small Slimes","floor":2,"turns":4},{"damage":32,"enemies":"Gremlin Nob","floor":7,"turns":4},{"damage":50,"enemies":"Lagavulin","floor":10,"turns":7},{"damage":8,"enemies":"2 Louse","floor":14,"turns":4},{"damage":54,"enemies":"The Guardian","floor":16,"turns":13},{"damage":29,"enemies":"Spheric Guardian","floor":18,"turns":6},{"damage":16,"enemies":"2 Thieves","floor":19,"turns":4},{"damage":46,"enemies":"Cultist and Chosen","floor":21,"turns":9},{"damage":2,"enemies":"Centurion and Healer","floor":22,"turns":5},{"damage":38,"enemies":"3 Cultists","floor":24,"turns":7},{"damage":41,"enemies":"Book of Stabbing","floor":27,"turns":6}],"seed_played":"5247377410489836913","potions_obtained":[{"floor":14,"key":"PowerPotion"},{"floor":16,"key":"Fire Potion"},{"floor":18,"key":"Weak Potion"},{"floor":19,"key":"FairyPotion"}],"is_trial":false,"path_per_floor":["M","M","?","?","?","R","E","R","T","E","$","?","?","M","R","B",null,"M","M","?","M","M","R","M","?","T","E"],"character_chosen":"IRONCLAD","items_purchased":["Dual Wield","Metallicize","Bandage Up"],"campfire_rested":3,"item_purchase_floors":[11,11,11],"current_hp_per_floor":[60,65,54,47,47,47,21,58,68,24,24,24,24,26,64,20,63,44,38,38,13,21,59,31,31,31,0],"gold":235,"neow_bonus":"REMOVE_CARD","is_prod":false,"is_daily":false,"chose_seed":false,"campfire_upgraded":1,"win_rate":0,"timestamp":1553562402,"path_taken":["M","M","?","?","?","R","E","R","T","E","$","?","?","?","R","BOSS","M","M","?","?","M","R","M","?","T","E"],"build_version":"2019-01-23","purchased_purges":0,"victory":false,"max_hp_per_floor":[75,75,75,75,75,75,75,75,85,85,85,77,77,77,77,77,77,77,77,77,77,77,77,77,77,77,77],"card_choices":[{"not_picked":["Heavy Blade","Sword Boomerang","Burning Pact"],"picked":"SKIP","floor":1},{"not_picked":["Evolve","Intimidate"],"picked":"Twin Strike","floor":2},{"not_picked":["Heavy Blade","Seeing Red"],"picked":"Shrug It Off","floor":7},{"not_picked":["Dropkick","Armaments"],"picked":"Inflame","floor":10},{"not_picked":["Iron Wave","Warcry"],"picked":"Limit Break","floor":14},{"not_picked":["Anger","Clash"],"picked":"Heavy Blade","floor":15},{"not_picked":["Limit Break","Juggernaut"],"picked":"Impervious","floor":16},{"not_picked":["Entrench+1","Heavy Blade"],"picked":"Iron Wave","floor":18},{"not_picked":["Body Slam","Clothesline"],"picked":"Flame Barrier","floor":19},{"not_picked":["Flex","Thunderclap"],"picked":"Iron Wave","floor":21},{"not_picked":["Rage","Limit Break","Body Slam"],"picked":"SKIP","floor":22},{"not_picked":["Clash+1","Rupture"],"picked":"Warcry","floor":24}],"player_experience":793986,"relics_obtained":[{"floor":7,"key":"Red Skull"},{"floor":9,"key":"Pear"},{"floor":10,"key":"Dream Catcher"},{"floor":26,"key":"Oddly Smooth Stone"}],"event_choices":[{"damage_healed":0,"gold_gain":0,"player_choice":"Success","damage_taken":11,"relics_obtained":["Regal Pillow"],"max_hp_gain":0,"max_hp_loss":0,"event_name":"Scrap Ooze","floor":3,"gold_loss":0},{"cards_removed":["Strike_R"],"damage_healed":0,"gold_gain":0,"player_choice":"Card Removal","damage_taken":7,"max_hp_gain":0,"max_hp_loss":0,"event_name":"Golden Wing","floor":4,"gold_loss":0},{"damage_healed":0,"gold_gain":0,"player_choice":"Ignored","damage_taken":0,"max_hp_gain":0,"max_hp_loss":0,"event_name":"Liars Game","floor":5,"gold_loss":0},{"damage_healed":0,"gold_gain":0,"player_choice":"Lose Max HP","damage_taken":0,"relics_obtained":["Golden Idol"],"max_hp_gain":0,"max_hp_loss":8,"event_name":"Golden Idol","floor":12,"gold_loss":0},{"damage_healed":0,"gold_gain":0,"player_choice":"Left Gold","damage_taken":0,"max_hp_gain":0,"max_hp_loss":0,"event_name":"World of Goop","floor":13,"gold_loss":35},{"damage_healed":0,"gold_gain":0,"player_choice":"Copied","damage_taken":0,"max_hp_gain":0,"max_hp_loss":0,"event_name":"Duplicator","floor":20,"gold_loss":0,"cards_obtained":["Shrug It Off"]},{"damage_healed":0,"gold_gain":0,"player_choice":"Simplicity","damage_taken":0,"max_hp_gain":0,"max_hp_loss":0,"event_name":"Back to Basics","floor":25,"gold_loss":0,"cards_upgraded":["Strike_R","Strike_R","Strike_R","Defend_R","Defend_R","Defend_R","Defend_R"]}],"is_beta":false,"boss_relics":[{"not_picked":["Eternal Feather","Fusion Hammer"],"picked":"Velvet Choker"}],"items_purged_floors":[],"is_endless":false,"potions_floor_spawned":[14,16,18,19],"killed_by":"Book of Stabbing","ascension_level":20}