{"path_per_floor":["M","M","?","M","M","E","M","$","T","?","E","R","E","M","R","B",null,"M","M","?","M","?","R","M","R","T","M","R","?","R","$","R","B",null,"M","M","$","?","?","R","?","R","T","M","$","M","R","M","R"],"character_chosen":"THE_SILENT","items_purchased":["Omamori","Blur","Strawberry","Footwork+1","Ornamental Fan"],"gold_per_floor":[118,135,189,202,214,247,257,73,73,73,98,98,128,146,146,251,251,265,281,281,297,297,297,307,307,330,342,342,432,432,209,209,307,307,327,346,84,84,0,0,48,48,74,90,15,30,30,40,40,40],"floor_reached":50,"campfire_rested":1,"playtime":4233,"item_purchase_floors":[8,8,31,31,37],"current_hp_per_floor":[67,66,66,66,63,49,41,41,41,41,39,39,36,36,57,52,70,66,66,66,56,70,70,64,70,70,58,68,54,64,71,77,29,82,80,57,57,45,45,57,51,63,63,58,58,53,65,63,75,0],"items_purged":["Writhe"],"gold":40,"score":612,"play_id":"96f5442f-228f-4e61-a723-919d5ada170f","local_time":"20180608225730","is_prod":false,"is_daily":false,"chose_seed":false,"is_ascension_mode":false,"campfire_upgraded":10,"win_rate":0,"timestamp":1528516650,"campfire_choices":[{"data":"Dash","floor":12,"key":"SMITH"},{"floor":15,"key":"REST"},{"data":"Die Die Die","floor":23,"key":"SMITH"},{"data":"Bane","floor":25,"key":"SMITH"},{"data":"Masterful Stab","floor":28,"key":"SMITH"},{"data":"Backstab","floor":30,"key":"SMITH"},{"data":"Deadly Poison","floor":32,"key":"SMITH"},{"data":"Deadly Poison","floor":40,"key":"SMITH"},{"data":"Blur","floor":42,"key":"SMITH"},{"data":"Blur","floor":47,"key":"SMITH"},{"data":"Survivor","floor":49,"key":"SMITH"}],"path_taken":["M","M","?","M","M","E","M","$","T","?","E","R","E","M","R","BOSS","M","M","?","M","?","R","M","R","T","?","R","?","R","?","R","BOSS","M","M","$","?","?","R","?","R","T","M","$","M","R","M","R","BOSS"],"build_version":"2018-06-07v3","seed_source_timestamp":176407283593515,"purchased_purges":1,"victory":false,"master_deck":["Defend_G","Defend_G","Defend_G","Defend_G","Defend_G","Strike_G","Strike_G","Strike_G","Strike_G","Survivor+1","Neutralize","Deadly Poison+1","Dash+1","PiercingWail","Deadly Poison+1","Backstab+1","Blur+1","Masterful Stab+1","Poisoned Stab","Die Die Die+1","Blur+1","Bane+1","Deadly Poison+1","Bane+1","Terror","Footwork+1","Wraith Form v2+1","Bouncing Flask+1","Caltrops+1","PiercingWail+1","Bane+1"],"max_hp_per_floor":[70,70,70,70,70,70,70,70,70,70,70,70,70,70,70,70,70,70,70,70,70,70,70,70,70,70,70,70,70,70,77,77,77,82,82,82,82,82,82,82,82,82,82,82,82,82,82,82,82,82],"relics":["Cursed Key","Oddly Smooth Stone","Omamori","Pen Nib","Dream Catcher","Frozen Egg 2","Eternal Feather","Bronze Scales","Strawberry","Velvet Choker","Ornamental Fan","Thread and Needle","Red Mask","Gambling Chip","Potion Belt"],"card_choices":[{"not_picked":["Dodge and Roll","Sucker Punch"],"picked":"Deadly Poison","floor":1},{"not_picked":["Sucker Punch","Flying Knee"],"picked":"Dash","floor":2},{"not_picked":["Prepared","Infinite Blades"],"picked":"PiercingWail","floor":4},{"not_picked":["Quick Slash","Corpse Explosion"],"picked":"Deadly Poison","floor":5},{"not_picked":["Deadly Poison","Dodge and Roll"],"picked":"Backstab","floor":6},{"not_picked":["Underhanded Strike","Acrobatics","Backflip"],"picked":"SKIP","floor":7},{"not_picked":["Catalyst","Backflip"],"picked":"Masterful Stab","floor":11},{"not_picked":["Blade Dance","Outmaneuver","Backflip"],"picked":"SKIP","floor":13},{"not_picked":["Deflect","Infinite Blades+1","Dagger Throw"],"picked":"SKIP","floor":14},{"not_picked":["Heel Hook","Prepared"],"picked":"Poisoned Stab","floor":15},{"not_picked":["A Thousand Cuts+1","After Image+1"],"picked":"Die Die Die","floor":16},{"not_picked":["Outmaneuver","Flechettes"],"picked":"Blur","floor":18},{"not_picked":["Skewer","Quick Slash"],"picked":"Bane","floor":19},{"not_picked":["Leg Sweep","Backflip+1"],"picked":"Deadly Poison+1","floor":21},{"not_picked":["Sucker Punch+1","Flying Knee"],"picked":"Bane+1","floor":24},{"not_picked":["Flying Knee","Endless Agony+1"],"picked":"Terror","floor":27},{"not_picked":["Burst","Tools of the Trade+1"],"picked":"Wraith Form v2+1","floor":33},{"not_picked":["Dagger Spray+1","Reflex+1"],"picked":"Bouncing Flask+1","floor":35},{"not_picked":["Calculated Gamble","Dagger Throw"],"picked":"Caltrops+1","floor":36},{"not_picked":["Dagger Throw+1","Underhanded Strike"],"picked":"PiercingWail+1","floor":38},{"not_picked":["Sucker Punch","Flying Knee"],"picked":"Bane+1","floor":41},{"not_picked":["Riddle With Holes","Dodge and Roll","Eviscerate+1"],"picked":"SKIP","floor":44},{"not_picked":["PiercingWail","Underhanded Strike+1","Dagger Throw+1"],"picked":"SKIP","floor":46},{"not_picked":["Flechettes","Acrobatics+1","PiercingWail"],"picked":"SKIP","floor":48}],"player_experience":86759,"potions_floor_usage":[5,6,13,16,16,21,21,34,38,38,50,50],"damage_taken":[{"damage":3,"enemies":"Small Slimes","floor":1,"turns":4},{"damage":1,"enemies":"2 Louse","floor":2,"turns":2},{"damage":0,"enemies":"Cultist","floor":4,"turns":3},{"damage":3,"enemies":"Exordium Thugs","floor":5,"turns":5},{"damage":14,"enemies":"Gremlin Nob","floor":6,"turns":4},{"damage":8,"enemies":"3 Louse","floor":7,"turns":3},{"damage":2,"enemies":"3 Sentries","floor":11,"turns":9},{"damage":3,"enemies":"Lagavulin","floor":13,"turns":5},{"damage":0,"enemies":"Gremlin Gang","floor":14,"turns":4},{"damage":5,"enemies":"The Guardian","floor":16,"turns":8},{"damage":4,"enemies":"3 Byrds","floor":18,"turns":5},{"damage":0,"enemies":"Shell Parasite","floor":19,"turns":5},{"damage":10,"enemies":"Snecko","floor":21,"turns":7},{"damage":6,"enemies":"Cultist and Chosen","floor":24,"turns":5},{"damage":12,"enemies":"3 Cultists","floor":27,"turns":4},{"damage":48,"enemies":"Automaton","floor":33,"turns":12},{"damage":2,"enemies":"3 Darklings","floor":35,"turns":6},{"damage":23,"enemies":"3 Shapes","floor":36,"turns":3},{"damage":12,"floor":38,"turns":5},{"damage":6,"floor":41,"turns":4},{"damage":5,"enemies":"Maw","floor":44,"turns":7},{"damage":5,"enemies":"3 Darklings","floor":46,"turns":5},{"damage":2,"enemies":"Sphere and 2 Shapes","floor":48,"turns":5},{"damage":91,"enemies":"Awakened One","floor":50,"turns":9}],"relics_obtained":[{"floor":6,"key":"Oddly Smooth Stone"},{"floor":9,"key":"Pen Nib"},{"floor":11,"key":"Dream Catcher"},{"floor":13,"key":"Frozen Egg 2"},{"floor":26,"key":"Bronze Scales"},{"floor":38,"key":"Thread and Needle"},{"floor":41,"key":"Gambling Chip"},{"floor":43,"key":"Potion Belt"}],"event_choices":[{"event_name":"Golden Wing","player_choice":"Gained Gold","floor":3,"damage_taken":0},{"event_name":"Bonfire Elementals","player_choice":"BASIC","floor":10,"damage_taken":0},{"event_name":"Beggar","player_choice":"Ignored","floor":20,"damage_taken":0},{"event_name":"Wheel of Change","player_choice":"Full Heal","floor":22,"damage_taken":0},{"event_name":"Knowing Skull","player_choice":"GOLD ","floor":29,"damage_taken":0},{"event_name":"MindBloom","player_choice":"Fight","floor":38,"damage_taken":0},{"event_name":"Tomb of Lord Red Mask","player_choice":"Paid","floor":39,"damage_taken":0},{"event_name":"Mysterious Sphere","player_choice":"Fight","floor":41,"damage_taken":0}],"boss_relics":[{"not_picked":["Orrery","Calling Bell"],"picked":"Eternal Feather"},{"not_picked":["Lizard Tail","White Beast Statue"],"picked":"Velvet Choker"}],"items_purged_floors":[45],"potions_floor_spawned":[1,5,7,13,14,18,19,33,35,36,41,46],"seed_played":"7673585254530576049","killed_by":"Awakened One","ascension_level":0,"potions_obtained":[{"floor":1,"key":"Swift Potion"},{"floor":5,"key":"PowerPotion"},{"floor":7,"key":"Block Potion"},{"floor":13,"key":"GhostInAJar"},{"floor":14,"key":"AttackPotion"},{"floor":18,"key":"Weak Potion"},{"floor":19,"key":"Block Potion"},{"floor":33,"key":"Fruit Juice"},{"floor":35,"key":"LiquidBronze"},{"floor":36,"key":"Dexterity Potion"},{"floor":41,"key":"Dexterity Potion"},{"floor":46,"key":"Dexterity Potion"}],"is_trial":false}