{"gold_per_floor":[117,41,60,10,30,30,57,68,95,127,140,140,169,139,139,240,240,257,267,32,51,68,68,79,106,184,195,214,214],"floor_reached":29,"playtime":2108,"items_purged":["Strike_R"],"score":456,"play_id":"5b5f54cb-9850-446d-aa78-e4392a48663b","local_time":"20190504032430","is_ascension_mode":true,"campfire_choices":[{"data":"Armaments","floor":6,"key":"SMITH"},{"data":"Uppercut","floor":15,"key":"SMITH"},{"floor":23,"key":"REST"}],"neow_cost":"NONE","seed_source_timestamp":0,"circlet_count":0,"master_deck":["Strike_R+1","Strike_R+1","Defend_R","Defend_R","Defend_R","Defend_R","Bash","Battle Trance","Feel No Pain","Armaments+1","Carnage","Uppercut+1","Flame Barrier","Pommel Strike","Anger","Exhume","Feed","Cleave","Bloodletting+1","Rage","Wild Strike+1"],"special_seed":0,"relics":["Burning Blood","Blood Vial","Whetstone","Boot","Happy Flower","Runic Pyramid","Membership Card","Ancient Tea Set","Ornamental Fan"],"potions_floor_usage":[13,13,16,16,19,25,28],"damage_taken":[{"damage":1,"enemies":"Cultist","floor":1,"turns":3},{"damage":5,"enemies":"Small Slimes","floor":3,"turns":4},{"damage":0,"enemies":"2 Louse","floor":5,"turns":3},{"damage":27,"enemies":"3 Sentries","floor":7,"turns":10},{"damage":25,"enemies":"Lots of Slimes","floor":8,"turns":5},{"damage":20,"enemies":"Gremlin Nob","floor":10,"turns":5},{"damage":6,"enemies":"Looter","floor":11,"turns":3},{"damage":14,"enemies":"Lagavulin","floor":13,"turns":5},{"damage":22,"enemies":"The Guardian","floor":16,"turns":11},{"damage":34,"enemies":"2 Thieves","floor":18,"turns":4},{"damage":17,"enemies":"3 Byrds","floor":19,"turns":3},{"damage":31,"enemies":"3 Cultists","floor":21,"turns":6},{"damage":24,"enemies":"Chosen and Byrds","floor":22,"turns":6},{"damage":30,"enemies":"Sentry and Sphere","floor":24,"turns":5},{"damage":37,"enemies":"Book of Stabbing","floor":25,"turns":7},{"damage":27,"enemies":"3 Cultists","floor":27,"turns":5},{"damage":6,"enemies":"Chosen and Byrds","floor":28,"turns":7},{"damage":43,"enemies":"Slavers","floor":29,"turns":3}],"seed_played":"-6240166201223950192","potions_obtained":[{"floor":1,"key":"FearPotion"},{"floor":10,"key":"Explosive Potion"},{"floor":11,"key":"Block Potion"},{"floor":14,"key":"FairyPotion"},{"floor":14,"key":"SpeedPotion"},{"floor":16,"key":"BloodPotion"},{"floor":21,"key":"GamblersBrew"},{"floor":25,"key":"SkillPotion"}],"is_trial":false,"path_per_floor":["M","$","M","?","M","R","E","M","T","E","M","?","E","?","R","B",null,"M","M","$","M","M","R","M","E","T","M","M","E"],"character_chosen":"IRONCLAD","items_purchased":["Feel No Pain","Membership Card"],"campfire_rested":1,"item_purchase_floors":[2,20],"current_hp_per_floor":[80,80,80,80,80,80,59,42,42,30,32,37,31,31,31,17,85,65,65,65,48,40,72,56,31,31,19,25,0],"gold":214,"neow_bonus":"REMOVE_CARD","is_prod":false,"is_daily":false,"chose_seed":false,"campfire_upgraded":2,"win_rate":0,"timestamp":1556954670,"path_taken":["M","$","M","?","M","R","E","M","T","E","M","?","E","?","R","BOSS","M","M","?","M","M","R","M","E","T","M","M","E"],"build_version":"2019-01-23","purchased_purges":1,"victory":false,"max_hp_per_floor":[80,80,80,80,80,80,80,80,80,80,80,85,85,85,85,85,85,93,93,93,99,107,107,113,117,117,124,128,131],"card_choices":[{"not_picked":["Rupture","Searing Blow"],"picked":"Battle Trance","floor":1},{"not_picked":["Sever Soul","Rupture"],"picked":"Armaments","floor":3},{"not_picked":["Havoc","Wild Strike"],"picked":"Carnage","floor":5},{"not_picked":["Warcry","Entrench"],"picked":"Uppercut","floor":7},{"not_picked":["Intimidate","Thunderclap"],"picked":"Flame Barrier","floor":8},{"not_picked":["Rupture","Sword Boomerang"],"picked":"Pommel Strike","floor":10},{"not_picked":["Warcry","Pommel Strike"],"picked":"Anger","floor":11},{"not_picked":["Flex","Warcry"],"picked":"Exhume","floor":13},{"not_picked":["Juggernaut","Berserk"],"picked":"Feed","floor":16},{"not_picked":["Infernal Blade+1","Pommel Strike+1","Sword Boomerang"],"picked":"SKIP","floor":18},{"not_picked":["Headbutt","Perfected Strike"],"picked":"Cleave","floor":19},{"not_picked":["Rage","Hemokinesis","Searing Blow"],"picked":"SKIP","floor":21},{"not_picked":["Cleave","Blood for Blood","Fire Breathing"],"picked":"SKIP","floor":22},{"not_picked":["Sword Boomerang","Body Slam","Clash"],"picked":"SKIP","floor":24},{"not_picked":["Cleave","Headbutt"],"picked":"Bloodletting+1","floor":25},{"not_picked":["Body Slam+1","Clash"],"picked":"Rage","floor":27},{"not_picked":["Seeing Red","Double Tap"],"picked":"Wild Strike+1","floor":28}],"player_experience":73858,"relics_obtained":[{"floor":7,"key":"Blood Vial"},{"floor":9,"key":"Whetstone"},{"floor":10,"key":"Boot"},{"floor":13,"key":"Happy Flower"},{"floor":25,"key":"Ancient Tea Set"},{"floor":26,"key":"Ornamental Fan"}],"event_choices":[{"cards_removed":["Strike_R"],"damage_healed":0,"gold_gain":0,"player_choice":"Card Removal","damage_taken":0,"max_hp_gain":0,"max_hp_loss":0,"event_name":"The Cleric","floor":4,"gold_loss":50},{"damage_healed":0,"gold_gain":0,"player_choice":"Donut","damage_taken":0,"max_hp_gain":5,"max_hp_loss":0,"event_name":"Big Fish","floor":12,"gold_loss":0},{"damage_healed":0,"gold_gain":0,"player_choice":"Bought 2 Potions","damage_taken":0,"max_hp_gain":0,"max_hp_loss":0,"event_name":"The Woman in Blue","floor":14,"gold_loss":0}],"is_beta":false,"boss_relics":[{"not_picked":["Lizard Tail","Ectoplasm"],"picked":"Runic Pyramid"}],"items_purged_floors":[20],"is_endless":false,"potions_floor_spawned":[1,5,10,11,16,21,25],"killed_by":"Slavers","ascension_level":2}