{"gold_per_floor":[118,137,62,62,62,91,12,22,46,46],"floor_reached":10,"playtime":163,"items_purged":[],"score":129,"play_id":"8e6ff16d-8be7-4cb6-8842-02c21d4ed745","local_time":"20190406225412","is_ascension_mode":true,"campfire_choices":[],"neow_cost":"NONE","seed_source_timestamp":603784593794600,"circlet_count":0,"master_deck":["AscendersBane","Strike_B+1","Strike_B","Strike_B","Defend_B","Defend_B","Defend_B","Defend_B","Zap","Dualcast+1","Go for the Eyes","Sweeping Beam","Beam Cell","Rebound"],"relics":["Cracked Core","Boot","Art of War","Pen Nib","Oddly Smooth Stone"],"potions_floor_usage":[10],"damage_taken":[{"damage":4,"enemies":"Small Slimes","floor":1,"turns":3},{"damage":1,"enemies":"2 Louse","floor":2,"turns":2},{"damage":29,"enemies":"Gremlin Nob","floor":6,"turns":4},{"damage":7,"enemies":"Jaw Worm","floor":8,"turns":2},{"damage":20,"enemies":"Lagavulin","floor":10,"turns":4}],"seed_played":"2308780923033182762","potions_obtained":[{"floor":8,"key":"Fire Potion"}],"is_trial":false,"path_per_floor":["M","M","?","?","$","E","?","M","T","E"],"character_chosen":"DEFECT","items_purchased":[],"campfire_rested":0,"item_purchase_floors":[],"current_hp_per_floor":[60,59,59,38,38,9,9,2,2,0],"gold":46,"neow_bonus":"RANDOM_COMMON_RELIC","is_prod":false,"is_daily":false,"chose_seed":false,"campfire_upgraded":0,"win_rate":0,"timestamp":1554584052,"path_taken":["M","M","?","?","$","E","?","?","T","E"],"build_version":"2019-01-23","purchased_purges":0,"victory":false,"max_hp_per_floor":[71,71,71,71,71,71,71,71,71,71],"card_choices":[{"not_picked":["Steam","Darkness"],"picked":"Go for the Eyes","floor":1},{"not_picked":["Stack","Cold Snap"],"picked":"Sweeping Beam","floor":2},{"not_picked":["Go for the Eyes","Scrape"],"picked":"Beam Cell","floor":6},{"not_picked":["Compile Driver","Sweeping Beam"],"picked":"Rebound","floor":8}],"player_experience":511457,"relics_obtained":[{"floor":6,"key":"Art of War"},{"floor":9,"key":"Oddly Smooth Stone"}],"event_choices":[{"cards_removed":["Strike_B"],"damage_healed":0,"gold_gain":0,"player_choice":"Card Removal","damage_taken":0,"max_hp_gain":0,"max_hp_loss":0,"event_name":"The Cleric","floor":3,"gold_loss":75},{"damage_healed":0,"gold_gain":0,"player_choice":"Entered Light","damage_taken":21,"max_hp_gain":0,"max_hp_loss":0,"event_name":"Shining Light","floor":4,"gold_loss":0,"cards_upgraded":["Dualcast","Strike_B"]},{"damage_healed":0,"gold_gain":0,"player_choice":"Paid Gold","damage_taken":0,"relics_obtained":["Pen Nib"],"max_hp_gain":0,"max_hp_loss":0,"event_name":"WeMeetAgain","floor":7,"gold_loss":79}],"is_beta":false,"boss_relics":[],"items_purged_floors":[],"is_endless":false,"potions_floor_spawned":[8],"killed_by":"Lagavulin","ascension_level":19}