{"gold_per_floor":[112,112,124,74,21,21,196,196,196,214,214,239,255,286,286,286],"floor_reached":16,"playtime":488,"items_purged":[],"score":120,"play_id":"20c532d9-4907-4752-b525-8f162a23e018","local_time":"20181024174351","is_ascension_mode":true,"campfire_choices":[{"data":"Dualcast","floor":6,"key":"SMITH"},{"floor":15,"key":"REST"}],"neow_cost":"NONE","seed_source_timestamp":331370260384645,"circlet_count":0,"master_deck":["Strike_B","Strike_B","Strike_B","Defend_B","Defend_B","Defend_B","Defend_B","Zap","Dualcast+1","Reinforced Body","Beam Cell","Leap","Doubt","Blizzard","Static Discharge"],"relics":["Cracked Core","Regal Pillow","Golden Idol","Potion Belt"],"potions_floor_usage":[14,14,16],"damage_taken":[{"damage":2,"enemies":"Jaw Worm","floor":1,"turns":3},{"damage":0,"enemies":"2 Louse","floor":3,"turns":1},{"damage":1,"enemies":"Small Slimes","floor":10,"turns":3},{"damage":10,"enemies":"3 Louse","floor":12,"turns":5},{"damage":2,"enemies":"Red Slaver","floor":13,"turns":3},{"damage":15,"enemies":"Gremlin Nob","floor":14,"turns":4},{"damage":81,"enemies":"Slime Boss","floor":16,"turns":11}],"seed_played":"5281853684797443829","potions_obtained":[{"floor":8,"key":"Explosive Potion"},{"floor":8,"key":"AttackPotion"},{"floor":8,"key":"EssenceOfSteel"},{"floor":14,"key":"Swift Potion"}],"is_trial":false,"path_per_floor":["M","?","M","?","$","R","?","?","T","M","?","M","M","E","R"],"character_chosen":"DEFECT","items_purchased":["Leap"],"campfire_rested":1,"item_purchase_floors":[5],"current_hp_per_floor":[80,85,85,85,85,85,85,85,85,84,63,53,51,36,77,0],"gold":286,"neow_bonus":"TEN_PERCENT_HP_BONUS","is_prod":false,"is_daily":false,"chose_seed":false,"campfire_upgraded":1,"win_rate":0,"timestamp":1540395831,"path_taken":["M","?","M","?","$","R","?","?","T","M","?","M","?","E","R","BOSS"],"build_version":"2018-10-18","purchased_purges":0,"victory":false,"max_hp_per_floor":[82,87,87,87,87,87,87,87,87,87,87,87,87,87,87,87],"card_choices":[{"not_picked":["Rebound","Streamline"],"picked":"Reinforced Body","floor":1},{"not_picked":["Redo","Heatsinks"],"picked":"Beam Cell","floor":3},{"not_picked":["Undo","Stack"],"picked":"Blizzard","floor":10},{"not_picked":["Scrape","Beam Cell","BootSequence"],"picked":"SKIP","floor":12},{"not_picked":["Rip and Tear","Compile Driver"],"picked":"Static Discharge","floor":13},{"not_picked":["Hyperbeam","Blizzard","Reprogram"],"picked":"SKIP","floor":14}],"player_experience":242672,"relics_obtained":[{"floor":9,"key":"Regal Pillow"},{"floor":14,"key":"Potion Belt"}],"event_choices":[{"damage_healed":0,"gold_gain":0,"player_choice":"Donut","damage_taken":0,"max_hp_gain":5,"max_hp_loss":0,"event_name":"Big Fish","floor":2,"gold_loss":0},{"cards_removed":["Strike_B"],"damage_healed":0,"gold_gain":0,"player_choice":"Card Removal","damage_taken":0,"max_hp_gain":0,"max_hp_loss":0,"event_name":"The Cleric","floor":4,"gold_loss":50},{"damage_healed":0,"gold_gain":175,"player_choice":"AGREE","damage_taken":0,"max_hp_gain":0,"max_hp_loss":0,"event_name":"Liars Game","floor":7,"gold_loss":0,"cards_obtained":["Doubt"]},{"damage_healed":0,"gold_gain":0,"player_choice":"Got Potions","damage_taken":0,"max_hp_gain":0,"max_hp_loss":0,"event_name":"The Lab","floor":8,"gold_loss":0},{"damage_healed":0,"gold_gain":0,"player_choice":"Take Damage","damage_taken":21,"relics_obtained":["Golden Idol"],"max_hp_gain":0,"max_hp_loss":0,"event_name":"Golden Idol","floor":11,"gold_loss":0}],"is_beta":false,"boss_relics":[],"items_purged_floors":[],"is_endless":false,"potions_floor_spawned":[12,13,14],"killed_by":"Slime Boss","ascension_level":4}