{"gold_per_floor":[112,112,124,136,148,173,173,200,200,218,168,168,93,93,93,93],"floor_reached":16,"playtime":831,"items_purged":["Strike_G"],"score":110,"play_id":"106c61c5-9ba7-4831-9ec9-1390f34160dd","local_time":"20190424225345","is_ascension_mode":false,"campfire_choices":[{"floor":7,"key":"REST"},{"data":"Catalyst","floor":12,"key":"SMITH"},{"data":"Neutralize","floor":15,"key":"SMITH"}],"neow_cost":"NONE","seed_source_timestamp":20592577228842,"circlet_count":0,"master_deck":["Defend_G","Defend_G","Defend_G","Defend_G","Defend_G","Strike_G","Strike_G","Strike_G","Strike_G","Survivor","Neutralize+1","Night Terror","Bouncing Flask","Poisoned Stab","Dash","Cloak And Dagger","Well Laid Plans","Well Laid Plans","Catalyst+1"],"relics":["Ring of the Snake","Tingsha","Darkstone Periapt","Omamori","Paper Crane"],"potions_floor_usage":[8,8,16],"damage_taken":[{"damage":3,"enemies":"Small Slimes","floor":1,"turns":4},{"damage":5,"enemies":"2 Louse","floor":3,"turns":3},{"damage":5,"enemies":"Cultist","floor":4,"turns":3},{"damage":26,"enemies":"Blue Slaver","floor":5,"turns":4},{"damage":27,"enemies":"3 Sentries","floor":6,"turns":10},{"damage":18,"enemies":"Lagavulin","floor":8,"turns":5},{"damage":5,"enemies":"Exordium Wildlife","floor":10,"turns":4},{"damage":33,"enemies":"Slime Boss","floor":16,"turns":10}],"seed_played":"5307792479028940476","potions_obtained":[{"floor":1,"key":"Regen Potion"},{"floor":5,"key":"Poison Potion"},{"floor":8,"key":"GamblersBrew"},{"floor":10,"key":"FairyPotion"}],"is_trial":false,"path_per_floor":["M","?","M","M","M","E","R","E","T","M","?","R","$","?","R","B"],"character_chosen":"THE_SILENT","items_purchased":[],"campfire_rested":1,"item_purchase_floors":[],"current_hp_per_floor":[67,67,62,57,31,4,25,22,22,17,17,17,17,17,17,0],"gold":93,"neow_bonus":"ONE_RANDOM_RARE_CARD","is_prod":false,"is_daily":false,"chose_seed":false,"campfire_upgraded":2,"win_rate":0,"timestamp":1556117625,"path_taken":["M","?","M","M","M","E","R","E","T","M","?","R","$","?","R","BOSS"],"build_version":"2019-01-23","purchased_purges":1,"victory":false,"max_hp_per_floor":[70,70,70,70,70,70,70,70,70,70,70,70,70,70,70,70],"card_choices":[{"not_picked":["Escape Plan","Dagger Throw"],"picked":"Bouncing Flask","floor":1},{"not_picked":["Prepared","PiercingWail"],"picked":"Poisoned Stab","floor":3},{"not_picked":["Deflect","Sucker Punch"],"picked":"Dash","floor":4},{"not_picked":["Sucker Punch","Blade Dance"],"picked":"Cloak And Dagger","floor":5},{"not_picked":["Flying Knee","Dodge and Roll"],"picked":"Well Laid Plans","floor":6},{"not_picked":["Dagger Spray","Riddle With Holes"],"picked":"Well Laid Plans","floor":8},{"not_picked":["Acrobatics","Crippling Poison"],"picked":"Catalyst","floor":10}],"player_experience":470331,"relics_obtained":[{"floor":6,"key":"Darkstone Periapt"},{"floor":8,"key":"Omamori"},{"floor":14,"key":"Paper Crane"}],"event_choices":[{"damage_healed":0,"gold_gain":0,"player_choice":"Box","damage_taken":0,"relics_obtained":["Tingsha"],"max_hp_gain":0,"max_hp_loss":0,"event_name":"Big Fish","floor":2,"gold_loss":0,"cards_obtained":["Regret"]},{"cards_removed":["Regret"],"damage_healed":0,"gold_gain":0,"player_choice":"Card Removal","damage_taken":0,"max_hp_gain":0,"max_hp_loss":0,"event_name":"The Cleric","floor":11,"gold_loss":50},{"damage_healed":0,"gold_gain":0,"player_choice":"Relic","damage_taken":0,"max_hp_gain":0,"max_hp_loss":0,"event_name":"Wheel of Change","floor":14,"gold_loss":0}],"is_beta":false,"boss_relics":[],"items_purged_floors":[13],"is_endless":false,"potions_floor_spawned":[1,5,8,10],"killed_by":"Slime Boss","ascension_level":0}