{"gold_per_floor":[216,61,78,92,108,108,127,159,186,186,136,156,156,168,168,270,270,284,284,303,303,321,321,321,321,321,321,246,246,94,94,94,195,195,206,220,220,220,220,247,247,264,316,334,334,334,349,362,362,362],"floor_reached":50,"playtime":3895,"items_purged":["Strike_G"],"score":711,"play_id":"c86abea5-2983-4405-8517-7dd6efb82753","local_time":"20190327190039","is_ascension_mode":true,"campfire_choices":[{"data":"Neutralize","floor":6.0,"key":"SMITH"},{"data":"Dagger Spray","floor":13,"key":"SMITH"},{"data":"Backstab","floor":15,"key":"SMITH"},{"floor":23,"key":"REST"},{"data":"Die Die Die","floor":25,"key":"SMITH"},{"floor":27,"key":"REST"},{"data":"Cloak And Dagger","floor":32,"key":"SMITH"},{"floor":41,"key":"REST"},{"floor":45,"key":"REST"},{"floor":49,"key":"REST"}],"neow_cost":"NONE","seed_source_timestamp":0,"circlet_count":0,"master_deck":["AscendersBane","Defend_G+1","Defend_G+1","Defend_G+1","Defend_G+1","Defend_G+1","Strike_G+1","Strike_G+1","Survivor","Neutralize+1","Dagger Spray+1","Backstab+1","Predator","Predator","Well Laid Plans","Quick Slash","Die Die Die+1","Die Die Die","Cloak And Dagger+1","Phantasmal Killer","Eviscerate+1","Venomology","PiercingWail","A Thousand Cuts+1","Predator+1"],"special_seed":0,"relics":["Ring of the Snake","Dead Branch","Ancient Tea Set","Snecko Eye","Bottled Tornado","Fusion Hammer","Smiling Mask","Bag of Marbles"],"potions_floor_usage":[14,16,16,33,38,40,44,47,48,50,50,50,50],"damage_taken":[{"damage":0.0,"enemies":"2 Louse","floor":1.0,"turns":4.0},{"damage":0.0,"enemies":"Small Slimes","floor":3.0,"turns":2.0},{"damage":0.0,"enemies":"Jaw Worm","floor":4.0,"turns":3.0},{"damage":8.0,"enemies":"Large Slime","floor":5.0,"turns":6.0},{"damage":1.0,"enemies":"3 Louse","floor":7.0,"turns":3.0},{"damage":22.0,"enemies":"3 Sentries","floor":8.0,"turns":8.0},{"damage":0,"enemies":"2 Fungi Beasts","floor":12,"turns":3},{"damage":0,"enemies":"Lots of Slimes","floor":14,"turns":1},{"damage":2,"enemies":"Slime Boss","floor":16,"turns":7},{"damage":13,"enemies":"3 Byrds","floor":18,"turns":4},{"damage":1,"enemies":"Shell Parasite","floor":20,"turns":3},{"damage":11,"enemies":"3 Cultists","floor":22,"turns":5},{"damage":44,"enemies":"Automaton","floor":33,"turns":9},{"damage":6,"enemies":"3 Shapes","floor":35,"turns":2},{"damage":0,"enemies":"3 Darklings","floor":36,"turns":2},{"damage":0,"enemies":"Sphere and 2 Shapes","floor":38,"turns":1},{"damage":28,"enemies":"Reptomancer","floor":40,"turns":7},{"damage":28,"enemies":"Transient","floor":42,"turns":5},{"damage":6,"enemies":"Maw","floor":44,"turns":6},{"damage":21,"enemies":"Jaw Worm Horde","floor":47,"turns":2},{"damage":15,"enemies":"Transient","floor":48,"turns":5},{"damage":28,"enemies":"Donu and Deca","floor":50,"turns":3}],"seed_played":"-2477139825941742135","potions_obtained":[{"floor":4.0,"key":"LiquidBronze"},{"floor":5.0,"key":"Dexterity Potion"},{"floor":12,"key":"Fire Potion"},{"floor":14,"key":"LiquidBronze"},{"floor":20,"key":"SmokeBomb"},{"floor":33,"key":"PowerPotion"},{"floor":36,"key":"Swift Potion"},{"floor":40,"key":"Weak Potion"},{"floor":44,"key":"Regen Potion"},{"floor":47,"key":"AttackPotion"}],"is_trial":false,"path_per_floor":["M","$","M","M","M","R","M","E","T","?","?","M","R","M","R","B",null,"M","?","M","?","M","R","?","R","T","R","$","?","$","?","R","B",null,"M","M","?","M","?","E","R","M","T","M","R","?","M","M","R","B"],"character_chosen":"THE_SILENT","items_purchased":["Backstab","GhostInAJar","Die Die Die"],"campfire_rested":5,"item_purchase_floors":[2,2,30],"current_hp_per_floor":[63,63,63,63,55,55,54,32,32,25,25,25,25,25,25,23,58,45,45,44,31,20,42,42,42,42,64,64,64,64,64,64,20,61,55,55,55,55,55,27,48,20,20,14,35,35,19,4,25,0],"gold":362,"neow_bonus":"HUNDRED_GOLD","is_prod":false,"is_daily":false,"chose_seed":false,"campfire_upgraded":5,"win_rate":0,"timestamp":1553731239,"path_taken":["M","$","M","M","M","R","M","E","T","?","?","M","R","M","R","BOSS","M","?","M","?","M","R","?","R","T","R","?","?","$","?","R","BOSS","M","M","?","?","?","E","R","M","T","M","R","?","M","?","R","BOSS"],"build_version":"2019-01-23","purchased_purges":1,"victory":false,"max_hp_per_floor":[70,70,70,70,70,70,70,70,70,70,70,70,70,70,70,70,70,70,70,70,75,75,75,75,75,75,75,75,75,75,75,75,75,75,75,75,75,75,71,71,71,71,71,71,71,71,71,71,71,71],"card_choices":[{"not_picked":["Deadly Poison","Caltrops"],"picked":"Dagger Spray","floor":1.0},{"not_picked":["Prepared","Distraction","Flying Knee"],"picked":"SKIP","floor":3.0},{"not_picked":["Deadly Poison","Tactician"],"picked":"Predator","floor":4.0},{"not_picked":["Accuracy","Tactician"],"picked":"Predator","floor":5.0},{"not_picked":["Slice","Underhanded Strike","Tactician"],"picked":"SKIP","floor":7.0},{"not_picked":["Deflect","Expertise"],"picked":"Well Laid Plans","floor":8},{"not_picked":["Reflex","Slice"],"picked":"Quick Slash","floor":12},{"not_picked":["Infinite Blades","Poisoned Stab","Finisher"],"picked":"SKIP","floor":14},{"not_picked":["Venomology","Malaise"],"picked":"Die Die Die","floor":16},{"not_picked":["Backflip","Outmaneuver+1","Deflect+1"],"picked":"SKIP","floor":18},{"not_picked":["Prepared","Noxious Fumes","Acrobatics"],"picked":"SKIP","floor":20},{"not_picked":["Terror","Underhanded Strike+1","Prepared+1"],"picked":"SKIP","floor":22},{"not_picked":["Storm of Steel","Malaise"],"picked":"Phantasmal Killer","floor":33},{"not_picked":["Backflip","Deflect+1","Deadly Poison"],"picked":"SKIP","floor":35},{"not_picked":["Flying Knee+1","Acrobatics+1"],"picked":"Eviscerate+1","floor":36},{"not_picked":["Blade Dance","Deadly Poison","Tactician"],"picked":"SKIP","floor":40},{"not_picked":["Acrobatics+1","Quick Slash+1"],"picked":"A Thousand Cuts","floor":42},{"not_picked":["Noxious Fumes","Poisoned Stab+1"],"picked":"Predator+1","floor":44},{"not_picked":["Poisoned Stab","Noxious Fumes+1","Outmaneuver"],"picked":"SKIP","floor":47},{"not_picked":["Backstab","Dagger Spray+1","Finisher+1"],"picked":"SKIP","floor":48}],"player_experience":332727,"relics_obtained":[{"floor":8,"key":"Dead Branch"},{"floor":9,"key":"Ancient Tea Set"},{"floor":26,"key":"Bottled Tornado"},{"floor":40,"key":"Smiling Mask"},{"floor":43,"key":"Bag of Marbles"}],"event_choices":[{"cards_removed":["Strike_G"],"damage_healed":0,"gold_gain":0,"player_choice":"Card Removal","damage_taken":7,"max_hp_gain":0,"max_hp_loss":0,"event_name":"Golden Wing","floor":10,"gold_loss":0},{"cards_removed":["Strike_G"],"damage_healed":0,"gold_gain":0,"player_choice":"Card Removal","damage_taken":0,"max_hp_gain":0,"max_hp_loss":0,"event_name":"The Cleric","floor":11,"gold_loss":50},{"damage_healed":0,"gold_gain":0,"player_choice":"Ignored","damage_taken":0,"max_hp_gain":0,"max_hp_loss":0,"event_name":"The Mausoleum","floor":19,"gold_loss":0},{"damage_healed":0,"gold_gain":0,"player_choice":"Shed Blood","damage_taken":18,"max_hp_gain":5,"max_hp_loss":0,"event_name":"Forgotten Altar","floor":21,"gold_loss":0},{"damage_healed":0,"gold_gain":0,"player_choice":"Ignored","damage_taken":0,"max_hp_gain":0,"max_hp_loss":0,"event_name":"Cursed Tome","floor":24,"gold_loss":0},{"damage_healed":0,"gold_gain":0,"player_choice":"Simplicity","damage_taken":0,"max_hp_gain":0,"max_hp_loss":0,"event_name":"Back to Basics","floor":29,"gold_loss":0,"cards_upgraded":["Defend_G","Defend_G","Defend_G","Defend_G","Defend_G","Strike_G","Strike_G"]},{"damage_healed":0,"gold_gain":0,"player_choice":"Read","damage_taken":0,"max_hp_gain":0,"max_hp_loss":0,"event_name":"The Library","floor":31,"gold_loss":0,"cards_obtained":["Cloak And Dagger"]},{"damage_healed":0,"gold_gain":0,"player_choice":"2 cards matched","damage_taken":0,"max_hp_gain":0,"max_hp_loss":0,"event_name":"Match and Keep!","floor":37,"gold_loss":0,"cards_obtained":["Venomology","PiercingWail"]},{"damage_healed":0,"gold_gain":0,"player_choice":"Max HP","damage_taken":0,"max_hp_gain":0,"max_hp_loss":4,"event_name":"Winding Halls","floor":39,"gold_loss":0},{"damage_healed":0,"gold_gain":0,"player_choice":"Upgraded","damage_taken":0,"max_hp_gain":0,"max_hp_loss":0,"event_name":"Upgrade Shrine","floor":46,"gold_loss":0,"cards_upgraded":["A Thousand Cuts"]}],"is_beta":false,"boss_relics":[{"not_picked":["Coffee Dripper","Calling Bell"],"picked":"Snecko Eye"},{"not_picked":["Lizard Tail","Orrery"],"picked":"Fusion Hammer"}],"items_purged_floors":[28],"is_endless":false,"potions_floor_spawned":[4,5,7,12,14,20,33,36,40,44,47],"killed_by":"Donu and Deca","ascension_level":10}