{"path_per_floor":["M","M","?","?","?","E","R","?","T","E","$"],"character_chosen":"IRONCLAD","items_purchased":[],"gold_per_floor":[112,126,201,201,151,179,179,179,179,212,212,212],"floor_reached":12,"campfire_rested":0,"playtime":852,"item_purchase_floors":[],"current_hp_per_floor":[80,80,69,69,69,66,66,66,66,16,16,16],"items_purged":[],"gold":212,"score":84,"play_id":"62e911f3-ecbe-435a-ad8a-2dcd562bae26","local_time":"20180526141943","is_prod":false,"is_daily":false,"chose_seed":false,"is_ascension_mode":false,"campfire_upgraded":1,"win_rate":0.0,"timestamp":1527362383,"campfire_choices":[{"data":"Impervious","floor":7,"key":"SMITH"}],"path_taken":["M","?","?","?","?","E","R","?","T","E","$","M"],"build_version":"2018-05-24","seed_source_timestamp":311984367709932,"purchased_purges":0,"victory":false,"master_deck":["Strike_R","Strike_R","Strike_R","Strike_R","Strike_R","Defend_R","Defend_R","Defend_R","Defend_R","True Grit","Rage","Impervious+1","Regret","Thunderclap"],"max_hp_per_floor":[80,80,80,80,80,80,80,80,80,80,80,80],"relics":["Burning Blood","Bag of Preparation","Potion Belt","Toxic Egg 2","Juzu Bracelet"],"card_choices":[{"not_picked":["Rupture","Anger"],"picked":"True Grit","floor":1},{"not_picked":["Anger","Battle Trance"],"picked":"Rage","floor":2},{"not_picked":["Combust","Twin Strike"],"picked":"Impervious","floor":6},{"not_picked":["Iron Wave","Pummel"],"picked":"Thunderclap","floor":10}],"player_experience":1696,"potions_floor_usage":[6,6,6],"damage_taken":[{"damage":3,"enemies":"Cultist","floor":1,"turns":5},{"damage":1,"enemies":"2 Louse","floor":2,"turns":3},{"damage":9,"enemies":"3 Sentries","floor":6,"turns":10},{"damage":56,"enemies":"Gremlin Nob","floor":10,"turns":7},{"damage":0,"enemies":"Small Slimes","floor":12,"turns":1}],"relics_obtained":[{"floor":6,"key":"Bag of Preparation"},{"floor":9,"key":"Toxic Egg 2"},{"floor":10,"key":"Juzu Bracelet"}],"event_choices":[{"event_name":"World of Goop","player_choice":"Gather Gold","floor":3,"damage_taken":0},{"event_name":"The Lab","player_choice":"Got Potions","floor":4,"damage_taken":0},{"event_name":"The Cleric","player_choice":"Card Removal","floor":5,"damage_taken":0},{"event_name":"Big Fish","player_choice":"Box","floor":8,"damage_taken":0}],"boss_relics":[],"items_purged_floors":[],"potions_floor_spawned":[1,2,10],"seed_played":"-7289520410128206067","killed_by":"Small Slimes","ascension_level":0,"potions_obtained":[{"floor":1,"key":"Swift Potion"},{"floor":2,"key":"Swift Potion"},{"floor":4,"key":"Ancient Potion"},{"floor":10,"key":"Explosive Potion"}],"is_trial":false}