{"gold_per_floor":[110,23,43,62,78,106,106,85,85,85,103,103,20,55,55,55],"floor_reached":16,"playtime":680,"items_purged":[],"score":224,"play_id":"67f6ebcb-0439-48e5-bade-c7b2442e3538","local_time":"20190410170342","is_ascension_mode":true,"campfire_choices":[{"data":"Clothesline","floor":7,"key":"SMITH"},{"data":"Shockwave","floor":10,"key":"SMITH"},{"floor":12,"key":"REST"},{"data":"True Grit","floor":15,"key":"SMITH"}],"neow_cost":"NONE","seed_source_timestamp":1067361843179806,"circlet_count":0,"master_deck":["AscendersBane","Strike_R","Strike_R","Strike_R","Strike_R","Strike_R","Defend_R","Defend_R","Defend_R","Defend_R","Bash+1","Rampage","Feel No Pain","True Grit+1","Clothesline+1","Battle Trance","Double Tap","Shockwave+1","Disarm","Exhume"],"relics":["Burning Blood","Dodecahedron","Du-Vu Doll"],"potions_floor_usage":[6,8,14],"damage_taken":[{"damage":1,"enemies":"Cultist","floor":1,"turns":3},{"damage":8,"enemies":"Small Slimes","floor":3,"turns":4},{"damage":0,"enemies":"2 Louse","floor":4,"turns":3},{"damage":9,"enemies":"Red Slaver","floor":5,"turns":3},{"damage":24,"enemies":"3 Sentries","floor":6,"turns":10},{"damage":13,"enemies":"Exordium Thugs","floor":8,"turns":4},{"damage":12,"enemies":"2 Fungi Beasts","floor":11,"turns":3},{"damage":16,"enemies":"Lagavulin","floor":14,"turns":7},{"damage":53,"enemies":"Slime Boss","floor":16,"turns":10}],"seed_played":"-8883458050993699744","potions_obtained":[{"floor":3,"key":"Poison Potion"},{"floor":5,"key":"Block Potion"},{"floor":8,"key":"Poison Potion"}],"is_trial":false,"path_per_floor":["M","$","M","M","M","E","R","M","T","R","M","R","$","E","R","B"],"character_chosen":"IRONCLAD","items_purchased":["Feel No Pain","Disarm"],"campfire_rested":1,"item_purchase_floors":[2,13],"current_hp_per_floor":[73,73,71,75,72,54,54,47,47,47,41,63,63,53,53,0],"gold":55,"neow_bonus":"UPGRADE_CARD","is_prod":false,"is_daily":false,"chose_seed":false,"campfire_upgraded":3,"win_rate":0,"timestamp":1554883422,"path_taken":["M","?","M","M","M","E","R","M","T","R","M","R","$","E","R","BOSS"],"build_version":"2019-01-23","purchased_purges":0,"victory":false,"max_hp_per_floor":[75,75,75,75,75,75,75,75,75,75,75,75,75,75,75,75],"card_choices":[{"not_picked":["Twin Strike","Pommel Strike"],"picked":"Rampage","floor":1},{"not_picked":["Feel No Pain","Body Slam"],"picked":"True Grit","floor":3},{"not_picked":["Havoc","Rupture"],"picked":"Clothesline","floor":4},{"not_picked":["Clash","Anger"],"picked":"Battle Trance","floor":5},{"not_picked":["Clash","Warcry"],"picked":"Double Tap","floor":6},{"not_picked":["Iron Wave","Battle Trance"],"picked":"Shockwave","floor":8},{"not_picked":["Blood for Blood","Burning Pact","Havoc"],"picked":"SKIP","floor":11},{"not_picked":["Metallicize","Flex"],"picked":"Exhume","floor":14}],"player_experience":883776,"relics_obtained":[{"floor":9,"key":"Dodecahedron"},{"floor":14,"key":"Du-Vu Doll"}],"event_choices":[],"is_beta":false,"boss_relics":[],"items_purged_floors":[],"is_endless":false,"potions_floor_spawned":[3,5,8],"killed_by":"Slime Boss","ascension_level":20}