{"gold_per_floor":[115,65,83,83,95,95,106,26,103,103,138,138,165,165,165,262,262,277,10,110,110,110,110,122,122,122,135,155,171,171,48,48,151,151,162,173,73,0,19,19,53,53,53,53,53,53,53,73,73,73],"floor_reached":51,"playtime":2475,"items_purged":["Defend_B","Decay"],"score":756,"play_id":"c0fc8460-cd3f-4e9d-8b96-57d8ec9b0e3c","local_time":"20190405025805","is_ascension_mode":false,"campfire_choices":[{"data":"Barrage","floor":6,"key":"SMITH"},{"data":"Loop","floor":10,"key":"SMITH"},{"data":"Loop","floor":12,"key":"SMITH"},{"data":"Zap","floor":15,"key":"SMITH"},{"data":"1","floor":23,"key":"LIFT"},{"data":"2","floor":25,"key":"LIFT"},{"data":"Tempest","floor":32,"key":"SMITH"},{"data":"Barrage","floor":40,"key":"SMITH"},{"data":"Hologram","floor":42,"key":"SMITH"},{"data":"Electrodynamics","floor":44,"key":"SMITH"},{"data":"Blizzard","floor":49,"key":"SMITH"}],"neow_cost":"NONE","seed_source_timestamp":366516084816987,"circlet_count":0,"master_deck":["Strike_B","Strike_B","Defend_B","Defend_B+1","Defend_B+1","Zap+1","Dualcast+1","Barrage+1","Cold Snap","Coolheaded+1","Loop+1","Loop+1","Electrodynamics+1","Hologram+1","Tempest+1","Capacitor","All For One","Cold Snap","Chill","Machine Learning","Glacier","Barrage+1","Hologram+1","Blizzard+1"],"relics":["Cracked Core","Mercury Hourglass","Art of War","War Paint","Coffee Dripper","Runic Capacitor","Girya","Question Card","Pear","Inserter","Red Mask","Dodecahedron","Frozen Egg 2","Bottled Lightning"],"potions_floor_usage":[4,16,20,27,28,35,41,50],"damage_taken":[{"damage":1,"enemies":"Jaw Worm","floor":1,"turns":4},{"damage":1,"enemies":"Cultist","floor":3,"turns":3},{"damage":1,"enemies":"Small Slimes","floor":5,"turns":2},{"damage":8,"enemies":"2 Fungi Beasts","floor":7,"turns":4},{"damage":15,"enemies":"Lagavulin","floor":11,"turns":5},{"damage":3,"enemies":"Gremlin Nob","floor":13,"turns":3},{"damage":0,"enemies":"Slime Boss","floor":16,"turns":10},{"damage":0,"enemies":"3 Byrds","floor":18,"turns":2},{"damage":3,"enemies":"Colosseum Slavers","floor":20,"turns":3},{"damage":19,"enemies":"Colosseum Nobs","floor":20,"turns":5},{"damage":10,"enemies":"Spheric Guardian","floor":24,"turns":3},{"damage":0,"enemies":"Snecko","floor":27,"turns":5},{"damage":0,"enemies":"3 Cultists","floor":28,"turns":3},{"damage":8,"enemies":"Snake Plant","floor":29,"turns":3},{"damage":37,"enemies":"Champ","floor":33,"turns":8},{"damage":1,"enemies":"Orb Walker","floor":35,"turns":4},{"damage":0,"enemies":"3 Shapes","floor":36,"turns":4},{"damage":0,"enemies":"3 Darklings","floor":39,"turns":3},{"damage":35,"enemies":"Reptomancer","floor":41,"turns":6},{"damage":21,"enemies":"Maw","floor":48,"turns":6},{"damage":32,"enemies":"Donu and Deca","floor":50,"turns":6}],"seed_played":"3713420461703318368","potions_obtained":[{"floor":1,"key":"Explosive Potion"},{"floor":4,"key":"Fruit Juice"},{"floor":4,"key":"Energy Potion"},{"floor":4,"key":"Regen Potion"},{"floor":16,"key":"Ancient Potion"},{"floor":24,"key":"Fire Potion"},{"floor":27,"key":"PowerPotion"},{"floor":28,"key":"Energy Potion"},{"floor":41,"key":"LiquidBronze"},{"floor":48,"key":"SpeedPotion"}],"is_trial":false,"path_per_floor":["M","?","M","?","M","R","M","$","T","R","E","R","E","?","R","B",null,"M","$","?","?","?","R","M","R","T","M","M","M","?","$","R","B",null,"M","M","$","?","M","R","E","R","T","R","T","$","?","M","R","B",null],"character_chosen":"DEFECT","items_purchased":["Loop","Runic Capacitor","Cold Snap","Chill"],"campfire_rested":0,"item_purchase_floors":[8,19,31,31],"current_hp_per_floor":[81,81,80,85,84,84,76,76,76,76,61,61,58,41,41,56,87,87,87,65,65,65,65,55,55,65,65,65,57,57,57,57,20,97,96,96,96,96,96,96,61,61,61,61,61,61,61,40,40,8],"gold":73,"neow_bonus":"TEN_PERCENT_HP_BONUS","is_prod":false,"is_daily":false,"chose_seed":false,"campfire_upgraded":9,"win_rate":0.0,"timestamp":1554425885,"path_taken":["M","?","M","?","M","R","?","$","T","R","E","R","E","?","R","BOSS","M","$","?","?","?","R","M","R","T","?","M","M","?","?","R","BOSS","M","?","$","?","M","R","E","R","T","R","?","$","?","M","R","BOSS"],"build_version":"2019-01-23","purchased_purges":2,"victory":true,"max_hp_per_floor":[82,82,82,87,87,87,87,87,87,87,87,87,87,87,87,87,87,87,87,87,87,87,87,87,87,97,97,97,97,97,97,97,97,97,97,97,97,97,97,97,97,97,97,97,97,97,97,97,97,97],"card_choices":[{"not_picked":["Stack","Turbo"],"picked":"Barrage","floor":1},{"not_picked":["Steam","Rebound"],"picked":"Cold Snap","floor":3},{"not_picked":["Rip and Tear","Steam"],"picked":"Coolheaded","floor":5},{"not_picked":["Steam","Gash"],"picked":"Loop","floor":7},{"not_picked":["Turbo","Double Energy","Reboot"],"picked":"SKIP","floor":11},{"not_picked":["Force Field","Redo","Melter"],"picked":"SKIP","floor":13},{"not_picked":["Seek","Multi-Cast"],"picked":"Electrodynamics","floor":16},{"not_picked":["Storm","Static Discharge"],"picked":"Hologram+1","floor":18},{"not_picked":["Blizzard","Sweeping Beam"],"picked":"Tempest","floor":20},{"not_picked":["Barrage","Gash","FTL+1"],"picked":"Capacitor","floor":24},{"not_picked":["Leap","Steam","Turbo"],"picked":"BootSequence+1","floor":27},{"not_picked":["Ball Lightning","Turbo","Beam Cell"],"picked":"All For One","floor":28},{"not_picked":["Rebound","Ball Lightning","Tempest","Scrape+1"],"picked":"SKIP","floor":29},{"not_picked":["Biased Cognition","Multi-Cast","Fission"],"picked":"Machine Learning","floor":33},{"not_picked":["FTL+1","Aggregate","Hologram"],"picked":"Glacier","floor":35},{"not_picked":["Coolheaded+1","Gash+1","Streamline"],"picked":"Barrage","floor":36},{"not_picked":["Hello World+1","Leap","Reprogram","Lockon+1"],"picked":"SKIP","floor":39},{"not_picked":["Electrodynamics","Undo","Streamline"],"picked":"Hologram","floor":41},{"not_picked":["Ball Lightning","Double Energy","Self Repair+1"],"picked":"Blizzard","floor":48}],"player_experience":411412,"relics_obtained":[{"floor":9,"key":"Mercury Hourglass"},{"floor":11,"key":"Art of War"},{"floor":13,"key":"War Paint"},{"floor":20,"key":"Girya"},{"floor":20,"key":"Question Card"},{"floor":26,"key":"Pear"},{"floor":41,"key":"Dodecahedron"},{"floor":43,"key":"Frozen Egg 2"},{"floor":45,"key":"Bottled Lightning"}],"event_choices":[{"cards_removed":["Strike_B"],"damage_healed":0,"gold_gain":0,"player_choice":"Card Removal","damage_taken":0,"max_hp_gain":0,"max_hp_loss":0,"event_name":"The Cleric","floor":2,"gold_loss":50},{"damage_healed":0,"gold_gain":0,"player_choice":"Got Potions","damage_taken":0,"max_hp_gain":0,"max_hp_loss":0,"event_name":"Lab","floor":4,"gold_loss":0},{"damage_healed":0,"gold_gain":0,"player_choice":"Entered Light","damage_taken":17,"max_hp_gain":0,"max_hp_loss":0,"event_name":"Shining Light","floor":14,"gold_loss":0,"cards_upgraded":["Defend_B","Coolheaded"]},{"damage_healed":0,"gold_gain":0,"player_choice":"Fight","damage_taken":0,"max_hp_gain":0,"max_hp_loss":0,"event_name":"Colosseum","floor":20,"gold_loss":0},{"damage_healed":0,"gold_gain":0,"player_choice":"Fought Nobs","damage_taken":0,"max_hp_gain":0,"max_hp_loss":0,"event_name":"Colosseum","floor":20,"gold_loss":0},{"cards_removed":["Strike_B"],"damage_healed":0,"gold_gain":0,"player_choice":"Elegance","damage_taken":0,"max_hp_gain":0,"max_hp_loss":0,"event_name":"Back to Basics","floor":21,"gold_loss":0},{"damage_healed":0,"gold_gain":0,"player_choice":"Cursed","damage_taken":0,"max_hp_gain":0,"max_hp_loss":0,"event_name":"Wheel of Change","floor":22,"gold_loss":0,"cards_obtained":["Decay"]},{"damage_healed":0,"gold_gain":0,"player_choice":"Ignored","damage_taken":0,"max_hp_gain":0,"max_hp_loss":0,"event_name":"Cursed Tome","floor":30,"gold_loss":0},{"damage_healed":0,"gold_gain":0,"player_choice":"Paid","damage_taken":0,"relics_obtained":["Red Mask"],"max_hp_gain":0,"max_hp_loss":0,"event_name":"Tomb of Lord Red Mask","floor":38,"gold_loss":73},{"cards_removed":["BootSequence"],"damage_healed":0,"gold_gain":0,"player_choice":"Removed Skill","damage_taken":0,"max_hp_gain":0,"max_hp_loss":0,"event_name":"Falling","floor":47,"gold_loss":0}],"is_beta":false,"boss_relics":[{"not_picked":["Fusion Hammer","Tiny House"],"picked":"Coffee Dripper"},{"not_picked":["Empty Cage","Astrolabe"],"picked":"Inserter"}],"items_purged_floors":[19,37],"is_endless":false,"potions_floor_spawned":[1,11,16,18,24,27,28,41,48],"ascension_level":0}