{"gold_per_floor":[109,126,142,61,80,80,113,113,139,155,155,170,200,231,231,309,309,325,325,343,359,378,378],"floor_reached":23,"playtime":898,"items_purged":[],"score":349,"play_id":"0461c99e-5c1c-45da-9c4e-aa4567a67291","local_time":"20190323154324","is_ascension_mode":true,"campfire_choices":[{"floor":6,"key":"REST"},{"floor":8,"key":"REST"},{"floor":15,"key":"REST"}],"neow_cost":"NONE","seed_source_timestamp":51655356261120,"circlet_count":0,"master_deck":["AscendersBane","Strike_B","Strike_B","Strike_B","Strike_B","Defend_B","Defend_B","Defend_B","Defend_B","Zap","Dualcast","Biased Cognition","Chaos","Defragment","Rip and Tear","Jack Of All Trades","Ball Lightning","Go for the Eyes","Chill","Coolheaded","Rebound","Core Surge","White Noise","Go for the Eyes","Glacier"],"relics":["Cracked Core","Orichalcum","Smiling Mask","Bag of Preparation","Velvet Choker"],"potions_floor_usage":[5,5,14],"damage_taken":[{"damage":3,"enemies":"2 Louse","floor":1,"turns":3},{"damage":2,"enemies":"Jaw Worm","floor":2,"turns":3},{"damage":13,"enemies":"Small Slimes","floor":3,"turns":4},{"damage":27,"enemies":"Gremlin Gang","floor":5,"turns":4},{"damage":20,"enemies":"3 Sentries","floor":7,"turns":6},{"damage":1,"enemies":"Exordium Wildlife","floor":10,"turns":2},{"damage":0,"enemies":"Large Slime","floor":12,"turns":4},{"damage":19,"enemies":"Gremlin Nob","floor":14,"turns":5},{"damage":33,"enemies":"Hexaghost","floor":16,"turns":8},{"damage":12,"enemies":"Shell Parasite","floor":18,"turns":3},{"damage":3,"enemies":"Chosen","floor":20,"turns":4},{"damage":9,"enemies":"Sentry and Sphere","floor":21,"turns":6},{"damage":28,"enemies":"3 Cultists","floor":22,"turns":5},{"damage":31,"enemies":"Slavers","floor":23,"turns":3}],"seed_played":"-6625829660972358539","potions_obtained":[{"floor":2,"key":"Energy Potion"},{"floor":3,"key":"Swift Potion"},{"floor":5,"key":"EssenceOfSteel"},{"floor":20,"key":"Swift Potion"}],"is_trial":false,"path_per_floor":["M","M","M","$","M","R","E","R","T","M","?","M","?","E","R","B",null,"M","?","M","M","M","E"],"character_chosen":"DEFECT","items_purchased":["Jack Of All Trades"],"campfire_rested":3,"item_purchase_floors":[4],"current_hp_per_floor":[61,59,46,46,19,40,20,41,41,40,40,40,40,21,42,9,56,44,71,68,59,31,0],"gold":378,"neow_bonus":"ONE_RANDOM_RARE_CARD","is_prod":false,"is_daily":false,"chose_seed":false,"campfire_upgraded":0,"win_rate":0,"timestamp":1553373804,"path_taken":["M","M","M","$","M","R","E","R","T","M","?","M","?","E","R","BOSS","M","?","?","M","?","E"],"build_version":"2019-01-23","purchased_purges":0,"victory":false,"max_hp_per_floor":[71,71,71,71,71,71,71,71,71,71,71,71,71,71,71,71,71,71,71,71,71,71,71],"card_choices":[{"not_picked":["Stack","Hologram"],"picked":"Chaos","floor":1},{"not_picked":["Sunder","Undo"],"picked":"Defragment","floor":2},{"not_picked":["Barrage","Sunder"],"picked":"Rip and Tear","floor":3},{"not_picked":["Barrage","Stack"],"picked":"Ball Lightning","floor":5},{"not_picked":["Blizzard","Turbo"],"picked":"Go for the Eyes","floor":7},{"not_picked":["Blizzard","Hello World"],"picked":"Chill","floor":10},{"not_picked":["Steam Power","Gash"],"picked":"Coolheaded","floor":12},{"not_picked":["Fusion","Streamline"],"picked":"Rebound","floor":14},{"not_picked":["Thunder Strike","Meteor Strike"],"picked":"Core Surge","floor":16},{"not_picked":["Scrape","Redo"],"picked":"FTL","floor":18},{"not_picked":["Barrage","Sunder"],"picked":"White Noise","floor":20},{"not_picked":["Streamline","Doom and Gloom"],"picked":"Go for the Eyes","floor":21},{"not_picked":["Streamline","Barrage"],"picked":"Glacier","floor":22}],"player_experience":1139489,"relics_obtained":[{"floor":7,"key":"Orichalcum"},{"floor":9,"key":"Smiling Mask"},{"floor":14,"key":"Bag of Preparation"}],"event_choices":[{"damage_healed":0,"gold_gain":0,"player_choice":"Ignored","damage_taken":0,"max_hp_gain":0,"max_hp_loss":0,"event_name":"Liars Game","floor":11,"gold_loss":0},{"damage_healed":0,"gold_gain":30,"player_choice":"Searched \u00272\u0027 times","damage_taken":0,"max_hp_gain":0,"max_hp_loss":0,"event_name":"Dead Adventurer","floor":13,"gold_loss":0},{"cards_removed":["FTL"],"damage_healed":27,"gold_gain":0,"player_choice":"Offered Uncommon","damage_taken":0,"max_hp_gain":0,"max_hp_loss":0,"event_name":"Bonfire Elementals","floor":19,"gold_loss":0}],"is_beta":false,"boss_relics":[{"not_picked":["Calling Bell","Black Star"],"picked":"Velvet Choker"}],"items_purged_floors":[],"is_endless":false,"potions_floor_spawned":[2,3,5,20],"killed_by":"Slavers","ascension_level":14}