{"gold_per_floor":[118,136,136,153,232,257,257,4,77,77,102,102,129,146,146,246,246,262,88,88,105,30,63,63,63,90,90,90,90,57,76,76,76],"floor_reached":33,"playtime":1761,"items_purged":["Strike_R"],"score":402,"play_id":"4cc75e3d-a0ee-49d0-841c-522537ee2b9f","local_time":"20190314210520","is_ascension_mode":true,"campfire_choices":[{"data":"Burning Pact","floor":7,"key":"SMITH"},{"floor":12,"key":"REST"},{"data":"1","floor":15,"key":"LIFT"},{"data":"2","floor":24,"key":"LIFT"},{"data":"3","floor":29,"key":"LIFT"},{"data":"Metallicize","floor":32,"key":"SMITH"}],"neow_cost":"NONE","seed_source_timestamp":90214411162600,"circlet_count":0,"master_deck":["Defend_R","Defend_R","Defend_R","Defend_R","Bash+1","Uppercut+1","Clothesline","Burning Pact+1","Shrug It Off","Cleave","Feed+1","Metallicize+1","Whirlwind","Disarm+1","Bite","Bite","Bite","Bite","Bite","Writhe","Metallicize"],"relics":["Burning Blood","Shuriken","Singing Bowl","Letter Opener","Vajra","Girya","Coffee Dripper","Dream Catcher","Strawberry","Blue Candle"],"potions_floor_usage":[16,18,20,23,31,33,33],"damage_taken":[{"damage":3,"enemies":"Small Slimes","floor":1,"turns":5},{"damage":6,"enemies":"Jaw Worm","floor":2,"turns":3},{"damage":0,"enemies":"Cultist","floor":4,"turns":3},{"damage":24,"enemies":"Gremlin Nob","floor":6,"turns":4},{"damage":44,"enemies":"3 Sentries","floor":11,"turns":10},{"damage":24,"enemies":"Gremlin Nob","floor":13,"turns":4},{"damage":3,"enemies":"3 Louse","floor":14,"turns":2},{"damage":41,"enemies":"The Guardian","floor":16,"turns":13},{"damage":2,"enemies":"3 Byrds","floor":18,"turns":2},{"damage":28,"enemies":"2 Thieves","floor":21,"turns":5},{"damage":43,"enemies":"Book of Stabbing","floor":23,"turns":6},{"damage":12,"enemies":"3 Cultists","floor":31,"turns":3},{"damage":67,"enemies":"Automaton","floor":33,"turns":6}],"seed_played":"-3062908978627325187","potions_obtained":[{"floor":4,"key":"Ancient Potion"},{"floor":6,"key":"LiquidBronze"},{"floor":11,"key":"Swift Potion"},{"floor":14,"key":"Regen Potion"},{"floor":21,"key":"SkillPotion"},{"floor":23,"key":"Energy Potion"},{"floor":31,"key":"Energy Potion"}],"is_trial":false,"path_per_floor":["M","M","?","M","T","E","R","$","T","$","E","R","E","M","R","B",null,"M","$","?","M","$","E","R","?","T","?","?","R","$","M","R","B"],"character_chosen":"IRONCLAD","items_purchased":["Singing Bowl","Metallicize","Fruit Juice","Metallicize"],"campfire_rested":1,"item_purchase_floors":[8,19,19,30],"current_hp_per_floor":[75,75,75,80,80,62,62,62,62,62,24,48,32,37,37,17,67,76,76,81,63,63,26,26,26,33,33,33,33,33,37,37,0],"gold":76,"neow_bonus":"UPGRADE_CARD","is_prod":false,"is_daily":false,"chose_seed":false,"campfire_upgraded":2,"win_rate":0,"timestamp":1552611920,"path_taken":["M","M","?","M","?","E","R","$","T","?","E","R","E","M","R","BOSS","M","$","?","?","$","E","R","?","T","?","?","R","?","M","R","BOSS"],"build_version":"2019-01-23","purchased_purges":1,"victory":false,"max_hp_per_floor":[80,80,80,80,80,80,80,80,80,80,80,80,82,84,84,84,84,89,89,94,98,98,98,98,98,105,73,73,73,73,75,75,75],"card_choices":[{"not_picked":["Body Slam","Rage"],"picked":"Uppercut","floor":1},{"not_picked":["Entrench","Pummel"],"picked":"Clothesline","floor":2},{"not_picked":["Rupture","Thunderclap"],"picked":"Burning Pact","floor":4},{"not_picked":["Sentinel","Rampage"],"picked":"Shrug It Off","floor":6},{"not_picked":["True Grit","Bloodletting"],"picked":"Cleave","floor":11},{"not_picked":["Bloodletting","Rampage","Evolve"],"picked":"Singing Bowl","floor":13},{"not_picked":["Thunderclap","Headbutt","Warcry"],"picked":"Singing Bowl","floor":14},{"not_picked":["Berserk","Brutality"],"picked":"Feed","floor":16},{"not_picked":["Uppercut+1","Clothesline","Heavy Blade+1"],"picked":"Singing Bowl","floor":18},{"not_picked":["Clothesline+1","Thunderclap+1"],"picked":"Whirlwind","floor":21},{"not_picked":["Pommel Strike","Second Wind+1"],"picked":"Disarm+1","floor":23},{"not_picked":["Sever Soul+1","Cleave","Clash"],"picked":"Singing Bowl","floor":31}],"player_experience":163463,"relics_obtained":[{"floor":6,"key":"Shuriken"},{"floor":9,"key":"Letter Opener"},{"floor":11,"key":"Vajra"},{"floor":13,"key":"Girya"},{"floor":23,"key":"Dream Catcher"},{"floor":26,"key":"Strawberry"}],"event_choices":[{"damage_healed":0,"gold_gain":0,"player_choice":"Grow","damage_taken":0,"max_hp_gain":0,"max_hp_loss":0,"event_name":"Living Wall","floor":3,"gold_loss":0,"cards_upgraded":["Uppercut"]},{"damage_healed":0,"gold_gain":0,"player_choice":"Forge","damage_taken":0,"max_hp_gain":0,"max_hp_loss":0,"event_name":"Accursed Blacksmith","floor":20,"gold_loss":0,"cards_upgraded":["Feed"]},{"damage_healed":0,"gold_gain":0,"player_choice":"Ignored","damage_taken":0,"max_hp_gain":0,"max_hp_loss":0,"event_name":"Cursed Tome","floor":25,"gold_loss":0},{"damage_healed":0,"gold_gain":0,"player_choice":"Became a vampire","damage_taken":0,"max_hp_gain":0,"max_hp_loss":32,"event_name":"Vampires","floor":27,"gold_loss":0,"cards_obtained":["Bite","Bite","Bite","Bite","Bite"]},{"damage_healed":0,"gold_gain":0,"player_choice":"Opened","damage_taken":0,"relics_obtained":["Blue Candle"],"max_hp_gain":0,"max_hp_loss":0,"event_name":"The Mausoleum","floor":28,"gold_loss":0,"cards_obtained":["Writhe"]}],"is_beta":false,"boss_relics":[{"not_picked":["Mark of Pain","Pandora\u0027s Box"],"picked":"Coffee Dripper"}],"items_purged_floors":[22],"is_endless":false,"potions_floor_spawned":[4,6,11,14,21,23,31],"killed_by":"Automaton","ascension_level":7}