{"gold_per_floor":[219,239,12,12,24,24,24,56,56,74,74,84,84,84,84,185,185,202,222,222,20,33,33,59,59,59,72,104,204,129,147,147,147],"floor_reached":33,"playtime":2424,"items_purged":["Strike_G"],"score":315,"play_id":"416d3d0e-ead3-4570-86eb-9ccd600e5d7f","local_time":"20181207201339","is_ascension_mode":false,"campfire_choices":[{"data":"Neutralize","floor":6,"key":"SMITH"},{"data":"Blur","floor":11,"key":"SMITH"},{"data":"Bouncing Flask","floor":13,"key":"SMITH"},{"data":"Dodge and Roll","floor":15,"key":"SMITH"},{"data":"Bouncing Flask","floor":23,"key":"SMITH"},{"data":"PiercingWail","floor":25,"key":"SMITH"},{"data":"Malaise","floor":32,"key":"SMITH"}],"neow_cost":"NONE","seed_source_timestamp":757859642292619,"circlet_count":0,"master_deck":["Defend_G","Defend_G","Defend_G","Defend_G","Strike_G+1","Strike_G","Strike_G","Strike_G+1","Survivor","Neutralize+1","Infinite Blades","Dodge and Roll+1","PiercingWail+1","Dagger Spray+1","Bouncing Flask+1","Blur+1","Bouncing Flask+1","Malaise+1","Dodge and Roll+1","Accuracy","Dash","Catalyst"],"relics":["Ring of the Snake","ClockworkSouvenir","Meat on the Bone","Tingsha","TwistedFunnel","Snake Skull","Mercury Hourglass","Whetstone","WingedGreaves","Bottled Lightning"],"potions_floor_usage":[12,22,28,28,29,33],"damage_taken":[{"damage":0,"enemies":"Small Slimes","floor":1,"turns":6},{"damage":0,"enemies":"Jaw Worm","floor":2,"turns":5},{"damage":0,"enemies":"Cultist","floor":5,"turns":4},{"damage":18,"enemies":"Gremlin Nob","floor":8,"turns":5},{"damage":1,"enemies":"Exordium Thugs","floor":10,"turns":4},{"damage":1,"enemies":"Exordium Wildlife","floor":12,"turns":6},{"damage":0,"enemies":"Hexaghost","floor":16,"turns":9},{"damage":0,"enemies":"Spheric Guardian","floor":18,"turns":3},{"damage":0,"enemies":"Shell Parasite","floor":19,"turns":6},{"damage":8,"enemies":"Cultist and Chosen","floor":22,"turns":9},{"damage":0,"enemies":"Snecko","floor":27,"turns":5},{"damage":37,"enemies":"Slavers","floor":28,"turns":7},{"damage":2,"enemies":"Colosseum Slavers","floor":29,"turns":4},{"damage":29,"enemies":"Colosseum Nobs","floor":29,"turns":5},{"damage":1,"enemies":"Shelled Parasite and Fungi","floor":31,"turns":6},{"damage":47,"enemies":"Champ","floor":33,"turns":10}],"seed_played":"8586487645122952719","potions_obtained":[{"floor":1,"key":"Dexterity Potion"},{"floor":10,"key":"GamblersBrew"},{"floor":18,"key":"Strength Potion"},{"floor":22,"key":"Swift Potion"},{"floor":27,"key":"Swift Potion"},{"floor":31,"key":"Regen Potion"}],"is_trial":false,"path_per_floor":["M","M","$","?","M","R","?","E","T","M","R","M","R","T","R","B",null,"M","M","?","$","M","R","T","R","T","M","E","?","$","M","R","B"],"character_chosen":"THE_SILENT","items_purchased":["PiercingWail","ClockworkSouvenir","TwistedFunnel"],"campfire_rested":0,"item_purchase_floors":[3,3,21],"current_hp_per_floor":[70,70,70,63,63,63,63,45,45,44,44,43,43,43,43,43,70,70,70,57,57,49,49,49,49,49,49,24,17,17,28,28,0],"gold":147,"neow_bonus":"HUNDRED_GOLD","is_prod":false,"is_daily":false,"chose_seed":false,"campfire_upgraded":7,"win_rate":0,"timestamp":1544181219,"path_taken":["M","M","$","?","M","R","?","E","T","?","R","M","R","?","R","BOSS","M","M","?","$","M","R","?","R","T","?","E","?","$","M","R","BOSS"],"build_version":"2018-12-06","purchased_purges":1,"victory":false,"max_hp_per_floor":[70,70,70,70,70,70,70,70,70,70,70,70,70,70,70,70,70,70,70,75,75,75,75,75,75,75,75,75,75,75,75,75,75],"card_choices":[{"not_picked":["Terror","Flying Knee"],"picked":"Infinite Blades","floor":1},{"not_picked":["Flying Knee","Underhanded Strike"],"picked":"Dodge and Roll","floor":2},{"not_picked":["Caltrops","Blade Dance"],"picked":"Dagger Spray","floor":5},{"not_picked":["Quick Slash","Prepared"],"picked":"Bouncing Flask","floor":8},{"not_picked":["Prepared","Flying Knee"],"picked":"Blur","floor":10},{"not_picked":["Deadly Poison","Quick Slash"],"picked":"Bouncing Flask","floor":12},{"not_picked":["Venomology","Glass Knife"],"picked":"Malaise","floor":16},{"not_picked":["Eviscerate+1","Finisher+1"],"picked":"Dodge and Roll+1","floor":18},{"not_picked":["Masterful Stab+1","Blur","Bane"],"picked":"SKIP","floor":19},{"not_picked":["Dagger Spray","Poisoned Stab","Outmaneuver+1"],"picked":"SKIP","floor":22},{"not_picked":["Outmaneuver","Underhanded Strike"],"picked":"Accuracy","floor":27},{"not_picked":["Endless Agony","Outmaneuver"],"picked":"Dash","floor":28},{"not_picked":["Prepared+1","Riddle With Holes"],"picked":"Catalyst","floor":29},{"not_picked":["Cloak And Dagger+1","Tools of the Trade","Quick Slash+1"],"picked":"SKIP","floor":31}],"player_experience":74572,"relics_obtained":[{"floor":8,"key":"Meat on the Bone"},{"floor":14,"key":"Tingsha"},{"floor":24,"key":"Snake Skull"},{"floor":26,"key":"Mercury Hourglass"},{"floor":28,"key":"Whetstone"},{"floor":29,"key":"WingedGreaves"},{"floor":29,"key":"Bottled Lightning"}],"event_choices":[{"cards_removed":["Defend_G"],"damage_healed":0,"gold_gain":0,"player_choice":"Card Removal","damage_taken":7,"max_hp_gain":0,"max_hp_loss":0,"event_name":"Golden Wing","floor":4,"gold_loss":0},{"damage_healed":0,"gold_gain":0,"player_choice":"Forge","damage_taken":0,"max_hp_gain":0,"max_hp_loss":0,"event_name":"Accursed Blacksmith","floor":7,"gold_loss":0,"cards_upgraded":["Dagger Spray"]},{"damage_healed":0,"gold_gain":0,"player_choice":"Shed Blood","damage_taken":18,"max_hp_gain":5,"max_hp_loss":0,"event_name":"Forgotten Altar","floor":20,"gold_loss":0},{"damage_healed":0,"gold_gain":0,"player_choice":"Fight","damage_taken":0,"max_hp_gain":0,"max_hp_loss":0,"event_name":"Colosseum","floor":29,"gold_loss":0},{"damage_healed":0,"gold_gain":0,"player_choice":"Fought Nobs","damage_taken":0,"max_hp_gain":0,"max_hp_loss":0,"event_name":"Colosseum","floor":29,"gold_loss":0}],"is_beta":false,"boss_relics":[{"not_picked":["Runic Dome","Calling Bell","Philosopher\u0027s Stone"]}],"items_purged_floors":[30],"is_endless":false,"potions_floor_spawned":[1,10,18,22,27,31],"killed_by":"Champ","ascension_level":0}