{"gold_per_floor":[110,110,80,105,129,129,160,185,210,7,21,44,44,65,65,160,160,178,178,203,90,106,146,146,146],"floor_reached":25,"playtime":1058,"items_purged":["Strike_B+1"],"score":383,"play_id":"1df31d1b-adb5-45ad-b51c-18a6248bbb99","local_time":"20190123184358","is_ascension_mode":true,"campfire_choices":[{"data":"Zap","floor":6.0,"key":"SMITH"},{"data":"White Noise","floor":13.0,"key":"SMITH"},{"data":"Go for the Eyes","floor":15.0,"key":"SMITH"},{"floor":24,"key":"REST"}],"neow_cost":"NONE","seed_source_timestamp":31933178738960,"circlet_count":0,"master_deck":["AscendersBane","Strike_B+1","Strike_B+1","Strike_B+1","Defend_B+1","Defend_B+1","Defend_B+1","Defend_B+1","Zap+1","Dualcast","Conserve Battery","Cold Snap","White Noise+1","Barrage","FTL","Go for the Eyes+1","Double Energy","Tempest","Thunder Strike","Hologram","Static Discharge"],"special_seed":0,"relics":["Cracked Core","Golden Idol","War Paint","Bag of Marbles","Blood Vial","Sozu","Regal Pillow"],"potions_floor_usage":[],"damage_taken":[{"damage":8.0,"enemies":"Jaw Worm","floor":1.0,"turns":4.0},{"damage":1.0,"enemies":"2 Louse","floor":4.0,"turns":3.0},{"damage":0.0,"enemies":"Cultist","floor":5.0,"turns":4.0},{"damage":19.0,"enemies":"Lagavulin","floor":7.0,"turns":5.0},{"damage":5.0,"enemies":"Looter","floor":8.0,"turns":3.0},{"damage":0.0,"enemies":"3 Louse","floor":11.0,"turns":2.0},{"damage":4.0,"enemies":"Gremlin Gang","floor":12.0,"turns":5.0},{"damage":1.0,"enemies":"Blue Slaver","floor":14.0,"turns":3.0},{"damage":9.0,"enemies":"The Guardian","floor":16.0,"turns":11.0},{"damage":13.0,"enemies":"3 Byrds","floor":18.0,"turns":3.0},{"damage":7.0,"enemies":"Shell Parasite","floor":20.0,"turns":4.0},{"damage":17,"enemies":"Shelled Parasite and Fungi","floor":22,"turns":5},{"damage":20,"enemies":"Book of Stabbing","floor":23,"turns":5},{"damage":61,"enemies":"Gremlin Leader","floor":25,"turns":4}],"seed_played":"-5114789843553003284","potions_obtained":[{"floor":3.0,"key":"Fruit Juice"},{"floor":3.0,"key":"PowerPotion"},{"floor":5.0,"key":"Fire Potion"},{"floor":8.0,"key":"Explosive Potion"},{"floor":11.0,"key":"Block Potion"},{"floor":16.0,"key":"Weak Potion"}],"is_trial":false,"path_per_floor":["M","?","?","M","M","R","E","M","T","$","M","M","R","M","R","B",null,"M","?","M","$","M","E","R","E"],"character_chosen":"DEFECT","items_purchased":["Blood Vial","Go for the Eyes","Static Discharge"],"campfire_rested":1,"item_purchase_floors":[10,10,21],"current_hp_per_floor":[63,63,63,67,67,67,48,43,43,43,45,43,43,44,44,37,67,56,56,51,51,36,18,56,0],"gold":146,"neow_bonus":"TEN_PERCENT_HP_BONUS","is_prod":false,"is_daily":false,"chose_seed":false,"campfire_upgraded":3,"win_rate":0,"timestamp":1548236638,"path_taken":["M","?","?","M","M","R","E","M","T","$","?","M","R","M","R","BOSS","M","?","M","$","M","E","R","E"],"build_version":"2019-01-17v2","purchased_purges":1,"victory":false,"max_hp_per_floor":[78,72,72,77,77,77,77,77,77,77,77,77,77,77,77,77,77,77,77,77,77,77,77,77,77],"card_choices":[{"not_picked":["Coolheaded","Steam"],"picked":"Conserve Battery","floor":1.0},{"not_picked":["Doom and Gloom","Darkness"],"picked":"Cold Snap","floor":4.0},{"not_picked":["Self Repair","Stack"],"picked":"White Noise","floor":5.0},{"not_picked":["Heatsinks","Fission"],"picked":"Barrage","floor":7.0},{"not_picked":["Lockon","Stack"],"picked":"FTL","floor":8.0},{"not_picked":["Chill","Conserve Battery","Genetic Algorithm"],"picked":"SKIP","floor":11.0},{"not_picked":["Rebound","Go for the Eyes"],"picked":"Double Energy","floor":12.0},{"not_picked":["Barrage","Recycle"],"picked":"Tempest","floor":14.0},{"not_picked":["Biased Cognition","Reboot"],"picked":"Thunder Strike","floor":16.0},{"not_picked":["Go for the Eyes","Loop"],"picked":"Hologram","floor":18.0},{"not_picked":["Coolheaded","Stack","Cold Snap"],"picked":"SKIP","floor":20.0},{"not_picked":["Turbo+1","Aggregate","Conserve Battery"],"picked":"SKIP","floor":22},{"not_picked":["Stack","Go for the Eyes","Amplify"],"picked":"SKIP","floor":23}],"player_experience":436466,"relics_obtained":[{"floor":7.0,"key":"War Paint"},{"floor":9.0,"key":"Bag of Marbles"},{"floor":23,"key":"Regal Pillow"}],"event_choices":[{"damage_healed":0.0,"max_hp_gain":0.0,"max_hp_loss":6.0,"gold_gain":0.0,"event_name":"Golden Idol","player_choice":"Lose Max HP","floor":2.0,"gold_loss":0.0,"damage_taken":0.0,"relics_obtained":["Golden Idol"]},{"damage_healed":0.0,"max_hp_gain":0.0,"max_hp_loss":0.0,"gold_gain":0.0,"event_name":"The Woman in Blue","player_choice":"Bought 2 Potions","floor":3.0,"gold_loss":0.0,"damage_taken":0.0},{"damage_healed":0.0,"max_hp_gain":0.0,"max_hp_loss":0.0,"gold_gain":0.0,"event_name":"Back to Basics","player_choice":"Simplicity","floor":19.0,"gold_loss":0.0,"damage_taken":0.0,"cards_upgraded":["Strike_B","Strike_B","Strike_B","Strike_B","Defend_B","Defend_B"]}],"is_beta":false,"boss_relics":[{"not_picked":["Black Star","Lizard Tail"],"picked":"Sozu"}],"items_purged_floors":[21],"is_endless":false,"potions_floor_spawned":[5,8,11,16,22,23],"killed_by":"Gremlin Leader","ascension_level":14}