{"gold_per_floor":[115,115,133,147,147,147,191,191,191,214,1,1,34,58,58,182,182,202,202,202,29,52,52,6,46,46,65,65,105,130,229,229,229],"floor_reached":33,"playtime":2376,"items_purged":["Strike_B","Strike_B"],"score":407,"play_id":"1ff72893-906d-4d1a-b92c-a357ed9aba5f","local_time":"20181022173022","is_ascension_mode":true,"campfire_choices":[{"floor":6,"key":"REST"},{"data":"Gash","floor":8,"key":"SMITH"},{"data":"Static Discharge","floor":12,"key":"SMITH"},{"floor":15,"key":"REST"},{"floor":23,"key":"REST"},{"floor":28,"key":"REST"},{"data":"Strike_B","floor":32,"key":"PURGE"}],"neow_cost":"NONE","seed_source_timestamp":155861492090259,"circlet_count":0,"master_deck":["Strike_B","Defend_B","Defend_B","Defend_B","Defend_B","Zap","Dualcast","Machine Learning","Cold Snap","Gash","Gash+1","Gash","Static Discharge+1","Gash","Stack+1","Turbo","Cold Snap","Multi-Cast","Glacier+1","Capacitor","Beam Cell+1","Stack","Loop","Self Repair"],"relics":["Cracked Core","Ginger","Golden Idol","Bag of Preparation","Nunchaku","Thread and Needle","Fusion Hammer","Dodecahedron","Ancient Tea Set","Peace Pipe"],"potions_floor_usage":[7,14,25,29,33],"damage_taken":[{"damage":3,"enemies":"2 Louse","floor":1,"turns":2},{"damage":1,"enemies":"Cultist","floor":3,"turns":3},{"damage":16,"enemies":"Jaw Worm","floor":4,"turns":4},{"damage":13,"enemies":"Lagavulin","floor":7,"turns":6},{"damage":3,"enemies":"Gremlin Gang","floor":10,"turns":4},{"damage":5,"enemies":"Gremlin Nob","floor":13,"turns":3},{"damage":7,"enemies":"3 Louse","floor":14,"turns":2},{"damage":7,"enemies":"Slime Boss","floor":16,"turns":8},{"damage":8,"enemies":"Spheric Guardian","floor":18,"turns":4},{"damage":4,"enemies":"Chosen","floor":22,"turns":6},{"damage":0,"enemies":"Book of Stabbing","floor":25,"turns":5},{"damage":0,"enemies":"Snecko","floor":27,"turns":7},{"damage":19,"enemies":"Gremlin Leader","floor":29,"turns":6},{"damage":0,"enemies":"Centurion and Healer","floor":30,"turns":8},{"damage":79,"enemies":"Automaton","floor":33,"turns":12}],"seed_played":"8406058222102700031","potions_obtained":[{"floor":3,"key":"SpeedPotion"},{"floor":10,"key":"EssenceOfSteel"},{"floor":13,"key":"GamblersBrew"},{"floor":16,"key":"Strength Potion"},{"floor":22,"key":"Swift Potion"},{"floor":27,"key":"Poison Potion"}],"is_trial":false,"path_per_floor":["M","?","M","M","?","R","E","R","T","M","$","R","E","M","R","B",null,"M","?","?","$","M","R","$","E","T","M","R","E","M","?","R"],"character_chosen":"DEFECT","items_purchased":["Static Discharge","Gash","Stack","Capacitor","Stack"],"campfire_rested":4,"item_purchase_floors":[11,11,11,21,24],"current_hp_per_floor":[72,60,59,43,25,47,34,34,34,31,31,31,26,19,41,34,75,67,67,60,60,56,75,75,75,75,75,75,56,63,63,63,0],"gold":229,"neow_bonus":"ONE_RANDOM_RARE_CARD","is_prod":false,"is_daily":false,"chose_seed":false,"campfire_upgraded":2,"win_rate":0,"timestamp":1540222222,"path_taken":["M","?","M","M","?","R","E","R","T","?","$","R","E","M","R","BOSS","M","?","?","$","M","R","$","E","T","M","R","E","?","?","R","BOSS"],"build_version":"2018-10-18","purchased_purges":2,"victory":false,"max_hp_per_floor":[75,75,75,75,75,75,75,75,75,75,75,75,75,75,75,75,75,75,75,75,75,75,75,75,75,75,75,75,75,75,75,75,75],"card_choices":[{"not_picked":["Hologram","Steam"],"picked":"Cold Snap","floor":1},{"not_picked":["Streamline","Steam"],"picked":"Gash","floor":3},{"not_picked":["Hello World","Steam Power","Redo"],"picked":"SKIP","floor":4},{"not_picked":["Fusion","FTL"],"picked":"Gash","floor":7},{"not_picked":["Redo","White Noise"],"picked":"Gash","floor":10},{"not_picked":["Fission","Double Energy"],"picked":"Turbo","floor":13},{"not_picked":["Streamline","Rip and Tear"],"picked":"Cold Snap","floor":14},{"not_picked":["Echo Form","Hyperbeam"],"picked":"Multi-Cast","floor":16},{"not_picked":["Leap","Redo"],"picked":"Glacier+1","floor":18},{"not_picked":["Blizzard","Undo"],"picked":"Beam Cell+1","floor":22},{"not_picked":["Redo+1","Thunder Strike","Beam Cell"],"picked":"SKIP","floor":25},{"not_picked":["Redo+1","Rebound"],"picked":"Loop","floor":27},{"not_picked":["Undo","Gash"],"picked":"Self Repair","floor":29},{"not_picked":["Skim","Fusion","Turbo+1"],"picked":"SKIP","floor":30}],"player_experience":229919,"relics_obtained":[{"floor":7,"key":"Bag of Preparation"},{"floor":9,"key":"Nunchaku"},{"floor":13,"key":"Thread and Needle"},{"floor":25,"key":"Dodecahedron"},{"floor":26,"key":"Ancient Tea Set"},{"floor":29,"key":"Peace Pipe"}],"event_choices":[{"damage_healed":0,"gold_gain":0,"player_choice":"Success","damage_taken":12,"relics_obtained":["Ginger"],"max_hp_gain":0,"max_hp_loss":0,"event_name":"Scrap Ooze","floor":2,"gold_loss":0},{"damage_healed":0,"gold_gain":0,"player_choice":"Take Damage","damage_taken":18,"relics_obtained":["Golden Idol"],"max_hp_gain":0,"max_hp_loss":0,"event_name":"Golden Idol","floor":5,"gold_loss":0},{"damage_healed":0,"gold_gain":0,"player_choice":"Forge","damage_taken":0,"max_hp_gain":0,"max_hp_loss":0,"event_name":"Accursed Blacksmith","floor":19,"gold_loss":0,"cards_upgraded":["Stack"]},{"damage_healed":0,"gold_gain":0,"player_choice":"","damage_taken":7,"max_hp_gain":0,"max_hp_loss":0,"event_name":"Knowing Skull","floor":20,"potions_obtained":[],"gold_loss":0,"cards_obtained":[]},{"damage_healed":0,"gold_gain":99,"player_choice":"Stole From Cult","damage_taken":0,"max_hp_gain":0,"max_hp_loss":0,"event_name":"Nest","floor":31,"gold_loss":0}],"is_beta":false,"boss_relics":[{"not_picked":["Calling Bell","Snecko Eye"],"picked":"Fusion Hammer"}],"items_purged_floors":[11,21],"is_endless":false,"potions_floor_spawned":[3,10,13,16,22,27],"killed_by":"Automaton","ascension_level":4}