{"gold_per_floor":[115,134,151,151,170,170,202,202,227,10,10,21,47,57,57,153,153,169,182,182,57,70,70,97,48,48,48,81,81,81,94,94,199,199,211,227,245,73,73,98,98,108,132,132,148,148,28,0,0,0],"floor_reached":51,"playtime":3429,"items_purged":["Defend_B","Defend_B"],"score":1170,"play_id":"0b92f6cf-86fa-4149-9f2f-2e8ffd4b8b91","local_time":"20190413160836","is_ascension_mode":true,"campfire_choices":[{"data":"Zap","floor":6,"key":"SMITH"},{"data":"Go for the Eyes","floor":8,"key":"SMITH"},{"floor":11,"key":"REST"},{"data":"Barrage","floor":15,"key":"SMITH"},{"data":"Go for the Eyes","floor":23,"key":"SMITH"},{"data":"Hologram","floor":27,"key":"SMITH"},{"data":"Genetic Algorithm","floor":29,"key":"SMITH"},{"data":"Biased Cognition","floor":32,"key":"SMITH"},{"data":"Defragment","floor":44,"key":"SMITH"},{"data":"Creative AI","floor":46,"key":"SMITH"},{"data":"Capacitor","floor":49,"key":"SMITH"}],"neow_cost":"NONE","seed_source_timestamp":261967555472960,"circlet_count":0,"master_deck":["AscendersBane","Defend_B","Defend_B+1","Dualcast+1","Glacier","Genetic Algorithm+1","Go for the Eyes+1","Capacitor+1","Hologram+1","Barrage+1","Biased Cognition+1","Ball Lightning","Compile Driver","Glacier","Go for the Eyes+1","Melter+1","Bite","Bite","Bite","Bite","Bite","Creative AI+1","Defragment+1","BootSequence","Sweeping Beam+1"],"relics":["Cracked Core","Oddly Smooth Stone","Anchor","War Paint","Lantern","Strawberry","Coffee Dripper","Gremlin Horn","Letter Opener","Orichalcum","Busted Crown","Mummified Hand","Vajra","Red Mask"],"potions_floor_usage":[5,13,16,19,19,28,28,31,33,36,40,40,45,50,50],"damage_taken":[{"damage":0,"enemies":"Cultist","floor":1,"turns":4},{"damage":8,"enemies":"Small Slimes","floor":2,"turns":3},{"damage":6,"enemies":"Jaw Worm","floor":3,"turns":5},{"damage":6,"enemies":"Exordium Thugs","floor":5,"turns":7},{"damage":20,"enemies":"3 Sentries","floor":7,"turns":10},{"damage":0,"enemies":"3 Louse","floor":12,"turns":4},{"damage":4,"enemies":"Lagavulin","floor":13,"turns":7},{"damage":6,"enemies":"Looter","floor":14,"turns":4},{"damage":8,"enemies":"The Guardian","floor":16,"turns":12},{"damage":0,"enemies":"3 Byrds","floor":18,"turns":7},{"damage":9,"enemies":"2 Thieves","floor":19,"turns":3},{"damage":29,"enemies":"Snecko","floor":22,"turns":8},{"damage":0,"enemies":"Slavers","floor":24,"turns":8},{"damage":2,"enemies":"Gremlin Leader","floor":28,"turns":7},{"damage":3,"enemies":"Shelled Parasite and Fungi","floor":31,"turns":6},{"damage":50,"enemies":"Collector","floor":33,"turns":15},{"damage":13,"enemies":"Orb Walker","floor":35,"turns":4},{"damage":13,"enemies":"3 Darklings","floor":36,"turns":5},{"damage":15,"enemies":"Sphere and 2 Shapes","floor":37,"turns":6},{"damage":21,"enemies":"Giant Head","floor":40,"turns":8},{"damage":13,"enemies":"Maw","floor":42,"turns":9},{"damage":3,"enemies":"Jaw Worm Horde","floor":45,"turns":4},{"damage":18,"enemies":"Awakened One","floor":50,"turns":12}],"seed_played":"9087357306849801969","potions_obtained":[{"floor":2,"key":"SkillPotion"},{"floor":3,"key":"Weak Potion"},{"floor":12,"key":"FocusPotion"},{"floor":13,"key":"PowerPotion"},{"floor":16,"key":"Weak Potion"},{"floor":22,"key":"Strength Potion"},{"floor":28,"key":"Weak Potion"},{"floor":31,"key":"Dexterity Potion"},{"floor":33,"key":"Energy Potion"},{"floor":35,"key":"Strength Potion"},{"floor":37,"key":"Energy Potion"},{"floor":42,"key":"Swift Potion"}],"is_trial":false,"path_per_floor":["M","M","M","?","M","R","E","R","T","$","R","M","E","M","R","B",null,"M","M","?","$","M","R","E","$","T","R","E","R","?","M","R","B",null,"M","M","M","$","?","E","?","M","T","R","M","R","$","?","R","B",null],"character_chosen":"DEFECT","items_purchased":["Capacitor","Lantern","Go for the Eyes","Block Potion","Defragment","Ancient Potion","SkillPotion"],"campfire_rested":1,"item_purchase_floors":[10,10,21,25,38,47,47],"current_hp_per_floor":[68,60,54,54,48,48,28,28,28,28,50,50,53,47,47,39,71,71,62,62,62,33,33,33,33,33,33,31,31,31,40,40,20,48,41,36,31,31,31,28,28,39,39,39,46,46,46,46,46,54],"gold":0,"neow_bonus":"RANDOM_COMMON_RELIC","is_prod":false,"is_daily":false,"chose_seed":false,"campfire_upgraded":10,"win_rate":0,"timestamp":1555164516,"path_taken":["M","M","?","?","?","R","E","R","T","?","R","M","E","M","R","BOSS","M","M","?","?","M","R","E","$","T","R","E","R","?","M","R","BOSS","M","M","M","$","?","E","?","M","T","R","M","R","$","?","R","BOSS"],"build_version":"2019-01-23","purchased_purges":2,"victory":true,"max_hp_per_floor":[75,75,75,75,75,75,75,75,75,75,75,75,82,82,82,82,82,82,82,82,82,82,82,82,82,82,82,82,82,57,57,57,57,57,57,57,57,57,57,57,54,54,54,54,54,54,54,54,54,54],"card_choices":[{"not_picked":["Beam Cell","Steam","Chaos"],"picked":"SKIP","floor":1},{"not_picked":["Barrage","Reprogram"],"picked":"Glacier","floor":2},{"not_picked":["Coolheaded","Chaos"],"picked":"Genetic Algorithm","floor":3},{"not_picked":["Tempest","Steam","Self Repair"],"picked":"SKIP","floor":5},{"not_picked":["Cold Snap","Stack"],"picked":"Go for the Eyes","floor":7},{"not_picked":["Compile Driver","Doom and Gloom"],"picked":"Hologram","floor":12},{"not_picked":["Heatsinks","Recycle"],"picked":"Barrage","floor":13},{"not_picked":["Reprogram","Genetic Algorithm","Stack"],"picked":"SKIP","floor":14},{"not_picked":["Core Surge","Reboot"],"picked":"Biased Cognition","floor":16},{"not_picked":["Coolheaded","Stack"],"picked":"Ball Lightning","floor":18},{"not_picked":["Streamline+1","Gash"],"picked":"Compile Driver","floor":19},{"not_picked":["Static Discharge+1","Steam Power","Beam Cell"],"picked":"SKIP","floor":22},{"not_picked":["Coolheaded","Hologram","Undo+1"],"picked":"SKIP","floor":24},{"not_picked":["Turbo","Streamline"],"picked":"Melter+1","floor":28},{"not_picked":["Darkness","Thunder Strike","Double Energy"],"picked":"SKIP","floor":31},{"not_picked":["Machine Learning","Amplify"],"picked":"Creative AI","floor":33},{"not_picked":["Go for the Eyes"],"picked":"SKIP","floor":35},{"not_picked":["Ball Lightning"],"picked":"SKIP","floor":36},{"not_picked":["Redo"],"picked":"SKIP","floor":37},{"not_picked":[],"picked":"BootSequence","floor":40},{"not_picked":["Sweeping Beam"],"picked":"SKIP","floor":42},{"not_picked":["Sweeping Beam+1"],"picked":"SKIP","floor":45},{"not_picked":[],"picked":"Sweeping Beam+1","floor":45}],"player_experience":603845,"relics_obtained":[{"floor":7,"key":"Anchor"},{"floor":9,"key":"War Paint"},{"floor":13,"key":"Strawberry"},{"floor":24,"key":"Gremlin Horn"},{"floor":26,"key":"Letter Opener"},{"floor":28,"key":"Orichalcum"},{"floor":40,"key":"Mummified Hand"},{"floor":43,"key":"Vajra"}],"event_choices":[{"damage_healed":0,"gold_gain":0,"player_choice":"Bought 0 Potions","damage_taken":0,"max_hp_gain":0,"max_hp_loss":0,"event_name":"The Woman in Blue","floor":4,"gold_loss":0},{"damage_healed":0,"gold_gain":0,"player_choice":"Copied","damage_taken":0,"max_hp_gain":0,"max_hp_loss":0,"event_name":"Duplicator","floor":20,"gold_loss":0,"cards_obtained":["Glacier"]},{"damage_healed":0,"gold_gain":0,"player_choice":"Became a vampire","damage_taken":0,"max_hp_gain":0,"max_hp_loss":25,"event_name":"Vampires","floor":30,"gold_loss":0,"cards_obtained":["Bite","Bite","Bite","Bite","Bite"]},{"cards_removed":["Zap"],"damage_healed":0,"gold_gain":0,"player_choice":"Removed Skill","damage_taken":0,"max_hp_gain":0,"max_hp_loss":0,"event_name":"Falling","floor":39,"gold_loss":0},{"damage_healed":0,"gold_gain":0,"player_choice":"Max HP","damage_taken":0,"max_hp_gain":0,"max_hp_loss":3,"event_name":"Winding Halls","floor":41,"gold_loss":0},{"damage_healed":0,"gold_gain":0,"player_choice":"Paid","damage_taken":0,"relics_obtained":["Red Mask"],"max_hp_gain":0,"max_hp_loss":0,"event_name":"Tomb of Lord Red Mask","floor":48,"gold_loss":28}],"is_beta":false,"boss_relics":[{"not_picked":["Fusion Hammer","Runic Dome"],"picked":"Coffee Dripper"},{"not_picked":["Lizard Tail","Tiny House"],"picked":"Busted Crown"}],"items_purged_floors":[21,38],"is_endless":false,"potions_floor_spawned":[2,3,12,13,16,22,28,31,33,35,37,42],"ascension_level":12}