{"gold_per_floor":[119,132,146,160,70,70,70,70,94,106,106,106,123,158,158,234,234,234,149,149,149,149,149,149,149,149,149,149,149,149,149,149,149,149,149,149,149,149,149,149,149,149,149,149,149,149,149,149,149,149],"floor_reached":50,"playtime":3807,"items_purged":[],"score":1146,"play_id":"6f78d9e4-ebea-4bc1-b540-746bb6a38f82","local_time":"20190426231226","is_ascension_mode":true,"campfire_choices":[{"data":"Defragment","floor":6,"key":"SMITH"},{"floor":11,"key":"REST"},{"data":"Zap","floor":15,"key":"SMITH"},{"data":"Reinforced Body","floor":23,"key":"SMITH"},{"data":"Sweeping Beam","floor":25,"key":"SMITH"},{"data":"Doom and Gloom","floor":28,"key":"SMITH"},{"floor":32,"key":"REST"},{"floor":40,"key":"REST"},{"floor":42,"key":"REST"},{"floor":49,"key":"RECALL"}],"neow_cost":"NONE","seed_source_timestamp":57747333925221,"circlet_count":0,"master_deck":["AscendersBane","Defend_B","Defend_B","Defend_B","Defend_B","Zap+1","Dualcast","Reinforced Body+1","Auto Shields","Cold Snap","Cold Snap","Defragment+1","Genetic Algorithm","Glacier","Sweeping Beam+1","Buffer+1","Coolheaded","Conserve Battery","Doom and Gloom+1","Barrage+1","Fission","Redo","Creative AI","Reboot+1","Barrage+1","Steam+1","Ball Lightning","Sweeping Beam","Sunder","Ball Lightning","Seek","Blizzard+1","Capacitor","Glacier+1"],"relics":["Cracked Core","Whetstone","Anchor","Dream Catcher","Vajra","Ectoplasm","Incense Burner","MawBank","Question Card","Kunai","Astrolabe","Singing Bowl"],"potions_floor_usage":[24,24,41,50],"damage_taken":[{"damage":1,"enemies":"Cultist","floor":1,"turns":3},{"damage":0,"enemies":"2 Louse","floor":2,"turns":3},{"damage":7,"enemies":"Small Slimes","floor":3,"turns":3},{"damage":17,"enemies":"Gremlin Gang","floor":4,"turns":8},{"damage":2,"enemies":"Exordium Thugs","floor":10,"turns":5},{"damage":0,"enemies":"Blue Slaver","floor":13,"turns":4},{"damage":6,"enemies":"Lagavulin","floor":14,"turns":8},{"damage":10,"enemies":"The Guardian","floor":16,"turns":14},{"damage":0,"enemies":"Shell Parasite","floor":18,"turns":8},{"damage":0,"enemies":"Spheric Guardian","floor":21,"turns":9},{"damage":0,"enemies":"Centurion and Healer","floor":22,"turns":14},{"damage":20,"enemies":"Book of Stabbing","floor":24,"turns":9},{"damage":0,"enemies":"Snecko","floor":27,"turns":9},{"damage":4,"enemies":"Chosen and Byrds","floor":29,"turns":5},{"damage":0,"enemies":"Snake Plant","floor":31,"turns":5},{"damage":0,"enemies":"Champ","floor":33,"turns":18},{"damage":0,"enemies":"3 Darklings","floor":35,"turns":10},{"damage":0,"enemies":"3 Shapes","floor":36,"turns":6},{"damage":34,"enemies":"Writhing Mass","floor":37,"turns":9},{"damage":0,"enemies":"Jaw Worm Horde","floor":38,"turns":5},{"damage":11,"enemies":"Sphere and 2 Shapes","floor":39,"turns":10},{"damage":41,"enemies":"Nemesis","floor":41,"turns":11},{"damage":0,"enemies":"Transient","floor":44,"turns":6},{"damage":0,"enemies":"Jaw Worm Horde","floor":48,"turns":5},{"damage":73,"enemies":"Donu and Deca","floor":50,"turns":14}],"seed_played":"8260936957279116697","potions_obtained":[{"floor":1,"key":"SpeedPotion"},{"floor":2,"key":"Energy Potion"},{"floor":16,"key":"Strength Potion"},{"floor":22,"key":"SkillPotion"},{"floor":24,"key":"Dexterity Potion"},{"floor":29,"key":"Strength Potion"},{"floor":31,"key":"Dexterity Potion"},{"floor":33,"key":"PowerPotion"},{"floor":41,"key":"Strength Potion"}],"is_trial":false,"path_per_floor":["M","M","M","M","$","R","$","?","T","M","R","?","M","E","R","B",null,"M","?","?","M","M","R","E","R","T","M","R","M","T","M","R","B",null,"M","M","M","M","M","R","E","R","T","M","?","?","?","M","R","B"],"character_chosen":"DEFECT","items_purchased":["Defragment"],"campfire_rested":4,"item_purchase_floors":[5],"current_hp_per_floor":[63,63,56,39,39,39,39,32,32,30,51,40,40,34,34,24,59,59,59,59,59,59,59,39,39,39,39,39,35,35,35,56,56,67,67,67,33,33,22,43,2,23,23,23,23,55,55,55,55,0],"gold":149,"neow_bonus":"RANDOM_COMMON_RELIC","is_prod":false,"is_daily":false,"chose_seed":false,"campfire_upgraded":5,"win_rate":0,"timestamp":1556287946,"path_taken":["M","M","?","M","$","R","$","?","T","M","R","?","M","E","R","BOSS","M","?","?","M","M","R","E","R","T","M","R","?","?","M","R","BOSS","M","M","M","M","M","R","E","R","T","M","?","?","?","M","R","BOSS"],"build_version":"2019-01-23","purchased_purges":0,"victory":false,"max_hp_per_floor":[71,71,71,71,71,71,71,71,71,71,71,71,71,71,71,71,71,71,71,71,71,71,71,71,71,71,71,71,71,71,71,71,71,71,71,71,71,71,71,71,71,71,71,71,67,55,55,55,55,55],"card_choices":[{"not_picked":["Recycle","Skim"],"picked":"Reinforced Body","floor":1},{"not_picked":["Gash","Beam Cell"],"picked":"Auto Shields","floor":2},{"not_picked":["Stack","Hello World"],"picked":"Cold Snap","floor":3},{"not_picked":["Reprogram","Coolheaded"],"picked":"Cold Snap","floor":4},{"not_picked":["Redo","Compile Driver"],"picked":"Genetic Algorithm","floor":10},{"not_picked":["Stack","Beam Cell"],"picked":"Glacier","floor":13},{"not_picked":["Coolheaded","Turbo"],"picked":"Sweeping Beam","floor":14},{"not_picked":["Reboot","Meteor Strike"],"picked":"Buffer","floor":16},{"not_picked":["Gash+1","Redo"],"picked":"Coolheaded","floor":18},{"not_picked":["Beam Cell","BootSequence","Coolheaded"],"picked":"SKIP","floor":21},{"not_picked":["Stack","Go for the Eyes","Recycle"],"picked":"SKIP","floor":22},{"not_picked":["Auto Shields","Go for the Eyes"],"picked":"Conserve Battery","floor":24},{"not_picked":["Hologram","Turbo","Tempest"],"picked":"Doom and Gloom","floor":27},{"not_picked":["Leap","Conserve Battery","Coolheaded+1"],"picked":"Barrage+1","floor":29},{"not_picked":["Hologram","Cold Snap","Gash"],"picked":"Fission","floor":31},{"not_picked":["Beam Cell","Conserve Battery+1","Gash"],"picked":"Redo","floor":32},{"not_picked":["Hyperbeam","Echo Form","Meteor Strike"],"picked":"Creative AI","floor":33},{"not_picked":["Hologram+1","Beam Cell","Coolheaded+1"],"picked":"Ball Lightning","floor":35},{"not_picked":["Leap","Static Discharge","Gash+1"],"picked":"Sweeping Beam","floor":36},{"not_picked":["Ball Lightning","Barrage","Aggregate+1"],"picked":"Sunder","floor":37},{"not_picked":["Turbo","Steam","Scrape+1","Consume"],"picked":"SKIP","floor":38},{"not_picked":["Cold Snap","Fission","Redo"],"picked":"Ball Lightning","floor":39},{"not_picked":["Aggregate+1","All For One","Sweeping Beam"],"picked":"Seek","floor":41},{"not_picked":["Ball Lightning","Melter+1","Auto Shields"],"picked":"Blizzard+1","floor":42},{"not_picked":["Redo","Genetic Algorithm+1","Turbo"],"picked":"Capacitor","floor":44},{"not_picked":["Buffer","Barrage","Storm+1"],"picked":"Glacier+1","floor":48}],"player_experience":1099570,"relics_obtained":[{"floor":9,"key":"Anchor"},{"floor":14,"key":"Vajra"},{"floor":24,"key":"MawBank"},{"floor":26,"key":"Question Card"},{"floor":30,"key":"Kunai"},{"floor":41,"key":"Singing Bowl"}],"event_choices":[{"cards_removed":["Strike_B"],"damage_healed":0,"gold_gain":0,"player_choice":"Card Removal","damage_taken":7,"max_hp_gain":0,"max_hp_loss":0,"event_name":"Golden Wing","floor":8,"gold_loss":0},{"damage_healed":0,"gold_gain":0,"player_choice":"Success","damage_taken":11,"relics_obtained":["Dream Catcher"],"max_hp_gain":0,"max_hp_loss":0,"event_name":"Scrap Ooze","floor":12,"gold_loss":0},{"damage_healed":0,"gold_gain":0,"player_choice":"Obtained Relic","damage_taken":0,"relics_obtained":["Incense Burner"],"max_hp_gain":0,"max_hp_loss":0,"event_name":"Addict","floor":19,"gold_loss":85},{"damage_healed":0,"gold_gain":0,"player_choice":"Upgraded","damage_taken":0,"max_hp_gain":0,"max_hp_loss":0,"event_name":"Upgrade Shrine","floor":20,"gold_loss":0,"cards_upgraded":["Buffer"]},{"damage_healed":0,"gold_gain":0,"player_choice":"Max HP","damage_taken":0,"max_hp_gain":0,"max_hp_loss":4,"event_name":"Winding Halls","floor":45,"gold_loss":0},{"damage_healed":55,"gold_gain":0,"player_choice":"Heal","damage_taken":0,"max_hp_gain":0,"max_hp_loss":12,"event_name":"The Moai Head","floor":46,"gold_loss":0},{"damage_healed":0,"gold_gain":0,"player_choice":"Ignored","damage_taken":0,"max_hp_gain":0,"max_hp_loss":0,"event_name":"Tomb of Lord Red Mask","floor":47,"gold_loss":0}],"is_beta":false,"boss_relics":[{"not_picked":["Calling Bell","Runic Pyramid"],"picked":"Ectoplasm"},{"not_picked":["White Beast Statue","Tiny House"],"picked":"Astrolabe"}],"items_purged_floors":[],"is_endless":false,"potions_floor_spawned":[1,2,4,16,22,24,29,31,33,36,38,39,41],"killed_by":"Donu and Deca","ascension_level":20}