{"gold_per_floor":[18,18,35,35,35,35,35,50,50,50,79,4,4,17,17,119,119,131,144,144,243,243,243,253,271,271,271,171,171,185,203,203,301,301,319,23,23,39,39,39,51,51,51,51,63,63,76,76,76,76],"floor_reached":51,"playtime":3008,"items_purged":["Injury","Strike_B","Defend_B"],"score":645,"play_id":"b03d0098-a504-4e58-b38d-ece7ee4eddc3","local_time":"20180819202321","is_ascension_mode":false,"campfire_choices":[{"data":"Zap","floor":6.0,"key":"SMITH"},{"data":"Chill","floor":10.0,"key":"SMITH"},{"data":"Glacier","floor":13.0,"key":"SMITH"},{"floor":15.0,"key":"REST"},{"floor":23.0,"key":"REST"},{"floor":27.0,"key":"REST"},{"floor":29.0,"key":"REST"},{"floor":32.0,"key":"REST"},{"data":"Madness","floor":40.0,"key":"SMITH"},{"data":"Madness","floor":44.0,"key":"SMITH"},{"floor":46.0,"key":"REST"},{"data":"Thunder Strike","floor":49.0,"key":"SMITH"}],"neow_cost":"NO_GOLD","seed_source_timestamp":122472137730654,"circlet_count":0,"master_deck":["Strike_B","Strike_B","Defend_B+1","Defend_B","Defend_B","Zap+1","Dualcast+1","Echo Form","Ball Lightning+1","Gash","Chill+1","Glacier+1","Thunder Strike+1","Gash","Gash","Madness+1","Madness+1"],"special_seed":0,"relics":["Cracked Core","Matryoshka","Boot","Singing Bowl","Gremlin Horn","Lizard Tail","War Paint","Shuriken","Mercury Hourglass","Black Star","Pen Nib","Letter Opener"],"potions_floor_usage":[50,50,50],"damage_taken":[{"damage":5.0,"enemies":"2 Louse","floor":1.0,"turns":2.0},{"damage":0.0,"enemies":"Small Slimes","floor":3.0,"turns":3.0},{"damage":11.0,"enemies":"Jaw Worm","floor":8.0,"turns":3.0},{"damage":27.0,"enemies":"Lagavulin","floor":11.0,"turns":5.0},{"damage":0.0,"enemies":"Large Slime","floor":14.0,"turns":4.0},{"damage":11.0,"enemies":"Hexaghost","floor":16.0,"turns":10.0},{"damage":23.0,"enemies":"Shell Parasite","floor":18.0,"turns":6.0},{"damage":31.0,"enemies":"3 Byrds","floor":19.0,"turns":4.0},{"damage":4.0,"enemies":"Snecko","floor":24.0,"turns":7.0},{"damage":28.0,"enemies":"3 Cultists","floor":25.0,"turns":7.0},{"damage":4.0,"enemies":"Centurion and Healer","floor":30.0,"turns":5.0},{"damage":19.0,"enemies":"Snake Plant","floor":31.0,"turns":4.0},{"damage":82.0,"enemies":"Champ","floor":33.0,"turns":12.0},{"damage":14.0,"enemies":"3 Shapes","floor":35.0,"turns":4.0},{"damage":8.0,"enemies":"Flame Bruiser 1 Orb","floor":38.0,"turns":5.0},{"damage":26.0,"enemies":"Spire Growth","floor":41.0,"turns":5.0},{"damage":36.0,"enemies":"4 Shapes","floor":45.0,"turns":5.0},{"damage":7.0,"enemies":"Maw","floor":47.0,"turns":6.0},{"damage":52,"enemies":"Time Eater","floor":50,"turns":7}],"seed_played":"3478456139894150995","potions_obtained":[{"floor":1.0,"key":"Fire Potion"},{"floor":11.0,"key":"FearPotion"},{"floor":16.0,"key":"GamblersBrew"},{"floor":18.0,"key":"Fruit Juice"},{"floor":30.0,"key":"SteroidPotion"},{"floor":33.0,"key":"Dexterity Potion"},{"floor":41.0,"key":"Ancient Potion"}],"is_trial":false,"path_per_floor":["M","?","M","?","$","R","?","M","T","R","E","$","R","M","R","B",null,"M","M","?","?","T","R","M","M","T","R","$","R","M","M","R","B",null,"M","$","?","M","$","R","M","$","T","R","M","R","M","?","R","B"],"character_chosen":"DEFECT","items_purchased":["Gash","Pen Nib"],"campfire_rested":6,"item_purchase_floors":[36,36],"current_hp_per_floor":[70,63,63,60,60,60,60,49,49,49,22,22,22,24,47,38,79,58,34,34,34,34,60,58,32,32,59,59,86,84,67,95,13,96,82,82,70,64,64,64,40,40,40,40,6,36,31,91,91,39],"gold":76,"neow_bonus":"THREE_RARE_CARDS","is_prod":false,"is_daily":false,"chose_seed":false,"campfire_upgraded":6,"win_rate":0,"timestamp":1534681401,"path_taken":["M","?","M","?","$","R","?","M","T","R","E","?","R","?","R","BOSS","M","M","?","?","?","R","M","?","T","R","$","R","M","M","R","BOSS","M","$","?","M","?","R","M","$","T","R","M","R","?","?","R","BOSS"],"build_version":"2018-08-16","purchased_purges":3,"victory":true,"max_hp_per_floor":[75,75,75,75,75,75,75,75,75,75,75,75,75,77,77,79,79,81,88,88,88,88,88,90,92,92,92,92,92,94,96,96,96,96,96,96,96,98,98,98,100,100,100,100,102,102,104,91,91,91],"card_choices":[{"not_picked":["Meteor Strike","Core Surge"],"picked":"Echo Form","floor":0.0},{"not_picked":["BootSequence","Rebound"],"picked":"Ball Lightning","floor":1.0},{"not_picked":["Go for the Eyes","Barrage"],"picked":"Gash","floor":3.0},{"not_picked":["Barrage","Scrape"],"picked":"Chill","floor":8.0},{"not_picked":["Beam Cell","Sweeping Beam"],"picked":"Glacier","floor":11.0},{"not_picked":["Genetic Algorithm","Aggregate","Barrage"],"picked":"Singing Bowl","floor":14.0},{"not_picked":["All For One","Fission","Multi-Cast"],"picked":"Singing Bowl","floor":16.0},{"not_picked":["Steam","Auto Shields","Barrage"],"picked":"Singing Bowl","floor":18.0},{"not_picked":["Coolheaded","Turbo+1","Heatsinks"],"picked":"Singing Bowl","floor":19.0},{"not_picked":["Ball Lightning","Chill","Aggregate+1"],"picked":"Singing Bowl","floor":24.0},{"not_picked":["Auto Shields","Reinforced Body","Fusion"],"picked":"Singing Bowl","floor":25.0},{"not_picked":["Rebound+1","Ball Lightning","Leap"],"picked":"Singing Bowl","floor":30.0},{"not_picked":["Hyperbeam","Lockon+1","Barrage"],"picked":"Singing Bowl","floor":31.0},{"not_picked":["Electrodynamics","Amplify"],"picked":"Thunder Strike","floor":33.0},{"not_picked":["Consume+1","Turbo+1"],"picked":"Gash","floor":35.0},{"not_picked":["Steam Power+1","Hello World+1","Ball Lightning"],"picked":"Singing Bowl","floor":38.0},{"not_picked":["Skim","Leap+1","Capacitor"],"picked":"Singing Bowl","floor":41.0},{"not_picked":["Leap+1","Steam+1","Barrage+1"],"picked":"Singing Bowl","floor":45.0},{"not_picked":["Coolheaded","Sweeping Beam+1","Sunder+1"],"picked":"Singing Bowl","floor":47.0}],"player_experience":318946,"relics_obtained":[{"floor":9.0,"key":"Boot"},{"floor":9.0,"key":"Singing Bowl"},{"floor":11.0,"key":"Gremlin Horn"},{"floor":22.0,"key":"War Paint"},{"floor":22.0,"key":"Shuriken"},{"floor":26.0,"key":"Mercury Hourglass"},{"floor":43.0,"key":"Letter Opener"}],"event_choices":[{"event_name":"Golden Wing","player_choice":"Card Removal","floor":2.0,"damage_taken":0.0},{"event_name":"Scrap Ooze","player_choice":"success","floor":4.0,"damage_taken":3.0},{"event_name":"Accursed Blacksmith","player_choice":"Forge","floor":7.0,"damage_taken":0.0},{"event_name":"Vampires","player_choice":"Ignored","floor":20.0,"damage_taken":0.0},{"event_name":"Nest","player_choice":"Stole From Cult","floor":21.0,"damage_taken":0.0},{"event_name":"Winding Halls","player_choice":"Embrace Madness","floor":37.0,"damage_taken":0.0},{"event_name":"The Moai Head","player_choice":"Heal","floor":48.0,"damage_taken":0.0}],"is_beta":false,"boss_relics":[{"not_picked":["Astrolabe","Coffee Dripper"],"picked":"Lizard Tail"},{"not_picked":["Pandora\u0027s Box","Orrery"],"picked":"Black Star"}],"items_purged_floors":[12,28,36],"is_endless":false,"potions_floor_spawned":[1,11,16,18,30,33,38,41],"ascension_level":0}