{"gold_per_floor":[110,129,143,162,162,162,203,203,277,316,316,329,353,366,366,455,455,468,71,71,91,91,91,112,112,112,133,133,157,195,213,213,213],"floor_reached":33,"playtime":1427,"items_purged":[],"score":562,"play_id":"ca96fd1d-4ca8-41d4-926a-2fd6fea0b908","local_time":"20190509193838","is_ascension_mode":true,"campfire_choices":[{"data":"Bash","floor":6.0,"key":"SMITH"},{"floor":8.0,"key":"REST"},{"floor":11.0,"key":"REST"},{"data":"Disarm","floor":15.0,"key":"SMITH"},{"data":"Apotheosis","floor":23,"key":"SMITH"},{"floor":28,"key":"REST"},{"data":"True Grit","floor":32,"key":"SMITH"}],"neow_cost":"NONE","seed_source_timestamp":292888341011300,"circlet_count":0,"master_deck":["AscendersBane","Strike_R","Strike_R","Strike_R","Strike_R","Strike_R","Defend_R","Defend_R","Defend_R","Defend_R","Bash+1","Evolve","Twin Strike","Disarm+1","Headbutt","Seeing Red","Spot Weakness","Anger","Metallicize","Immolate","Apotheosis+1","Flame Barrier","Uppercut","Reaper","True Grit+1"],"special_seed":0,"relics":["Burning Blood","Golden Idol","FossilizedHelix","Sundial","PreservedInsect","Velvet Choker","Strange Spoon","Nloth\u0027s Gift","Mercury Hourglass","Regal Pillow"],"potions_floor_usage":[27,33,33],"damage_taken":[{"damage":0.0,"enemies":"2 Louse","floor":1.0,"turns":1.0},{"damage":0.0,"enemies":"Cultist","floor":2.0,"turns":1.0},{"damage":0.0,"enemies":"Jaw Worm","floor":3.0,"turns":1.0},{"damage":1.0,"enemies":"Lots of Slimes","floor":4.0,"turns":3.0},{"damage":56.0,"enemies":"Gremlin Nob","floor":7.0,"turns":5.0},{"damage":30.0,"enemies":"Lagavulin","floor":10.0,"turns":8.0},{"damage":17.0,"enemies":"3 Louse","floor":12.0,"turns":3.0},{"damage":7.0,"enemies":"Large Slime","floor":13.0,"turns":5.0},{"damage":5.0,"enemies":"Blue Slaver","floor":14.0,"turns":4.0},{"damage":4.0,"enemies":"Hexaghost","floor":16.0,"turns":9.0},{"damage":20.0,"enemies":"Shell Parasite","floor":18.0,"turns":5.0},{"damage":12,"enemies":"Spheric Guardian","floor":21,"turns":5},{"damage":10,"enemies":"Snake Plant","floor":24,"turns":3},{"damage":14,"enemies":"Centurion and Healer","floor":27,"turns":5},{"damage":13,"enemies":"Chosen and Byrds","floor":29,"turns":6},{"damage":12,"enemies":"Gremlin Leader","floor":30,"turns":4},{"damage":0,"enemies":"Snake Plant","floor":31,"turns":6},{"damage":88,"enemies":"Champ","floor":33,"turns":13}],"seed_played":"-8479844641329920898","potions_obtained":[{"floor":1.0,"key":"SpeedPotion"},{"floor":2.0,"key":"EssenceOfSteel"},{"floor":3.0,"key":"Explosive Potion"},{"floor":12.0,"key":"Energy Potion"},{"floor":14.0,"key":"Poison Potion"},{"floor":18.0,"key":"SkillPotion"},{"floor":27,"key":"Energy Potion"}],"is_trial":false,"path_per_floor":["M","M","M","M","?","R","E","R","T","E","R","M","M","M","R","B",null,"M","$","?","M","?","R","M","?","T","M","R","M","E","M","R","B"],"character_chosen":"IRONCLAD","items_purchased":["Apotheosis","Strange Spoon"],"campfire_rested":3,"item_purchase_floors":[19,19],"current_hp_per_floor":[74,75,75,75,68,68,18,38,38,14,34,23,22,23,23,25,57,43,43,43,37,37,37,33,33,33,25,45,38,32,47,47,0],"gold":213,"neow_bonus":"THREE_ENEMY_KILL","is_prod":false,"is_daily":false,"chose_seed":false,"campfire_upgraded":4,"win_rate":0,"timestamp":1557398318,"path_taken":["M","M","M","M","?","R","E","R","T","E","R","M","M","M","R","BOSS","M","$","?","M","?","R","M","?","T","M","R","?","E","M","R","BOSS"],"build_version":"2019-01-23","purchased_purges":0,"victory":false,"max_hp_per_floor":[75,75,75,75,68,68,68,68,68,68,68,68,68,68,68,68,68,68,68,68,68,68,68,68,68,68,68,68,68,68,68,68,68],"card_choices":[{"not_picked":["Clash","Metallicize"],"picked":"Evolve","floor":1.0},{"not_picked":["Sword Boomerang","Armaments"],"picked":"Twin Strike","floor":2.0},{"not_picked":["Rampage","Cleave"],"picked":"Disarm","floor":3.0},{"not_picked":["Sword Boomerang","Seeing Red"],"picked":"Headbutt","floor":4.0},{"not_picked":["Entrench","Dark Embrace"],"picked":"Seeing Red","floor":7.0},{"not_picked":["Body Slam","Headbutt"],"picked":"Spot Weakness","floor":10.0},{"not_picked":["Cleave","Wild Strike"],"picked":"Anger","floor":12.0},{"not_picked":["Flex","Corruption"],"picked":"Metallicize","floor":13.0},{"not_picked":["Infernal Blade","Flex","Hemokinesis"],"picked":"SKIP","floor":14.0},{"not_picked":["Exhume","Offering"],"picked":"Immolate","floor":16.0},{"not_picked":["Armaments","Anger+1","Fire Breathing"],"picked":"SKIP","floor":18.0},{"not_picked":["Clothesline","Body Slam"],"picked":"Flame Barrier","floor":21},{"not_picked":["Pommel Strike","Armaments","Body Slam"],"picked":"SKIP","floor":24},{"not_picked":["Impervious","Iron Wave"],"picked":"Uppercut","floor":27},{"not_picked":["Heavy Blade","Anger"],"picked":"Reaper","floor":29},{"not_picked":["Pommel Strike","Body Slam","Clash"],"picked":"SKIP","floor":30},{"not_picked":["Armaments","Headbutt"],"picked":"True Grit","floor":31}],"player_experience":1308449,"relics_obtained":[{"floor":7.0,"key":"FossilizedHelix"},{"floor":9.0,"key":"Sundial"},{"floor":10.0,"key":"PreservedInsect"},{"floor":26,"key":"Mercury Hourglass"},{"floor":30,"key":"Regal Pillow"}],"event_choices":[{"damage_healed":0.0,"max_hp_gain":0.0,"max_hp_loss":7.0,"gold_gain":0.0,"event_name":"Golden Idol","player_choice":"Lose Max HP","floor":5.0,"gold_loss":0.0,"damage_taken":0.0,"relics_obtained":["Golden Idol"]},{"damage_healed":0,"gold_gain":0,"player_choice":"Ignored","damage_taken":0,"max_hp_gain":0,"max_hp_loss":0,"event_name":"Beggar","floor":20,"gold_loss":0},{"damage_healed":0,"gold_gain":0,"player_choice":"Ignored","damage_taken":0,"max_hp_gain":0,"max_hp_loss":0,"event_name":"Ghosts","floor":22,"gold_loss":0},{"damage_healed":0,"gold_gain":0,"player_choice":"Traded Relic","damage_taken":0,"relics_obtained":["Nloth\u0027s Gift"],"max_hp_gain":0,"max_hp_loss":0,"event_name":"N\u0027loth","floor":25,"relics_lost":["NeowsBlessing"],"gold_loss":0}],"is_beta":false,"boss_relics":[{"not_picked":["Runic Dome","Calling Bell"],"picked":"Velvet Choker"}],"items_purged_floors":[],"is_endless":false,"potions_floor_spawned":[1,2,3,12,14,18,27,31],"killed_by":"Champ","ascension_level":20}