{"gold_per_floor":[115,115,129,139,19,19,48,48,104,104,115,133,149,25,25,127,127,114,114,213,229,8,8,19,19],"floor_reached":25,"playtime":2311,"items_purged":["Strike_G"],"score":305,"play_id":"95a0813e-6918-48ea-a798-d3c758bdc118","local_time":"20181215134309","is_ascension_mode":true,"campfire_choices":[{"data":"Neutralize","floor":6.0,"key":"SMITH"},{"data":"Footwork","floor":10.0,"key":"SMITH"},{"floor":15,"key":"REST"},{"floor":23,"key":"REST"}],"neow_cost":"NONE","seed_source_timestamp":0,"circlet_count":0,"master_deck":["AscendersBane","Defend_G","Defend_G","Defend_G","Defend_G","Defend_G","Strike_G","Strike_G","Strike_G","Survivor+1","Neutralize+1","Flechettes","Underhanded Strike","Flying Knee","Caltrops","Caltrops","Footwork+1","Slice","Footwork","Leg Sweep","Adrenaline","Crippling Poison","Dagger Throw","Predator","Well Laid Plans","Prepared+1","Dagger Throw+1","Dagger Spray","Slice+1"],"special_seed":0,"relics":["Ring of the Snake","Happy Flower","Snake Skull","Tiny Chest","Orrery","War Paint"],"potions_floor_usage":[11,13,16,18,24,25],"damage_taken":[{"damage":0.0,"enemies":"2 Louse","floor":1.0,"turns":3.0},{"damage":0.0,"enemies":"Cultist","floor":3.0,"turns":4.0},{"damage":0.0,"enemies":"Jaw Worm","floor":4.0,"turns":3.0},{"damage":25.0,"enemies":"Gremlin Nob","floor":7.0,"turns":4.0},{"damage":16,"enemies":"Gremlin Gang","floor":11,"turns":5},{"damage":21,"enemies":"Large Slime","floor":12,"turns":6},{"damage":6,"enemies":"3 Louse","floor":13,"turns":4},{"damage":3,"enemies":"The Guardian","floor":16,"turns":16},{"damage":10,"enemies":"2 Thieves","floor":18,"turns":4},{"damage":32,"enemies":"Colosseum Slavers","floor":19,"turns":6},{"damage":11,"enemies":"Chosen","floor":21,"turns":8},{"damage":9,"enemies":"3 Cultists","floor":24,"turns":6},{"damage":16,"enemies":"Sentry and Sphere","floor":25,"turns":4}],"seed_played":"-3452577390355848592","potions_obtained":[{"floor":4.0,"key":"SkillPotion"},{"floor":7.0,"key":"Block Potion"},{"floor":12,"key":"Regen Potion"},{"floor":16,"key":"Block Potion"},{"floor":21,"key":"Swift Potion"}],"is_trial":false,"path_per_floor":["M","?","M","M","$","R","E","?","T","R","M","M","M","$","R","B",null,"M","?","?","M","$","R","M","M"],"character_chosen":"THE_SILENT","items_purchased":["Caltrops","Strength Potion","Block Potion","War Paint","GhostInAJar"],"campfire_rested":2,"item_purchase_floors":[5,5,14,22,22],"current_hp_per_floor":[63,63,63,63,63,63,38,38,38,38,22,1,9,9,30,27,59,49,17,17,6,6,27,18,2],"gold":19,"neow_bonus":"RANDOM_COMMON_RELIC","is_prod":false,"is_daily":false,"chose_seed":false,"campfire_upgraded":2,"win_rate":0,"timestamp":1544902989,"path_taken":["M","?","?","M","$","R","E","?","T","R","M","?","?","$","R","BOSS","M","?","?","M","$","R","M","M"],"build_version":"2018-12-13","purchased_purges":1,"victory":false,"max_hp_per_floor":[70,70,70,70,70,70,70,70,70,70,70,70,70,70,70,70,70,70,70,70,70,70,70,70,70],"card_choices":[{"not_picked":["Poisoned Stab","Expertise"],"picked":"Flechettes","floor":1.0},{"not_picked":["Underhanded Strike","PiercingWail"],"picked":"Flying Knee","floor":3.0},{"not_picked":["Corpse Explosion","Quick Slash"],"picked":"Caltrops","floor":4.0},{"not_picked":["Phantasmal Killer","Slice"],"picked":"Footwork","floor":7.0},{"not_picked":["Riddle With Holes","Poisoned Stab"],"picked":"Slice","floor":11},{"not_picked":["Quick Slash","Poisoned Stab"],"picked":"Footwork","floor":12},{"not_picked":["Sucker Punch","Dagger Throw"],"picked":"Leg Sweep","floor":13},{"not_picked":["Wraith Form v2","Envenom"],"picked":"Adrenaline","floor":16},{"not_picked":["Sucker Punch","Dodge and Roll"],"picked":"Crippling Poison","floor":17},{"not_picked":["Bane","Outmaneuver"],"picked":"Dagger Throw","floor":17},{"not_picked":["Quick Slash","Storm of Steel"],"picked":"Predator","floor":17},{"not_picked":["Terror","Sucker Punch"],"picked":"Well Laid Plans","floor":17},{"not_picked":["Bane","Underhanded Strike"],"picked":"Prepared","floor":17},{"not_picked":["Underhanded Strike","Deadly Poison"],"picked":"Dagger Throw+1","floor":18},{"not_picked":["Bouncing Flask","Terror+1"],"picked":"Dagger Spray","floor":21},{"not_picked":["Flying Knee","Escape Plan+1"],"picked":"Slice+1","floor":24}],"player_experience":306086,"relics_obtained":[{"floor":7.0,"key":"Snake Skull"},{"floor":9.0,"key":"Tiny Chest"}],"event_choices":[{"damage_healed":0.0,"max_hp_gain":0.0,"max_hp_loss":0.0,"gold_gain":0.0,"cards_transformed":["Strike_G"],"event_name":"Transmorgrifier","player_choice":"Transformed","floor":2.0,"gold_loss":0.0,"damage_taken":0.0,"cards_obtained":["Underhanded Strike"]},{"damage_healed":0.0,"max_hp_gain":0.0,"max_hp_loss":0.0,"gold_gain":0.0,"event_name":"Match and Keep!","player_choice":"0 cards matched","floor":8.0,"gold_loss":0.0,"damage_taken":0.0,"cards_obtained":[]},{"damage_healed":0,"gold_gain":0,"player_choice":"Fight","damage_taken":0,"max_hp_gain":0,"max_hp_loss":0,"event_name":"Colosseum","floor":19,"gold_loss":0},{"damage_healed":0,"gold_gain":0,"player_choice":"Fled From Nobs","damage_taken":0,"max_hp_gain":0,"max_hp_loss":0,"event_name":"Colosseum","floor":19,"gold_loss":0},{"damage_healed":0,"gold_gain":99,"player_choice":"Stole From Cult","damage_taken":0,"max_hp_gain":0,"max_hp_loss":0,"event_name":"Nest","floor":20,"gold_loss":0}],"is_beta":false,"boss_relics":[{"not_picked":["Snecko Eye","HoveringKite"],"picked":"Orrery"}],"items_purged_floors":[14],"is_endless":false,"potions_floor_spawned":[4,7,12,16,19,21],"killed_by":"Sentry and Sphere","ascension_level":10}