{"gold_per_floor":[118,118,118,142,142,142,178,178,248,248,248,286,16,29,29,148,148,166,191,205,226,92,92,123,23,46,46,67,67,110,110,110,241,241,257,273,83,83],"floor_reached":38,"playtime":2430,"items_purged":["Strike_G","Strike_G","Strike_G"],"score":630,"play_id":"1d5ae1e6-d67e-4057-b2fc-60842209388c","local_time":"20190327200206","is_ascension_mode":true,"campfire_choices":[{"data":"Cloak And Dagger","floor":6,"key":"SMITH"},{"data":"Cloak And Dagger","floor":8,"key":"SMITH"},{"floor":10,"key":"REST"},{"data":"Accuracy","floor":15,"key":"SMITH"},{"data":"Accuracy","floor":23,"key":"SMITH"},{"floor":32,"key":"REST"}],"neow_cost":"NONE","seed_source_timestamp":251294875961542,"circlet_count":0,"master_deck":["AscendersBane","Defend_G+1","Defend_G","Defend_G","Defend_G+1","Defend_G","Survivor","Neutralize+1","Cloak And Dagger+1","Cloak And Dagger+1","Noxious Fumes","Accuracy+1","Accuracy+1","Night Terror+1","Blade Dance+1","Blade Dance+1","Blade Dance+1","A Thousand Cuts","Footwork+1","Venomology+1","Deflect+1","Backflip+1"],"relics":["Ring of the Snake","Golden Idol","Ornamental Fan","The Courier","Toxic Egg 2","Bag of Preparation","Cursed Key","War Paint","Potion Belt","Snake Skull","Empty Cage","Kunai"],"potions_floor_usage":[7,16,16,30,30,30,35,35,38,38],"damage_taken":[{"damage":0,"enemies":"Jaw Worm","floor":1,"turns":5},{"damage":2,"enemies":"2 Louse","floor":4,"turns":3},{"damage":18,"enemies":"Lagavulin","floor":7,"turns":11},{"damage":27,"enemies":"Gremlin Nob","floor":12,"turns":6},{"damage":0,"enemies":"Cultist","floor":14,"turns":3},{"damage":29,"enemies":"Slime Boss","floor":16,"turns":8},{"damage":0,"enemies":"Chosen","floor":18,"turns":6},{"damage":1,"enemies":"Spheric Guardian","floor":19,"turns":3},{"damage":6,"enemies":"Cultist and Chosen","floor":20,"turns":4},{"damage":0,"enemies":"Snecko","floor":21,"turns":3},{"damage":12,"enemies":"Book of Stabbing","floor":24,"turns":4},{"damage":9,"enemies":"Centurion and Healer","floor":28,"turns":5},{"damage":14,"enemies":"Slavers","floor":30,"turns":5},{"damage":9,"enemies":"Collector","floor":33,"turns":8},{"damage":14,"enemies":"3 Darklings","floor":35,"turns":4},{"damage":25,"enemies":"3 Shapes","floor":36,"turns":4},{"damage":16,"enemies":"Jaw Worm Horde","floor":38,"turns":2}],"seed_played":"-8173109499545487973","potions_obtained":[{"floor":1,"key":"Dexterity Potion"},{"floor":4,"key":"Regen Potion"},{"floor":7,"key":"PowerPotion"},{"floor":18,"key":"Explosive Potion"},{"floor":24,"key":"Explosive Potion"},{"floor":28,"key":"Fire Potion"},{"floor":33,"key":"Strength Potion"}],"is_trial":false,"path_per_floor":["M","?","?","M","?","R","E","R","T","R","?","E","$","M","R","B",null,"M","M","M","M","$","R","E","$","T","$","M","?","E","?","R","B",null,"M","M","$","M"],"character_chosen":"THE_SILENT","items_purchased":["Accuracy","Accuracy","Night Terror+1","A Thousand Cuts","Kunai"],"campfire_rested":2,"item_purchase_floors":[13,13,13,22,37],"current_hp_per_floor":[63,63,60,58,58,58,40,40,40,59,59,32,32,32,32,18,53,53,52,46,46,46,46,34,34,34,34,25,25,11,11,30,21,54,40,15,15,0],"gold":83,"neow_bonus":"UPGRADE_CARD","is_prod":false,"is_daily":false,"chose_seed":false,"campfire_upgraded":4,"win_rate":0,"timestamp":1553713326,"path_taken":["M","?","?","M","?","R","E","R","T","R","?","E","$","M","R","BOSS","M","M","?","M","$","R","E","?","T","$","?","?","E","?","R","BOSS","M","M","$","M"],"build_version":"2019-01-23","purchased_purges":3,"victory":false,"max_hp_per_floor":[70,65,65,65,65,65,65,65,65,65,65,65,65,65,65,65,65,65,65,65,65,65,65,65,65,65,65,65,65,65,65,65,65,65,65,65,65,65],"card_choices":[{"not_picked":["Outmaneuver","Leg Sweep"],"picked":"Cloak And Dagger","floor":1},{"not_picked":["Leg Sweep","Dash","Reflex"],"picked":"SKIP","floor":4},{"not_picked":["Backflip","Skewer"],"picked":"Cloak And Dagger","floor":7},{"not_picked":["Acrobatics+1","Prepared+1"],"picked":"Noxious Fumes","floor":12},{"not_picked":["Acrobatics+1","Catalyst+1","Underhanded Strike"],"picked":"SKIP","floor":14},{"not_picked":["Sucker Punch","Catalyst+1"],"picked":"Blade Dance+1","floor":18},{"not_picked":["Dash","Endless Agony","Prepared+1"],"picked":"SKIP","floor":19},{"not_picked":["Flying Knee","Eviscerate"],"picked":"Blade Dance+1","floor":20},{"not_picked":["Tactician+1","Sucker Punch"],"picked":"Blade Dance+1","floor":21},{"not_picked":["Accuracy+1","Bane"],"picked":"Footwork","floor":24},{"not_picked":["Slice","Tactician+1","Footwork"],"picked":"SKIP","floor":28},{"not_picked":["Eviscerate+1","Prepared+1","Flying Knee+1"],"picked":"SKIP","floor":30},{"not_picked":["Tools of the Trade","Bullet Time+1"],"picked":"Venomology+1","floor":33},{"not_picked":["Caltrops","Reflex+1"],"picked":"Deflect+1","floor":35},{"not_picked":["Bane","Predator"],"picked":"Backflip+1","floor":36}],"player_experience":380136,"relics_obtained":[{"floor":7,"key":"The Courier"},{"floor":9,"key":"Toxic Egg 2"},{"floor":12,"key":"Bag of Preparation"},{"floor":24,"key":"War Paint"},{"floor":26,"key":"Potion Belt"},{"floor":30,"key":"Snake Skull"}],"event_choices":[{"damage_healed":0,"gold_gain":0,"player_choice":"Lose Max HP","damage_taken":0,"relics_obtained":["Golden Idol"],"max_hp_gain":0,"max_hp_loss":5,"event_name":"Golden Idol","floor":2,"gold_loss":0},{"damage_healed":0,"gold_gain":0,"player_choice":"Success","damage_taken":3,"relics_obtained":["Ornamental Fan"],"max_hp_gain":0,"max_hp_loss":0,"event_name":"Scrap Ooze","floor":3,"gold_loss":0},{"damage_healed":0,"gold_gain":0,"player_choice":"Ignored","damage_taken":0,"max_hp_gain":0,"max_hp_loss":0,"event_name":"Liars Game","floor":5,"gold_loss":0},{"cards_removed":["Strike_G"],"damage_healed":0,"gold_gain":0,"player_choice":"Offered Basic","damage_taken":0,"max_hp_gain":0,"max_hp_loss":0,"event_name":"Bonfire Elementals","floor":11,"gold_loss":0},{"damage_healed":0,"gold_gain":0,"player_choice":"Forge","damage_taken":0,"max_hp_gain":0,"max_hp_loss":0,"event_name":"Accursed Blacksmith","floor":31,"gold_loss":0,"cards_upgraded":["Footwork"]}],"is_beta":false,"boss_relics":[{"not_picked":["Calling Bell","Lizard Tail"],"picked":"Cursed Key"},{"not_picked":["Coffee Dripper","Philosopher\u0027s Stone"],"picked":"Empty Cage"}],"items_purged_floors":[13,22,25],"is_endless":false,"potions_floor_spawned":[1,4,7,18,24,28,33],"killed_by":"Jaw Worm Horde","ascension_level":10}