{"gold_per_floor":[119,137,26,26,26,26,46,75,75,75,35,46,46,65,65,138,138,150,170,183,217,177,177],"floor_reached":23,"playtime":977,"items_purged":["Strike_G"],"score":482,"play_id":"b73fd133-a197-48fb-8cf3-b233fa6a812c","local_time":"20190406160340","is_ascension_mode":true,"campfire_choices":[{"floor":6,"key":"REST"},{"data":"Well Laid Plans","floor":10,"key":"SMITH"},{"data":"Noxious Fumes","floor":15,"key":"SMITH"}],"neow_cost":"NONE","seed_source_timestamp":717859595658735,"circlet_count":0,"master_deck":["AscendersBane","Defend_G+1","Defend_G","Defend_G","Defend_G","Defend_G","Strike_G","Strike_G","Strike_G","Survivor","Neutralize+1","Poisoned Stab","Poisoned Stab","Caltrops+1","Well Laid Plans+1","Footwork","Corpse Explosion","Noxious Fumes+1","After Image","Noxious Fumes","PiercingWail","Escape Plan+1"],"relics":["Ring of the Snake","NeowsBlessing","Blue Candle","Mummified Hand","Runic Pyramid","Red Mask"],"potions_floor_usage":[21,23,23],"damage_taken":[{"damage":0,"enemies":"Small Slimes","floor":1,"turns":1},{"damage":0,"enemies":"Jaw Worm","floor":2,"turns":1},{"damage":0,"enemies":"Cultist","floor":7,"turns":1},{"damage":19,"enemies":"Lagavulin","floor":8,"turns":7},{"damage":2,"enemies":"Blue Slaver","floor":12,"turns":4},{"damage":10,"enemies":"Gremlin Gang","floor":14,"turns":3},{"damage":0,"enemies":"Hexaghost","floor":16,"turns":8},{"damage":10,"enemies":"3 Byrds","floor":18,"turns":3},{"damage":3,"enemies":"Spheric Guardian","floor":19,"turns":5},{"damage":20,"enemies":"Shelled Parasite and Fungi","floor":20,"turns":6},{"damage":4,"enemies":"Masked Bandits","floor":21,"turns":4},{"damage":21,"enemies":"Slavers","floor":23,"turns":2}],"seed_played":"6312391323450970127","potions_obtained":[{"floor":7,"key":"AttackPotion"},{"floor":14,"key":"GhostInAJar"},{"floor":21,"key":"FearPotion"},{"floor":22,"key":"Ancient Potion"},{"floor":22,"key":"SteroidPotion"}],"is_trial":false,"path_per_floor":["M","M","$","?","?","R","M","E","T","R","$","M","?","M","R","B",null,"M","M","M","?","?","E"],"character_chosen":"THE_SILENT","items_purchased":["Caltrops","Footwork"],"campfire_rested":1,"item_purchase_floors":[3,11],"current_hp_per_floor":[59,59,59,39,39,58,58,39,39,39,39,37,37,27,27,27,56,46,43,23,19,19,0],"gold":177,"neow_bonus":"THREE_ENEMY_KILL","is_prod":false,"is_daily":false,"chose_seed":false,"campfire_upgraded":2,"win_rate":0,"timestamp":1554534220,"path_taken":["M","M","$","?","?","R","M","E","T","R","$","?","?","M","R","BOSS","M","?","M","?","?","E"],"build_version":"2019-01-23","purchased_purges":1,"victory":false,"max_hp_per_floor":[66,66,66,66,66,66,66,66,66,66,66,66,66,66,66,66,66,66,66,66,66,66,66],"card_choices":[{"not_picked":["Blade Dance","Outmaneuver"],"picked":"Poisoned Stab","floor":1},{"not_picked":["Outmaneuver","Blade Dance"],"picked":"Poisoned Stab","floor":2},{"not_picked":["Sucker Punch","Infinite Blades"],"picked":"Well Laid Plans","floor":7},{"not_picked":["Concentrate","Tactician","Distraction"],"picked":"SKIP","floor":8},{"not_picked":["Flying Knee","Escape Plan"],"picked":"Corpse Explosion","floor":12},{"not_picked":["Bane","Blade Dance"],"picked":"Noxious Fumes","floor":14},{"not_picked":["Grand Finale","Envenom"],"picked":"After Image","floor":16},{"not_picked":["Flying Knee","Riddle With Holes"],"picked":"Noxious Fumes","floor":18},{"not_picked":["Outmaneuver","Dagger Throw"],"picked":"PiercingWail","floor":19},{"not_picked":["Bouncing Flask","Bane","Deadly Poison"],"picked":"SKIP","floor":20},{"not_picked":["Prepared","Accuracy"],"picked":"Escape Plan+1","floor":21}],"player_experience":843902,"relics_obtained":[{"floor":8,"key":"Blue Candle"},{"floor":9,"key":"Mummified Hand"},{"floor":21,"key":"Red Mask"}],"event_choices":[{"damage_healed":0,"gold_gain":0,"player_choice":"Entered Light","damage_taken":20,"max_hp_gain":0,"max_hp_loss":0,"event_name":"Shining Light","floor":4,"gold_loss":0,"cards_upgraded":["Defend_G","Caltrops"]},{"damage_healed":0,"gold_gain":0,"player_choice":"Upgraded","damage_taken":0,"max_hp_gain":0,"max_hp_loss":0,"event_name":"Upgrade Shrine","floor":5,"gold_loss":0,"cards_upgraded":["Neutralize"]},{"cards_removed":["Strike_G"],"damage_healed":0,"gold_gain":0,"player_choice":"Offered Basic","damage_taken":0,"max_hp_gain":0,"max_hp_loss":0,"event_name":"Bonfire Elementals","floor":13,"gold_loss":0},{"damage_healed":0,"gold_gain":0,"player_choice":"Fought Bandits","damage_taken":0,"max_hp_gain":0,"max_hp_loss":0,"event_name":"Masked Bandits","floor":21,"gold_loss":0},{"damage_healed":0,"gold_gain":0,"player_choice":"Bought 3 Potions","damage_taken":0,"max_hp_gain":0,"max_hp_loss":0,"event_name":"The Woman in Blue","floor":22,"gold_loss":0}],"is_beta":false,"boss_relics":[{"not_picked":["Ring of the Serpent","Lizard Tail"],"picked":"Runic Pyramid"}],"items_purged_floors":[3],"is_endless":false,"potions_floor_spawned":[7,14,16,19,21],"killed_by":"Slavers","ascension_level":20}