{"gold_per_floor":[115,40,57,72,88,88,116,166,239,259,286,24,24,36,36,112,112,123,123,133,23,43,43,59,59,84,134,166,184,184,202,202,277,277,288,298,143,143,88,88,108,119,119,119,129,4,4],"floor_reached":47,"playtime":3167,"items_purged":["Strike_B","Strike_B","Clumsy"],"score":968,"play_id":"6845555f-2a71-4103-befd-82a65b93e532","local_time":"20190510230219","is_ascension_mode":true,"campfire_choices":[{"data":"Streamline","floor":6,"key":"SMITH"},{"data":"Go for the Eyes","floor":13,"key":"SMITH"},{"data":"Conserve Battery","floor":15,"key":"SMITH"},{"floor":23,"key":"REST"},{"floor":25,"key":"REST"},{"floor":30,"key":"REST"},{"data":"Rainbow","floor":32,"key":"SMITH"},{"floor":40,"key":"RECALL"}],"neow_cost":"NONE","seed_source_timestamp":389813798923900,"circlet_count":0,"master_deck":["AscendersBane","Strike_B","Defend_B","Defend_B","Defend_B","Defend_B","Zap","Dualcast","Rainbow+1","Go for the Eyes+1","Conserve Battery+1","Coolheaded+1","Streamline+1","Compile Driver","Rip and Tear","Leap","Ball Lightning","Creative AI","Self Repair+1","Recycle+1","Capacitor","Loop+1","Biased Cognition","Sunder+1","Undo","Sunder","Capacitor+1"],"relics":["Cracked Core","Turnip","Shuriken","Blood Vial","ClockworkSouvenir","Snecko Eye","Bag of Marbles","Incense Burner","Cursed Key"],"potions_floor_usage":[11,11,11,16,20,20,28,33,36,47],"damage_taken":[{"damage":0,"enemies":"Cultist","floor":1,"turns":3},{"damage":2,"enemies":"Small Slimes","floor":3,"turns":3},{"damage":3,"enemies":"Jaw Worm","floor":4,"turns":3},{"damage":3,"enemies":"Large Slime","floor":5,"turns":5},{"damage":11,"enemies":"Lagavulin","floor":7,"turns":4},{"damage":6,"enemies":"Red Slaver","floor":10,"turns":4},{"damage":4,"enemies":"Gremlin Nob","floor":11,"turns":3},{"damage":6,"enemies":"3 Louse","floor":14,"turns":3},{"damage":30,"enemies":"The Guardian","floor":16,"turns":12},{"damage":23,"enemies":"Shell Parasite","floor":18,"turns":6},{"damage":19,"enemies":"Colosseum Slavers","floor":19,"turns":3},{"damage":24,"enemies":"2 Thieves","floor":20,"turns":4},{"damage":14,"enemies":"Chosen and Byrds","floor":22,"turns":5},{"damage":10,"enemies":"Snake Plant","floor":24,"turns":7},{"damage":14,"enemies":"Gremlin Leader","floor":28,"turns":6},{"damage":23,"enemies":"Centurion and Healer","floor":29,"turns":5},{"damage":6,"enemies":"Chosen and Byrds","floor":31,"turns":8},{"damage":32,"enemies":"Champ","floor":33,"turns":10},{"damage":13,"enemies":"Orb Walker","floor":35,"turns":3},{"damage":32,"enemies":"3 Darklings","floor":36,"turns":7},{"damage":2,"enemies":"Maw","floor":41,"turns":6},{"damage":14,"enemies":"Jaw Worm Horde","floor":42,"turns":5},{"damage":0,"enemies":"4 Shapes","floor":45,"turns":14},{"damage":98,"enemies":"Giant Head","floor":47,"turns":10}],"seed_played":"-4883747643869744506","potions_obtained":[{"floor":4,"key":"EntropicBrew"},{"floor":5,"key":"Explosive Potion"},{"floor":14,"key":"Explosive Potion"},{"floor":16,"key":"Strength Potion"},{"floor":20,"key":"Explosive Potion"},{"floor":29,"key":"Block Potion"},{"floor":33,"key":"Energy Potion"}],"is_trial":false,"path_per_floor":["M","$","M","M","M","R","E","?","T","M","E","$","R","M","R","B",null,"M","?","M","?","M","R","M","R","T","?","E","M","R","M","R","B",null,"M","M","$","?","$","R","M","M","T","T","M","$","E"],"character_chosen":"DEFECT","items_purchased":["ClockworkSouvenir","Ball Lightning","PowerPotion","SpeedPotion"],"campfire_rested":3,"item_purchase_floors":[12,12,37,39],"current_hp_per_floor":[64,64,62,59,56,56,45,45,45,39,35,35,35,31,31,3,54,33,26,14,14,2,23,25,46,46,46,34,23,44,50,50,30,61,60,40,40,40,40,40,50,48,48,48,70,70,0],"gold":4,"neow_bonus":"ONE_RANDOM_RARE_CARD","is_prod":false,"is_daily":false,"chose_seed":false,"campfire_upgraded":4,"win_rate":0,"timestamp":1557496939,"path_taken":["M","?","M","M","M","R","E","?","T","?","E","$","R","M","R","BOSS","M","?","M","?","?","R","M","R","T","?","E","M","R","M","R","BOSS","M","M","$","?","?","R","M","M","T","?","M","$","E"],"build_version":"2019-01-23","purchased_purges":3,"victory":false,"max_hp_per_floor":[71,71,71,71,71,71,71,71,71,71,71,71,71,71,71,71,71,71,71,71,71,71,71,71,71,71,71,71,71,71,71,71,71,71,71,71,71,71,71,71,71,71,71,71,71,71,71],"card_choices":[{"not_picked":["Redo","Rebound"],"picked":"Go for the Eyes","floor":1},{"not_picked":["Rip and Tear","Barrage"],"picked":"Conserve Battery","floor":3},{"not_picked":["Auto Shields","Leap"],"picked":"Coolheaded","floor":4},{"not_picked":["Chill","Conserve Battery"],"picked":"Streamline","floor":5},{"not_picked":["Scrape","Tempest"],"picked":"Compile Driver","floor":7},{"not_picked":["Force Field","Rebound"],"picked":"Rip and Tear","floor":10},{"not_picked":["Amplify","Multi-Cast"],"picked":"Leap","floor":11},{"not_picked":["Turbo","Steam","Redo"],"picked":"SKIP","floor":14},{"not_picked":["Buffer","Reboot"],"picked":"Creative AI","floor":16},{"not_picked":["Compile Driver","Steam"],"picked":"Self Repair+1","floor":18},{"not_picked":["White Noise","Storm"],"picked":"Recycle+1","floor":20},{"not_picked":["Cold Snap","Sweeping Beam","Melter+1"],"picked":"SKIP","floor":22},{"not_picked":["Self Repair","Hyperbeam","Go for the Eyes"],"picked":"SKIP","floor":24},{"not_picked":["Static Discharge","Conserve Battery"],"picked":"Capacitor","floor":28},{"not_picked":["Redo","Static Discharge","Ball Lightning"],"picked":"SKIP","floor":29},{"not_picked":["Ball Lightning","Go for the Eyes"],"picked":"Loop+1","floor":31},{"not_picked":["Hyperbeam","Machine Learning"],"picked":"Biased Cognition","floor":33},{"not_picked":["White Noise","Sweeping Beam"],"picked":"Sunder+1","floor":35},{"not_picked":["Double Energy+1","Compile Driver+1"],"picked":"Undo","floor":36},{"not_picked":["Go for the Eyes","Blizzard+1"],"picked":"Sunder","floor":41},{"not_picked":["Coolheaded","Aggregate"],"picked":"Capacitor+1","floor":42},{"not_picked":["Blizzard","Steam","Sweeping Beam"],"picked":"SKIP","floor":45}],"player_experience":1333497,"relics_obtained":[{"floor":7,"key":"Turnip"},{"floor":9,"key":"Shuriken"},{"floor":11,"key":"Blood Vial"},{"floor":26,"key":"Bag of Marbles"},{"floor":28,"key":"Incense Burner"}],"event_choices":[{"damage_healed":0,"gold_gain":50,"player_choice":"Pray","damage_taken":0,"max_hp_gain":0,"max_hp_loss":0,"event_name":"Golden Shrine","floor":8,"gold_loss":0},{"damage_healed":0,"gold_gain":0,"player_choice":"Fight","damage_taken":0,"max_hp_gain":0,"max_hp_loss":0,"event_name":"Colosseum","floor":19,"gold_loss":0},{"damage_healed":0,"gold_gain":0,"player_choice":"Fled From Nobs","damage_taken":0,"max_hp_gain":0,"max_hp_loss":0,"event_name":"Colosseum","floor":19,"gold_loss":0},{"cards_removed":["Strike_B"],"damage_healed":0,"gold_gain":0,"player_choice":"Upgrade and Remove","damage_taken":0,"max_hp_gain":0,"max_hp_loss":0,"event_name":"Designer","floor":21,"gold_loss":110,"cards_upgraded":["Coolheaded"]},{"damage_healed":0,"gold_gain":50,"player_choice":"Stole From Cult","damage_taken":0,"max_hp_gain":0,"max_hp_loss":0,"event_name":"Nest","floor":27,"gold_loss":0},{"damage_healed":0,"gold_gain":0,"player_choice":"Ignored","damage_taken":0,"max_hp_gain":0,"max_hp_loss":0,"event_name":"SecretPortal","floor":38,"gold_loss":0}],"is_beta":false,"boss_relics":[{"not_picked":["Astrolabe","Inserter"],"picked":"Snecko Eye"},{"not_picked":["FrozenCore","Sozu"],"picked":"Cursed Key"}],"items_purged_floors":[2,37,46],"is_endless":false,"potions_floor_spawned":[4,5,7,14,16,19,20,29,33,41,45],"killed_by":"Giant Head","ascension_level":20}