{"gold_per_floor":[109,124,3,3,19,19,30,57,105,140,140,154,154,168,168,266,266,284,301,317,416,466,466,484,53,53,84,128,140,171,200,212,224],"floor_reached":33,"playtime":1655,"items_purged":["Defend_G"],"score":450,"play_id":"dcadcb26-8a4f-4d21-8f39-3881a775e82c","local_time":"20190113115723","is_ascension_mode":true,"campfire_choices":[{"data":"Poisoned Stab","floor":6,"key":"SMITH"},{"data":"Backflip","floor":11,"key":"SMITH"},{"data":"Survivor","floor":15,"key":"SMITH"},{"floor":23,"key":"REST"},{"data":"Noxious Fumes","floor":29,"key":"SMITH"},{"floor":32,"key":"REST"}],"neow_cost":"NONE","seed_source_timestamp":730312499356099,"circlet_count":0,"master_deck":["AscendersBane","Defend_G","Defend_G","Defend_G","Defend_G","Strike_G","Strike_G","Strike_G","Strike_G","Survivor+1","Neutralize+1","Backstab","Cloak And Dagger","Dash+1","Backflip+1","Poisoned Stab+1","Bane","Die Die Die","Well Laid Plans","Die Die Die","Deadly Poison","Burst","Crippling Poison","Noxious Fumes+1","Terror","Bullet Time","Blur"],"relics":["Ring of the Snake","Meat on the Bone","Pen Nib","Bag of Marbles","Runic Dome","Mummified Hand","MawBank","Darkstone Periapt"],"potions_floor_usage":[10,28,28,33],"damage_taken":[{"damage":9,"enemies":"Small Slimes","floor":1,"turns":5},{"damage":0,"enemies":"Cultist","floor":2,"turns":4},{"damage":0,"enemies":"Jaw Worm","floor":5,"turns":3},{"damage":3,"enemies":"3 Louse","floor":7,"turns":3},{"damage":17,"enemies":"Lagavulin","floor":8,"turns":6},{"damage":3,"enemies":"Gremlin Nob","floor":10,"turns":3},{"damage":1,"enemies":"Large Slime","floor":12,"turns":4},{"damage":0,"enemies":"Exordium Wildlife","floor":14,"turns":1},{"damage":4,"enemies":"The Guardian","floor":16,"turns":10},{"damage":3,"enemies":"Shell Parasite","floor":18,"turns":4},{"damage":16,"enemies":"3 Byrds","floor":19,"turns":4},{"damage":0,"enemies":"3 Cultists","floor":20,"turns":4},{"damage":8,"enemies":"Shelled Parasite and Fungi","floor":24,"turns":3},{"damage":0,"enemies":"Centurion and Healer","floor":27,"turns":5},{"damage":21,"enemies":"Gremlin Leader","floor":28,"turns":3},{"damage":15,"enemies":"Snake Plant","floor":30,"turns":4},{"damage":7,"enemies":"Chosen and Byrds","floor":31,"turns":5},{"damage":86,"enemies":"Champ","floor":33,"turns":10}],"seed_played":"-1512551847287300097","potions_obtained":[{"floor":8,"key":"Fire Potion"},{"floor":10,"key":"Energy Potion"},{"floor":16,"key":"EssenceOfSteel"},{"floor":19,"key":"Strength Potion"},{"floor":30,"key":"Fire Potion"}],"is_trial":false,"path_per_floor":["M","M","$","?","M","R","M","E","T","E","R","M","?","M","R","B",null,"M","M","M","?","?","R","M","$","T","M","E","R","M","M","R","B"],"character_chosen":"THE_SILENT","items_purchased":["Dash","Backflip","Mummified Hand","Noxious Fumes","Terror"],"campfire_rested":2,"item_purchase_floors":[3,3,25,25,25],"current_hp_per_floor":[54,54,54,54,54,54,51,34,34,43,43,42,42,42,42,38,62,59,43,43,43,43,64,56,56,56,56,47,47,44,37,58,0],"gold":224,"neow_bonus":"UPGRADE_CARD","is_prod":false,"is_daily":false,"chose_seed":false,"campfire_upgraded":4,"win_rate":0,"timestamp":1547348243,"path_taken":["M","M","$","?","M","R","?","E","T","E","R","M","?","?","R","BOSS","M","M","M","?","?","R","M","$","T","?","E","R","M","M","R","BOSS"],"build_version":"2019-01-10","purchased_purges":1,"victory":false,"max_hp_per_floor":[70,70,70,70,70,70,70,70,70,70,70,70,70,70,70,70,70,70,70,70,70,70,70,70,70,70,70,70,70,70,70,70,70],"card_choices":[{"not_picked":["Poisoned Stab","Terror"],"picked":"Backstab","floor":1},{"not_picked":["Deadly Poison","Distraction"],"picked":"Cloak And Dagger","floor":2},{"not_picked":["Backflip","Sucker Punch"],"picked":"Poisoned Stab","floor":5},{"not_picked":["Dodge and Roll","Expertise"],"picked":"Bane","floor":7},{"not_picked":["Storm of Steel","Cloak And Dagger"],"picked":"Die Die Die","floor":8},{"not_picked":["Backstab","Deflect","Dagger Spray"],"picked":"SKIP","floor":10},{"not_picked":["Blade Dance","Backflip"],"picked":"Well Laid Plans","floor":12},{"not_picked":["Deflect","Outmaneuver"],"picked":"Deadly Poison","floor":14},{"not_picked":["Grand Finale","After Image"],"picked":"Burst","floor":16},{"not_picked":["Heel Hook+1","Endless Agony","Flying Knee"],"picked":"SKIP","floor":18},{"not_picked":["Poisoned Stab","Bane","Choke"],"picked":"SKIP","floor":19},{"not_picked":["Prepared","Flechettes+1"],"picked":"Crippling Poison","floor":20},{"not_picked":["Masterful Stab","Bane","All Out Attack"],"picked":"SKIP","floor":24},{"not_picked":["Blade Dance","Tools of the Trade","Predator"],"picked":"SKIP","floor":27},{"not_picked":["Flechettes","Dagger Throw"],"picked":"Bullet Time","floor":28},{"not_picked":["Slice+1","Cloak And Dagger"],"picked":"Blur","floor":30},{"not_picked":["Blade Dance","PiercingWail","Poisoned Stab"],"picked":"SKIP","floor":31}],"player_experience":374832,"relics_obtained":[{"floor":8,"key":"Meat on the Bone"},{"floor":9,"key":"Pen Nib"},{"floor":10,"key":"Bag of Marbles"},{"floor":26,"key":"MawBank"},{"floor":28,"key":"Darkstone Periapt"}],"event_choices":[{"damage_healed":0,"gold_gain":0,"player_choice":"Forge","damage_taken":0,"max_hp_gain":0,"max_hp_loss":0,"event_name":"Accursed Blacksmith","floor":4,"gold_loss":0,"cards_upgraded":["Dash"]},{"damage_healed":0,"gold_gain":0,"cards_transformed":["Strike_G"],"player_choice":"Transformed","damage_taken":0,"max_hp_gain":0,"max_hp_loss":0,"event_name":"Transmorgrifier","floor":13,"gold_loss":0,"cards_obtained":["Die Die Die"]},{"damage_healed":0,"gold_gain":99,"player_choice":"Stole From Cult","damage_taken":0,"max_hp_gain":0,"max_hp_loss":0,"event_name":"Nest","floor":21,"gold_loss":0},{"damage_healed":0,"gold_gain":100,"player_choice":"Bet on Murderer","damage_taken":0,"max_hp_gain":0,"max_hp_loss":0,"event_name":"The Joust","floor":22,"gold_loss":50}],"is_beta":false,"boss_relics":[{"not_picked":["Cursed Key","Snecko Eye"],"picked":"Runic Dome"}],"items_purged_floors":[25],"is_endless":false,"potions_floor_spawned":[8,10,16,19,24,30],"killed_by":"Champ","ascension_level":12}