{"gold_per_floor":[118,293,312,312,330,330,357,357,383,383,94,110,145,163,163,268,268,283,76,76,1,21,54,54,73,122,136,136,151,151,170,170,269,269,288,288,288,58,10,42,42,57,137,149,149,149,24,24],"floor_reached":48,"playtime":1858,"items_purged":["Strike_B","Strike_B","Doubt"],"score":586,"play_id":"3778c2c2-4592-4717-92c7-f0c6fd299bf7","local_time":"20181024124612","is_ascension_mode":true,"campfire_choices":[{"data":"Conserve Battery","floor":6,"key":"SMITH"},{"data":"Doom and Gloom","floor":15,"key":"SMITH"},{"floor":24,"key":"REST"},{"data":"Storm","floor":28,"key":"SMITH"},{"floor":32,"key":"REST"},{"data":"White Noise","floor":41,"key":"SMITH"}],"neow_cost":"NONE","seed_source_timestamp":312140751445477,"circlet_count":0,"master_deck":["Defend_B+1","Defend_B+1","Defend_B+1","Defend_B+1","Zap","Dualcast+1","Ball Lightning","Conserve Battery+1","Leap","Turbo","Doom and Gloom+1","Self Repair","Steam","BootSequence","Multi-Cast","Barrage","Fission","Capacitor","Chill","Capacitor","Storm+1","Stack","Gash+1","Ball Lightning","White Noise+1","Electrodynamics","Amplify","Consume","Storm"],"relics":["Cracked Core","Mercury Hourglass","Emotion Chip","Pen Nib","Centennial Puzzle","Velvet Choker","Potion Belt","Bronze Scales","Cursed Key","Oddly Smooth Stone","Regal Pillow","Question Card"],"potions_floor_usage":[16,23,31,33,40,40,40,40],"damage_taken":[{"damage":0,"enemies":"Small Slimes","floor":1,"turns":2},{"damage":9,"enemies":"Jaw Worm","floor":3,"turns":3},{"damage":0,"enemies":"2 Louse","floor":5,"turns":2},{"damage":26,"enemies":"Lagavulin","floor":7,"turns":6},{"damage":2,"enemies":"Large Slime","floor":12,"turns":4},{"damage":5,"enemies":"3 Sentries","floor":13,"turns":4},{"damage":5,"enemies":"3 Louse","floor":14,"turns":2},{"damage":8,"enemies":"Hexaghost","floor":16,"turns":6},{"damage":6,"enemies":"3 Byrds","floor":18,"turns":4},{"damage":0,"enemies":"Spheric Guardian","floor":22,"turns":3},{"damage":61,"enemies":"Gremlin Leader","floor":23,"turns":8},{"damage":15,"enemies":"Cultist and Chosen","floor":25,"turns":5},{"damage":3,"enemies":"Snecko","floor":27,"turns":5},{"damage":4,"enemies":"Centurion and Healer","floor":29,"turns":3},{"damage":14,"enemies":"Snake Plant","floor":31,"turns":3},{"damage":27,"enemies":"Collector","floor":33,"turns":6},{"damage":7,"enemies":"3 Shapes","floor":35,"turns":3},{"damage":43,"enemies":"Giant Head","floor":40,"turns":7},{"damage":0,"enemies":"Orb Walker","floor":42,"turns":2},{"damage":24,"enemies":"Sphere and 2 Shapes","floor":44,"turns":4},{"damage":52,"enemies":"Maw","floor":48,"turns":4}],"seed_played":"-5122088420861445660","potions_obtained":[{"floor":3,"key":"Strength Potion"},{"floor":13,"key":"FearPotion"},{"floor":25,"key":"EssenceOfSteel"},{"floor":29,"key":"Fire Potion"},{"floor":33,"key":"Block Potion"},{"floor":35,"key":"Block Potion"},{"floor":44,"key":"Ancient Potion"}],"is_trial":false,"path_per_floor":["M","?","M","?","M","R","E","T","T","?","$","M","E","M","R","B",null,"M","$","?","$","M","E","R","M","T","M","R","M","?","M","R","B",null,"M","?","?","$","$","E","R","M","T","M","?","?","$"],"character_chosen":"DEFECT","items_purchased":["Doom and Gloom","Self Repair","Steam","Block Potion","Chill","Capacitor","Storm","Oddly Smooth Stone","Consume","Fire Potion"],"campfire_rested":2,"item_purchase_floors":[11,11,11,11,19,19,21,38,38,39],"current_hp_per_floor":[75,75,66,59,59,59,33,33,33,33,33,38,40,42,42,41,75,75,75,75,75,75,21,43,35,35,39,39,35,35,21,43,23,75,75,75,71,71,71,35,35,35,35,25,25,25,25,0],"gold":24,"neow_bonus":"UPGRADE_CARD","is_prod":false,"is_daily":false,"chose_seed":false,"campfire_upgraded":4,"win_rate":0,"timestamp":1540377972,"path_taken":["M","?","M","?","M","R","E","?","T","?","$","M","E","M","R","BOSS","M","$","?","$","M","E","R","M","T","?","R","M","?","M","R","BOSS","M","?","?","?","$","E","R","M","T","M","?","?","$","M"],"build_version":"2018-10-18","purchased_purges":3,"victory":false,"max_hp_per_floor":[75,75,75,75,75,75,75,75,75,75,75,75,75,75,75,75,75,75,75,75,75,75,75,75,75,75,75,75,75,75,75,75,75,75,75,75,71,71,71,71,71,71,71,71,71,71,71,71],"card_choices":[{"not_picked":["Rip and Tear","Rebound"],"picked":"Ball Lightning","floor":1},{"not_picked":["Redo","Go for the Eyes"],"picked":"Conserve Battery","floor":3},{"not_picked":["Cold Snap","Ball Lightning"],"picked":"Leap","floor":5},{"not_picked":["Redo","Sweeping Beam"],"picked":"Turbo","floor":7},{"not_picked":["Hologram","Scrape"],"picked":"BootSequence","floor":12},{"not_picked":["Streamline","Rip and Tear"],"picked":"Multi-Cast","floor":13},{"not_picked":["Reprogram","Gash"],"picked":"Barrage","floor":14},{"not_picked":["Rainbow","Seek"],"picked":"Fission","floor":16},{"not_picked":["Beam Cell","Double Energy+1"],"picked":"Capacitor","floor":18},{"not_picked":["Steam","Consume"],"picked":"Stack","floor":22},{"not_picked":["Leap","Ball Lightning"],"picked":"Gash+1","floor":23},{"not_picked":["Reboot","Hologram"],"picked":"Ball Lightning","floor":25},{"not_picked":["Beam Cell","Steam+1"],"picked":"White Noise","floor":27},{"not_picked":["Compile Driver","Ball Lightning","Streamline+1"],"picked":"SKIP","floor":29},{"not_picked":["Leap","Gash+1"],"picked":"Electrodynamics","floor":31},{"not_picked":["Biased Cognition","Hyperbeam"],"picked":"Amplify","floor":33},{"not_picked":["Auto Shields","Coolheaded","Go for the Eyes"],"picked":"SKIP","floor":35},{"not_picked":["Conserve Battery","Recycle","Compile Driver+1"],"picked":"SKIP","floor":40},{"not_picked":["Doom and Gloom","Leap"],"picked":"Storm","floor":42},{"not_picked":["Sweeping Beam+1","Go for the Eyes+1","Tempest","Streamline"],"picked":"SKIP","floor":44}],"player_experience":235438,"relics_obtained":[{"floor":7,"key":"Mercury Hourglass"},{"floor":8,"key":"Emotion Chip"},{"floor":9,"key":"Pen Nib"},{"floor":13,"key":"Centennial Puzzle"},{"floor":23,"key":"Potion Belt"},{"floor":26,"key":"Bronze Scales"},{"floor":40,"key":"Regal Pillow"},{"floor":43,"key":"Question Card"}],"event_choices":[{"damage_healed":0,"gold_gain":175,"player_choice":"AGREE","damage_taken":0,"max_hp_gain":0,"max_hp_loss":0,"event_name":"Liars Game","floor":2,"gold_loss":0,"cards_obtained":["Doubt"]},{"cards_removed":["Doubt"],"damage_healed":0,"gold_gain":0,"player_choice":"Card Removal","damage_taken":7,"max_hp_gain":0,"max_hp_loss":0,"event_name":"Golden Wing","floor":4,"gold_loss":0},{"cards_removed":["Strike_B"],"damage_healed":0,"gold_gain":0,"player_choice":"Purged","damage_taken":0,"max_hp_gain":0,"max_hp_loss":0,"event_name":"Purifier","floor":10,"gold_loss":0},{"damage_healed":0,"gold_gain":0,"player_choice":"Simplicity","damage_taken":0,"max_hp_gain":0,"max_hp_loss":0,"event_name":"Back to Basics","floor":20,"gold_loss":0,"cards_upgraded":["Strike_B","Defend_B","Defend_B","Defend_B","Defend_B"]},{"cards_removed":["Strike_B"],"damage_healed":0,"gold_gain":0,"player_choice":"Card Removal","damage_taken":0,"max_hp_gain":0,"max_hp_loss":0,"event_name":"Wheel of Change","floor":30,"gold_loss":0},{"damage_healed":0,"gold_gain":0,"player_choice":"Ignored","damage_taken":0,"max_hp_gain":0,"max_hp_loss":0,"event_name":"Tomb of Lord Red Mask","floor":36,"gold_loss":0},{"damage_healed":0,"gold_gain":0,"player_choice":"Max HP","damage_taken":0,"max_hp_gain":0,"max_hp_loss":4,"event_name":"Winding Halls","floor":37,"gold_loss":0},{"damage_healed":0,"gold_gain":0,"player_choice":"Ignored","damage_taken":0,"max_hp_gain":0,"max_hp_loss":0,"event_name":"Mysterious Sphere","floor":45,"gold_loss":0},{"damage_healed":0,"gold_gain":0,"player_choice":"Memory 1","damage_taken":0,"max_hp_gain":0,"max_hp_loss":0,"event_name":"SensoryStone","floor":46,"gold_loss":0}],"is_beta":false,"boss_relics":[{"not_picked":["Orrery","Eternal Feather"],"picked":"Velvet Choker"},{"not_picked":["Empty Cage","Astrolabe"],"picked":"Cursed Key"}],"items_purged_floors":[11,19,47],"is_endless":false,"potions_floor_spawned":[3,13,25,29,33,35,44],"killed_by":"Maw","ascension_level":4}