{"gold_per_floor":[111,111,61,14,14,14,28,53,53,53,71,104,117,127,127,127],"floor_reached":16,"playtime":1126,"items_purged":[],"score":135,"play_id":"c4c84999-31f7-4a4a-b34f-58931519cc0b","local_time":"20181217140910","is_ascension_mode":false,"campfire_choices":[{"data":"Outmaneuver","floor":6,"key":"SMITH"},{"floor":10,"key":"REST"},{"floor":15,"key":"REST"}],"neow_cost":"PERCENT_DAMAGE","seed_source_timestamp":90580425923950,"circlet_count":0,"master_deck":["Defend_G","Defend_G","Defend_G","Defend_G","Strike_G","Strike_G","Strike_G","Strike_G","Survivor","Neutralize","Underhanded Strike","Outmaneuver+1","Venomology","Enlightenment","Prepared","Reflex","Dagger Throw","Acrobatics"],"relics":["Ring of the Snake","Omamori","Oddly Smooth Stone","Orichalcum"],"potions_floor_usage":[8,12,12,12,12,13,14,16],"damage_taken":[{"damage":1,"enemies":"Jaw Worm","floor":1,"turns":5},{"damage":0,"enemies":"2 Louse","floor":7,"turns":2},{"damage":27,"enemies":"Lagavulin","floor":8,"turns":13},{"damage":3,"enemies":"Cultist","floor":11,"turns":5},{"damage":50,"enemies":"Gremlin Nob","floor":12,"turns":6},{"damage":1,"enemies":"Blue Slaver","floor":13,"turns":3},{"damage":0,"enemies":"Red Slaver","floor":14,"turns":3},{"damage":31,"enemies":"Hexaghost","floor":16,"turns":12}],"seed_played":"4829356022937528298","potions_obtained":[{"floor":1,"key":"Weak Potion"},{"floor":11,"key":"Fruit Juice"},{"floor":12,"key":"Ancient Potion"},{"floor":14,"key":"Strength Potion"}],"is_trial":false,"path_per_floor":["M","?","?","$","?","R","M","E","T","R","M","E","M","M","R","B"],"character_chosen":"THE_SILENT","items_purchased":["Outmaneuver"],"campfire_rested":2,"item_purchase_floors":[4],"current_hp_per_floor":[62,55,55,55,55,55,55,28,28,53,50,5,4,4,30,0],"gold":127,"neow_bonus":"TWENTY_PERCENT_HP_BONUS","is_prod":false,"is_daily":false,"chose_seed":false,"campfire_upgraded":1,"win_rate":0,"timestamp":1545073750,"path_taken":["M","?","?","$","?","R","M","E","T","R","M","E","M","?","R","BOSS"],"build_version":"2018-12-13","purchased_purges":0,"victory":false,"max_hp_per_floor":[84,84,84,84,84,84,84,84,84,84,84,89,89,89,89,89],"card_choices":[{"not_picked":["Dodge and Roll","Flying Knee"],"picked":"Underhanded Strike","floor":1},{"not_picked":["Cloak And Dagger","Well Laid Plans"],"picked":"Prepared","floor":7},{"not_picked":["Deadly Poison","Prepared","Masterful Stab"],"picked":"SKIP","floor":8},{"not_picked":["Acrobatics","Doppelganger"],"picked":"Reflex","floor":11},{"not_picked":["Masterful Stab","Bane"],"picked":"Dagger Throw","floor":12},{"not_picked":["Cloak And Dagger","Flechettes","Distraction"],"picked":"SKIP","floor":13},{"not_picked":["Bane","Outmaneuver"],"picked":"Acrobatics","floor":14}],"player_experience":76171,"relics_obtained":[{"floor":8,"key":"Omamori"},{"floor":9,"key":"Oddly Smooth Stone"},{"floor":12,"key":"Orichalcum"}],"event_choices":[{"cards_removed":["Strike_G"],"damage_healed":0,"gold_gain":0,"player_choice":"Card Removal","damage_taken":7,"max_hp_gain":0,"max_hp_loss":0,"event_name":"Golden Wing","floor":2,"gold_loss":0},{"cards_removed":["Defend_G"],"damage_healed":0,"gold_gain":0,"player_choice":"Card Removal","damage_taken":0,"max_hp_gain":0,"max_hp_loss":0,"event_name":"The Cleric","floor":3,"gold_loss":50},{"damage_healed":0,"gold_gain":0,"player_choice":"2 cards matched","damage_taken":0,"max_hp_gain":0,"max_hp_loss":0,"event_name":"Match and Keep!","floor":5,"gold_loss":0,"cards_obtained":["Venomology","Enlightenment"]}],"is_beta":false,"boss_relics":[],"items_purged_floors":[],"is_endless":false,"potions_floor_spawned":[1,11,12,14],"killed_by":"Hexaghost","ascension_level":0}