{"gold_per_floor":[115,115,115,134,134,197,197,210,233,253,253,253,253,286,298,411,423,448,435,37,37],"floor_reached":21,"playtime":769,"items_purged":["Strike_G"],"score":329,"play_id":"74f7875b-fe68-4200-a338-d1f878d655bd","local_time":"20190415211330","is_ascension_mode":true,"campfire_choices":[{"data":"Noxious Fumes","floor":7,"key":"SMITH"},{"floor":11,"key":"REST"},{"data":"Noxious Fumes","floor":13,"key":"SMITH"},{"floor":15,"key":"REST"}],"neow_cost":"NONE","seed_source_timestamp":347420111746301,"circlet_count":0,"master_deck":["AscendersBane","Defend_G","Defend_G","Defend_G","Defend_G","Defend_G","Strike_G","Strike_G","Strike_G","Survivor","Neutralize+1","Poisoned Stab","Dagger Spray","Noxious Fumes+1","Noxious Fumes+1","Backflip","Deflect","Deflect","Dodge and Roll","Well Laid Plans","Catalyst"],"relics":["Ring of the Snake","NeowsBlessing","Tiny Chest","Dream Catcher","MawBank","Turnip"],"potions_floor_usage":[14,16,18],"damage_taken":[{"damage":0,"enemies":"Small Slimes","floor":1,"turns":1},{"damage":0,"enemies":"Cultist","floor":4,"turns":1},{"damage":0,"enemies":"Lagavulin","floor":6,"turns":1},{"damage":1,"enemies":"Jaw Worm","floor":8,"turns":4},{"damage":31,"enemies":"Lots of Slimes","floor":10,"turns":3},{"damage":28,"enemies":"Gremlin Nob","floor":14,"turns":5},{"damage":3,"enemies":"Hexaghost","floor":16,"turns":9},{"damage":16,"enemies":"Chosen","floor":18,"turns":6},{"damage":29,"enemies":"2 Thieves","floor":19,"turns":5},{"damage":14,"enemies":"Centurion and Healer","floor":21,"turns":6}],"seed_played":"8432453178269941208","potions_obtained":[{"floor":1,"key":"Fire Potion"},{"floor":10,"key":"Weak Potion"},{"floor":14,"key":"Block Potion"},{"floor":18,"key":"EssenceOfSteel"},{"floor":19,"key":"Fire Potion"}],"is_trial":false,"path_per_floor":["M","$","?","M","?","E","R","M","T","M","R","?","R","E","R","B",null,"M","M","$","M"],"character_chosen":"THE_SILENT","items_purchased":["Turnip","Catalyst"],"campfire_rested":2,"item_purchase_floors":[20,20],"current_hp_per_floor":[63,63,63,63,56,56,56,55,55,24,45,45,45,17,38,35,61,45,16,16,2],"gold":37,"neow_bonus":"THREE_ENEMY_KILL","is_prod":false,"is_daily":false,"chose_seed":false,"campfire_upgraded":2,"win_rate":0,"timestamp":1555355610,"path_taken":["M","$","?","M","?","E","R","M","T","M","R","?","R","E","R","BOSS","M","M","$","M"],"build_version":"2019-01-23","purchased_purges":1,"victory":false,"max_hp_per_floor":[70,70,70,70,70,70,70,70,70,70,70,70,70,70,70,70,70,70,70,70,70],"card_choices":[{"not_picked":["Endless Agony","PiercingWail"],"picked":"Poisoned Stab","floor":1},{"not_picked":["Concentrate","Backstab"],"picked":"Dagger Spray","floor":4},{"not_picked":["Heel Hook","Infinite Blades"],"picked":"Noxious Fumes","floor":6},{"not_picked":["Bouncing Flask","Accuracy"],"picked":"Noxious Fumes","floor":8},{"not_picked":["Quick Slash","Slice"],"picked":"Backflip","floor":10},{"not_picked":["Backstab","Terror"],"picked":"Deflect","floor":11},{"not_picked":["Wraith Form v2","Setup"],"picked":"Deflect","floor":14},{"not_picked":["Underhanded Strike","Dash"],"picked":"Dodge and Roll","floor":18},{"not_picked":["Blade Dance","Dagger Throw"],"picked":"Well Laid Plans","floor":19}],"player_experience":452334,"relics_obtained":[{"floor":6,"key":"Tiny Chest"},{"floor":9,"key":"Dream Catcher"},{"floor":14,"key":"MawBank"}],"event_choices":[{"damage_healed":0,"gold_gain":0,"player_choice":"Grow","damage_taken":0,"max_hp_gain":0,"max_hp_loss":0,"event_name":"Living Wall","floor":3,"gold_loss":0,"cards_upgraded":["Neutralize"]},{"cards_removed":["Strike_G"],"damage_healed":0,"gold_gain":0,"player_choice":"Card Removal","damage_taken":7,"max_hp_gain":0,"max_hp_loss":0,"event_name":"Golden Wing","floor":5,"gold_loss":0},{"damage_healed":0,"gold_gain":0,"player_choice":"Got Potions","damage_taken":0,"max_hp_gain":0,"max_hp_loss":0,"event_name":"Lab","floor":12,"gold_loss":0}],"is_beta":false,"boss_relics":[{"not_picked":["Runic Dome","Calling Bell","Ectoplasm"]}],"items_purged_floors":[20],"is_endless":false,"potions_floor_spawned":[1,10,14,18,19],"killed_by":"Centurion and Healer","ascension_level":11}