{"gold_per_floor":[117,129,129,129,142,142,170,185,233,233,260,0,0,26,26,99,99,114,62,337,353,372,372,385,385,410,410],"floor_reached":27,"playtime":2355,"items_purged":["Regret"],"score":450,"play_id":"2c8341d4-826e-435a-b11b-9df71e5b02e7","local_time":"20190409204456","is_ascension_mode":true,"campfire_choices":[{"data":"Sunder","floor":6.0,"key":"SMITH"},{"data":"Fusion","floor":10.0,"key":"SMITH"},{"data":"Creative AI","floor":15.0,"key":"SMITH"},{"floor":23,"key":"REST"}],"neow_cost":"NONE","seed_source_timestamp":852960073912300,"circlet_count":0,"master_deck":["AscendersBane","Strike_B","Defend_B","Defend_B","Defend_B","Defend_B","Zap","Dualcast","FTL","Sunder+1","Creative AI+1","Fusion+1","Go for the Eyes","Conserve Battery","FTL","Fission+1","Echo Form","Storm+1","Fusion+1","Steam Power+1","Coolheaded+1","Leap+1","Rebound"],"special_seed":0,"relics":["Cracked Core","Orichalcum","Cables","Strawberry","Smiling Mask","Girya","Omamori","Toxic Egg 2","Astrolabe","Blood Vial"],"potions_floor_usage":[25],"damage_taken":[{"damage":0.0,"enemies":"2 Louse","floor":1.0,"turns":1.0},{"damage":2.0,"enemies":"Jaw Worm","floor":2.0,"turns":3.0},{"damage":2.0,"enemies":"Cultist","floor":5.0,"turns":2.0},{"damage":16.0,"enemies":"3 Sentries","floor":7.0,"turns":4.0},{"damage":5.0,"enemies":"Looter","floor":8.0,"turns":2.0},{"damage":4.0,"enemies":"Gremlin Nob","floor":11.0,"turns":3.0},{"damage":25.0,"enemies":"3 Sentries","floor":14.0,"turns":7.0},{"damage":16.0,"enemies":"Hexaghost","floor":16.0,"turns":8.0},{"damage":30,"enemies":"3 Byrds","floor":18,"turns":5},{"damage":20,"enemies":"Chosen","floor":21,"turns":6},{"damage":7,"enemies":"Sentry and Sphere","floor":22,"turns":4},{"damage":8,"enemies":"Centurion and Healer","floor":24,"turns":12},{"damage":13,"enemies":"Colosseum Slavers","floor":25,"turns":4},{"damage":12,"enemies":"Gremlin Leader","floor":27,"turns":2}],"seed_played":"-6441166432296634603","potions_obtained":[{"floor":4.0,"key":"SkillPotion"},{"floor":4.0,"key":"FairyPotion"},{"floor":7.0,"key":"Dexterity Potion"},{"floor":14.0,"key":"FocusPotion"},{"floor":16.0,"key":"Weak Potion"},{"floor":21,"key":"Strength Potion"}],"is_trial":false,"path_per_floor":["M","M","?","?","M","R","E","M","T","R","E","$","?","E","R","B",null,"M","$","?","M","M","R","M","?","T","E"],"character_chosen":"DEFECT","items_purchased":["FTL","Omamori","Leap+1"],"campfire_rested":1,"item_purchase_floors":[12,12,19],"current_hp_per_floor":[64,62,62,62,60,60,51,46,46,46,42,42,61,36,36,20,64,34,34,34,14,7,30,22,9,9,0],"gold":410,"neow_bonus":"RANDOM_COMMON_RELIC","is_prod":false,"is_daily":false,"chose_seed":false,"campfire_upgraded":3,"win_rate":0,"timestamp":1554835496,"path_taken":["M","M","?","?","?","R","E","M","T","R","E","$","?","E","R","BOSS","M","$","?","M","?","R","M","?","T","E"],"build_version":"2019-01-23","purchased_purges":1,"victory":false,"max_hp_per_floor":[71,71,71,71,71,71,78,78,78,78,78,78,78,78,78,78,78,78,78,78,78,78,78,78,78,78,78],"card_choices":[{"not_picked":["Rebound","Genetic Algorithm"],"picked":"FTL","floor":1.0},{"not_picked":["Sweeping Beam","Redo"],"picked":"Sunder","floor":2.0},{"not_picked":["Leap","Gash"],"picked":"Creative AI","floor":5.0},{"not_picked":["Coolheaded","Blizzard"],"picked":"Fusion","floor":7.0},{"not_picked":["Rebound","BootSequence"],"picked":"Go for the Eyes","floor":8.0},{"not_picked":["Ball Lightning","Barrage"],"picked":"Conserve Battery","floor":11.0},{"not_picked":["Heatsinks","Force Field"],"picked":"Fission","floor":14.0},{"not_picked":["Machine Learning","Thunder Strike"],"picked":"Echo Form","floor":16.0},{"not_picked":["BootSequence+1","Genetic Algorithm+1"],"picked":"Coolheaded+1","floor":18},{"not_picked":["Beam Cell","Streamline"],"picked":"Rebound","floor":21},{"not_picked":["Tempest+1","Scrape","Barrage+1"],"picked":"SKIP","floor":22},{"not_picked":["Barrage","Doom and Gloom","Steam+1"],"picked":"SKIP","floor":24}],"player_experience":523701,"relics_obtained":[{"floor":7.0,"key":"Strawberry"},{"floor":9.0,"key":"Smiling Mask"},{"floor":11.0,"key":"Girya"},{"floor":14.0,"key":"Toxic Egg 2"},{"floor":26,"key":"Blood Vial"}],"event_choices":[{"damage_healed":0.0,"max_hp_gain":0.0,"max_hp_loss":0.0,"gold_gain":0.0,"event_name":"Big Fish","player_choice":"Box","floor":3.0,"gold_loss":0.0,"damage_taken":0.0,"relics_obtained":["Cables"],"cards_obtained":["Regret"]},{"damage_healed":0.0,"max_hp_gain":0.0,"max_hp_loss":0.0,"gold_gain":0.0,"event_name":"Lab","player_choice":"Got Potions","floor":4.0,"gold_loss":0.0,"damage_taken":0.0},{"damage_healed":19.0,"max_hp_gain":0.0,"max_hp_loss":0.0,"gold_gain":0.0,"event_name":"Mushrooms","player_choice":"Healed and dodged fight","floor":13.0,"gold_loss":0.0,"damage_taken":0.0,"cards_obtained":["Parasite"]},{"damage_healed":0,"gold_gain":275,"player_choice":"Desecrate","damage_taken":0,"max_hp_gain":0,"max_hp_loss":0,"event_name":"Golden Shrine","floor":20,"gold_loss":0,"cards_obtained":["Regret"]},{"damage_healed":0,"gold_gain":0,"player_choice":"Fight","damage_taken":0,"max_hp_gain":0,"max_hp_loss":0,"event_name":"Colosseum","floor":25,"gold_loss":0},{"damage_healed":0,"gold_gain":0,"player_choice":"Fled From Nobs","damage_taken":0,"max_hp_gain":0,"max_hp_loss":0,"event_name":"Colosseum","floor":25,"gold_loss":0}],"is_beta":false,"boss_relics":[{"not_picked":["Coffee Dripper","Pandora\u0027s Box"],"picked":"Astrolabe"}],"items_purged_floors":[12],"is_endless":false,"potions_floor_spawned":[5,7,11,14,16,21,24],"killed_by":"Gremlin Leader","ascension_level":19}