{"gold_per_floor":[216,366,376,376,0,0,35,35,35,35,35,53,71,88,88,165,165,175,192,205,222,222,222,255,268,268,268],"floor_reached":27,"playtime":1072,"items_purged":["Doubt"],"score":470,"play_id":"d60e1232-5e46-4de8-945e-a833b2a5c39f","local_time":"20190315101039","is_ascension_mode":true,"campfire_choices":[{"data":"Bash","floor":6,"key":"SMITH"},{"data":"Anger","floor":11,"key":"SMITH"},{"data":"Inflame","floor":15,"key":"SMITH"},{"floor":23,"key":"REST"}],"neow_cost":"NONE","seed_source_timestamp":709871510118703,"circlet_count":0,"master_deck":["AscendersBane","Strike_R","Strike_R","Strike_R","Strike_R","Defend_R","Defend_R","Defend_R","Defend_R","Bash+1","Sword Boomerang","True Grit","Seeing Red","Anger+1","Inflame+1","Shrug It Off","Feed","Battle Trance","Clothesline+1","Battle Trance","Intimidate"],"relics":["Burning Blood","Centennial Puzzle","Pen Nib","Darkstone Periapt","Dodecahedron","Potion Belt","Sozu","Bird Faced Urn","Shuriken"],"potions_floor_usage":[7,14,16,16,16,19,21,24],"damage_taken":[{"damage":2,"enemies":"2 Louse","floor":1,"turns":3},{"damage":12,"enemies":"Jaw Worm","floor":3,"turns":2},{"damage":16,"enemies":"3 Sentries","floor":7,"turns":15},{"damage":7,"enemies":"Small Slimes","floor":12,"turns":3},{"damage":2,"enemies":"Exordium Thugs","floor":13,"turns":3},{"damage":8,"enemies":"Gremlin Gang","floor":14,"turns":4},{"damage":16,"enemies":"Slime Boss","floor":16,"turns":6},{"damage":24,"enemies":"Shell Parasite","floor":18,"turns":5},{"damage":18,"enemies":"2 Thieves","floor":19,"turns":4},{"damage":19,"enemies":"Centurion and Healer","floor":20,"turns":5},{"damage":6,"enemies":"Snake Plant","floor":21,"turns":3},{"damage":17,"enemies":"Gremlin Leader","floor":24,"turns":4},{"damage":32,"enemies":"Snecko","floor":25,"turns":6},{"damage":37,"enemies":"Sentry and Sphere","floor":27,"turns":4}],"seed_played":"-6147919692928527046","potions_obtained":[{"floor":3,"key":"PowerPotion"},{"floor":12,"key":"SteroidPotion"},{"floor":13,"key":"Weak Potion"},{"floor":14,"key":"EntropicBrew"},{"floor":16,"key":"Block Potion"}],"is_trial":false,"path_per_floor":["M","?","M","?","$","R","E","T","T","?","R","M","M","M","R","B",null,"M","M","M","M","?","R","E","M","T","M"],"character_chosen":"IRONCLAD","items_purchased":["Pen Nib","Seeing Red","FearPotion"],"campfire_rested":1,"item_purchase_floors":[5,5,5],"current_hp_per_floor":[72,72,66,55,55,55,45,45,45,45,45,44,48,46,46,36,65,50,41,31,34,34,60,49,28,28,0],"gold":268,"neow_bonus":"HUNDRED_GOLD","is_prod":false,"is_daily":false,"chose_seed":false,"campfire_upgraded":3,"win_rate":0,"timestamp":1552612239,"path_taken":["M","?","M","?","$","R","E","?","T","?","R","M","?","M","R","BOSS","M","M","M","?","?","R","E","M","T","M"],"build_version":"2019-01-23","purchased_purges":1,"victory":false,"max_hp_per_floor":[75,75,75,75,75,75,75,75,75,75,75,75,75,75,75,75,75,78,81,84,87,87,87,87,90,90,93],"card_choices":[{"not_picked":["Havoc","Warcry"],"picked":"Sword Boomerang","floor":1},{"not_picked":["Warcry","Cleave"],"picked":"True Grit","floor":3},{"not_picked":["Bloodletting","Thunderclap"],"picked":"Anger","floor":7},{"not_picked":["Thunderclap","True Grit","Wild Strike"],"picked":"SKIP","floor":12},{"not_picked":["Burning Pact","Warcry"],"picked":"Inflame","floor":13},{"not_picked":["Disarm","Second Wind"],"picked":"Shrug It Off","floor":14},{"not_picked":["Demon Form","Dark Embrace"],"picked":"Feed","floor":16},{"not_picked":["Pommel Strike","Flex","Corruption"],"picked":"SKIP","floor":18},{"not_picked":["Power Through","Thunderclap","Perfected Strike"],"picked":"SKIP","floor":19},{"not_picked":["Shrug It Off","Perfected Strike"],"picked":"Battle Trance","floor":20},{"not_picked":["Pummel","Sword Boomerang"],"picked":"Clothesline","floor":21},{"not_picked":["Havoc","Hemokinesis"],"picked":"Battle Trance","floor":24},{"not_picked":["Entrench","Perfected Strike"],"picked":"Intimidate","floor":25}],"player_experience":703000,"relics_obtained":[{"floor":7,"key":"Darkstone Periapt"},{"floor":8,"key":"Dodecahedron"},{"floor":9,"key":"Potion Belt"},{"floor":24,"key":"Bird Faced Urn"},{"floor":26,"key":"Shuriken"}],"event_choices":[{"damage_healed":0,"gold_gain":150,"player_choice":"AGREE","damage_taken":0,"max_hp_gain":0,"max_hp_loss":0,"event_name":"Liars Game","floor":2,"gold_loss":0,"cards_obtained":["Doubt"]},{"damage_healed":0,"gold_gain":0,"player_choice":"Success","damage_taken":11,"relics_obtained":["Centennial Puzzle"],"max_hp_gain":0,"max_hp_loss":0,"event_name":"Scrap Ooze","floor":4,"gold_loss":0},{"cards_removed":["Strike_R"],"damage_healed":0,"gold_gain":0,"player_choice":"Purged","damage_taken":0,"max_hp_gain":0,"max_hp_loss":0,"event_name":"Purifier","floor":10,"gold_loss":0},{"damage_healed":0,"gold_gain":0,"player_choice":"Forge","damage_taken":0,"max_hp_gain":0,"max_hp_loss":0,"event_name":"Accursed Blacksmith","floor":22,"gold_loss":0,"cards_upgraded":["Clothesline"]}],"is_beta":false,"boss_relics":[{"not_picked":["Astrolabe","Tiny House"],"picked":"Sozu"}],"items_purged_floors":[5],"is_endless":false,"potions_floor_spawned":[3,12,13,14,16,20,21,24],"killed_by":"Sentry and Sphere","ascension_level":20}