{"gold_per_floor":[112,127,127,127,146,146,185,165,165,189,189,225,225,238,238,361,361,376,396,396],"floor_reached":20,"playtime":1120,"items_purged":[],"score":285,"play_id":"ae93b649-f0bc-4a44-87b1-be615bd2a315","local_time":"20190424131500","is_ascension_mode":true,"campfire_choices":[{"data":"Neutralize","floor":6,"key":"SMITH"},{"data":"Footwork","floor":11,"key":"SMITH"},{"data":"Envenom","floor":13,"key":"SMITH"},{"data":"Cloak And Dagger","floor":15,"key":"SMITH"}],"neow_cost":"NONE","seed_source_timestamp":50673666065559,"circlet_count":0,"master_deck":["AscendersBane","Defend_G","Defend_G","Defend_G","Defend_G","Defend_G","Strike_G","Strike_G","Strike_G","Strike_G","Strike_G","Survivor","Neutralize+1","Deadly Poison","Footwork+1","Poisoned Stab","Envenom+1","Cloak And Dagger+1","Die Die Die","Regret","Normality","Decay","Deflect"],"relics":["Ring of the Snake","NeowsBlessing","Golden Idol","Du-Vu Doll","Art of War","Bottled Tornado","Dream Catcher","Calling Bell","Regal Pillow","Pear","Ginger"],"potions_floor_usage":[16],"damage_taken":[{"damage":0,"enemies":"Cultist","floor":1,"turns":1},{"damage":0,"enemies":"2 Louse","floor":2,"turns":1},{"damage":0,"enemies":"Jaw Worm","floor":5,"turns":1},{"damage":32,"enemies":"Gremlin Nob","floor":7,"turns":5},{"damage":0,"enemies":"Red Slaver","floor":10,"turns":4},{"damage":3,"enemies":"Lagavulin","floor":12,"turns":9},{"damage":1,"enemies":"2 Fungi Beasts","floor":14,"turns":3},{"damage":6,"enemies":"The Guardian","floor":16,"turns":12},{"damage":19,"enemies":"2 Thieves","floor":18,"turns":4},{"damage":21,"enemies":"Shell Parasite","floor":19,"turns":6},{"damage":34,"enemies":"Cultist and Chosen","floor":20,"turns":5}],"seed_played":"-5783333877632419809","potions_obtained":[{"floor":7,"key":"Poison Potion"},{"floor":8,"key":"Fire Potion"},{"floor":12,"key":"SpeedPotion"},{"floor":19,"key":"Poison Potion"}],"is_trial":false,"path_per_floor":["M","M","?","?","M","R","E","?","T","M","R","E","R","M","R","B",null,"M","M","M"],"character_chosen":"THE_SILENT","items_purchased":[],"campfire_rested":0,"item_purchase_floors":[],"current_hp_per_floor":[63,63,63,63,63,63,31,31,31,31,31,28,28,27,27,21,64,45,24,0],"gold":396,"neow_bonus":"THREE_ENEMY_KILL","is_prod":false,"is_daily":false,"chose_seed":false,"campfire_upgraded":4,"win_rate":0,"timestamp":1556104500,"path_taken":["M","M","?","?","?","R","E","?","T","M","R","E","R","M","R","BOSS","M","M","M"],"build_version":"2019-01-23","purchased_purges":0,"victory":false,"max_hp_per_floor":[70,70,65,65,65,65,65,65,65,65,65,65,65,65,65,65,75,75,75,75],"card_choices":[{"not_picked":["Sucker Punch","Backflip","Underhanded Strike"],"picked":"SKIP","floor":1},{"not_picked":["Heel Hook","Blade Dance"],"picked":"Bouncing Flask","floor":2},{"not_picked":["Outmaneuver","Tactician"],"picked":"Deadly Poison","floor":5},{"not_picked":["Outmaneuver","Flying Knee"],"picked":"Footwork","floor":7},{"not_picked":["PiercingWail","Dodge and Roll"],"picked":"Poisoned Stab","floor":10},{"not_picked":["Quick Slash","Heel Hook"],"picked":"Envenom","floor":12},{"not_picked":["Quick Slash","Reflex"],"picked":"Cloak And Dagger","floor":14},{"not_picked":["Doppelganger","Night Terror"],"picked":"Die Die Die","floor":16},{"not_picked":["Sucker Punch","Dagger Spray","Flying Knee"],"picked":"SKIP","floor":18},{"not_picked":["Dagger Throw","Underhanded Strike"],"picked":"Deflect","floor":19}],"player_experience":478470,"relics_obtained":[{"floor":7,"key":"Art of War"},{"floor":9,"key":"Bottled Tornado"},{"floor":12,"key":"Dream Catcher"},{"floor":17,"key":"Regal Pillow"},{"floor":17,"key":"Pear"},{"floor":17,"key":"Ginger"}],"event_choices":[{"damage_healed":0,"gold_gain":0,"player_choice":"Lose Max HP","damage_taken":0,"relics_obtained":["Golden Idol"],"max_hp_gain":0,"max_hp_loss":5,"event_name":"Golden Idol","floor":3,"gold_loss":0},{"cards_removed":["Bouncing Flask"],"damage_healed":0,"gold_gain":0,"player_choice":"Gave Card","damage_taken":0,"relics_obtained":["Du-Vu Doll"],"max_hp_gain":0,"max_hp_loss":0,"event_name":"WeMeetAgain","floor":4,"gold_loss":0},{"damage_healed":0,"gold_gain":0,"player_choice":"Bought 1 Potion","damage_taken":0,"max_hp_gain":0,"max_hp_loss":0,"event_name":"The Woman in Blue","floor":8,"gold_loss":0}],"is_beta":false,"boss_relics":[{"not_picked":["Busted Crown","Black Star"],"picked":"Calling Bell"}],"items_purged_floors":[],"is_endless":false,"potions_floor_spawned":[7,12,14,19],"killed_by":"Cultist and Chosen","ascension_level":11}