{"gold_per_floor":[18,33,33,33,52,85,105,128,128,128,159,159,7,7,7,135,135,155,169,94,94,115,155,176,192,216,229,264,264,264,284,284,284],"floor_reached":33,"playtime":1574,"items_purged":["Strike_R"],"score":324,"play_id":"09b45f8b-369c-409a-aebd-af499e29e871","local_time":"20190508220921","is_ascension_mode":false,"campfire_choices":[{"data":"Armaments","floor":10,"key":"SMITH"},{"data":"Spot Weakness","floor":15,"key":"SMITH"},{"floor":30,"key":"REST"},{"data":"Rampage","floor":32,"key":"SMITH"}],"neow_cost":"NO_GOLD","seed_source_timestamp":182279244019466,"circlet_count":0,"master_deck":["Strike_R","Strike_R","Strike_R","Defend_R","Defend_R","Defend_R","Defend_R","Bash","Armaments+1","Clothesline","Carnage","Feel No Pain","Thunderclap","True Grit+1","Spot Weakness+1","Brutality","Iron Wave+1","Twin Strike+1","Rampage+1","Shrug It Off+1"],"relics":["Burning Blood","Golden Idol","Omamori","Orichalcum","Juzu Bracelet","Centennial Puzzle","NlothsMask","Sozu","Frozen Egg 2","Anchor"],"potions_floor_usage":[6,11,16],"damage_taken":[{"damage":2,"enemies":"Small Slimes","floor":1,"turns":4},{"damage":10,"enemies":"Jaw Worm","floor":2,"turns":4},{"damage":1,"enemies":"Cultist","floor":5,"turns":3},{"damage":19,"enemies":"Gremlin Nob","floor":6,"turns":4},{"damage":9,"enemies":"Exordium Thugs","floor":7,"turns":5},{"damage":14,"enemies":"Lots of Slimes","floor":8,"turns":4},{"damage":12,"enemies":"3 Sentries","floor":11,"turns":8},{"damage":13,"enemies":"Hexaghost","floor":16,"turns":9},{"damage":31,"enemies":"Chosen","floor":18,"turns":7},{"damage":15,"enemies":"3 Byrds","floor":19,"turns":5},{"damage":14,"enemies":"3 Cultists","floor":22,"turns":5},{"damage":34,"enemies":"Slavers","floor":23,"turns":6},{"damage":0,"enemies":"Centurion and Healer","floor":24,"turns":6},{"damage":5,"enemies":"Snecko","floor":25,"turns":5},{"damage":8,"enemies":"Snake Plant","floor":27,"turns":4},{"damage":22,"enemies":"Book of Stabbing","floor":28,"turns":6},{"damage":5,"enemies":"Cultist and Chosen","floor":31,"turns":6},{"damage":66,"enemies":"Automaton","floor":33,"turns":6}],"seed_played":"3454006197665899332","potions_obtained":[{"floor":5,"key":"Poison Potion"},{"floor":6,"key":"EssenceOfSteel"},{"floor":7,"key":"EssenceOfSteel"}],"is_trial":false,"path_per_floor":["M","M","?","?","M","E","M","M","T","R","E","?","$","?","R","B",null,"M","M","$","?","M","E","M","M","T","M","E","?","R","M","R","B"],"character_chosen":"IRONCLAD","items_purchased":["Centennial Puzzle"],"campfire_rested":1,"item_purchase_floors":[13],"current_hp_per_floor":[96,92,97,72,77,64,61,53,53,53,47,47,47,47,47,40,101,76,67,67,67,59,31,37,38,38,36,20,20,50,51,51,0],"gold":284,"neow_bonus":"TWENTY_PERCENT_HP_BONUS","is_prod":false,"is_daily":false,"chose_seed":false,"campfire_upgraded":3,"win_rate":0,"timestamp":1557367761,"path_taken":["M","M","?","?","M","E","M","M","T","R","E","?","$","?","R","BOSS","M","M","$","?","M","E","M","M","T","M","E","?","R","M","R","BOSS"],"build_version":"2019-01-23","purchased_purges":1,"victory":false,"max_hp_per_floor":[96,96,101,101,101,101,101,101,101,101,101,101,101,101,101,101,101,101,101,101,101,101,101,101,101,101,101,101,101,101,101,101,101],"card_choices":[{"not_picked":["Combust","Wild Strike"],"picked":"Armaments","floor":1},{"not_picked":["Thunderclap","True Grit"],"picked":"Clothesline","floor":2},{"not_picked":["Twin Strike","Body Slam"],"picked":"Carnage","floor":5},{"not_picked":["Sever Soul","Warcry"],"picked":"Feel No Pain","floor":6},{"not_picked":["Sword Boomerang","Seeing Red"],"picked":"Thunderclap","floor":7},{"not_picked":["Rage","Sever Soul"],"picked":"True Grit","floor":8},{"not_picked":["Sword Boomerang","Berserk"],"picked":"Spot Weakness","floor":11},{"not_picked":["Double Tap","Impervious"],"picked":"Brutality","floor":16},{"not_picked":["Wild Strike","Clothesline"],"picked":"Iron Wave+1","floor":18},{"not_picked":["Havoc","Wild Strike"],"picked":"Twin Strike+1","floor":19},{"not_picked":["Reckless Charge","Havoc+1","Armaments"],"picked":"SKIP","floor":22},{"not_picked":["Bloodletting","Double Tap","Wild Strike"],"picked":"SKIP","floor":23},{"not_picked":["Blood for Blood","Headbutt","Twin Strike"],"picked":"SKIP","floor":24},{"not_picked":["Clash","Armaments","Pummel"],"picked":"SKIP","floor":25},{"not_picked":["Dropkick","Dual Wield+1"],"picked":"Rampage","floor":27},{"not_picked":["Thunderclap","Ghostly Armor+1"],"picked":"Shrug It Off+1","floor":28},{"not_picked":["Warcry","Second Wind","Havoc"],"picked":"SKIP","floor":31}],"player_experience":110665,"relics_obtained":[{"floor":6,"key":"Omamori"},{"floor":9,"key":"Orichalcum"},{"floor":11,"key":"Juzu Bracelet"},{"floor":23,"key":"Frozen Egg 2"},{"floor":28,"key":"Anchor"}],"event_choices":[{"damage_healed":0,"gold_gain":0,"player_choice":"Donut","damage_taken":0,"max_hp_gain":5,"max_hp_loss":0,"event_name":"Big Fish","floor":3,"gold_loss":0},{"damage_healed":0,"gold_gain":0,"player_choice":"Take Damage","damage_taken":25,"relics_obtained":["Golden Idol"],"max_hp_gain":0,"max_hp_loss":0,"event_name":"Golden Idol","floor":4,"gold_loss":0},{"damage_healed":0,"gold_gain":0,"player_choice":"Leave","damage_taken":0,"max_hp_gain":0,"max_hp_loss":0,"event_name":"The Cleric","floor":12,"gold_loss":0},{"damage_healed":0,"gold_gain":0,"player_choice":"Trade","damage_taken":0,"relics_obtained":["NlothsMask"],"max_hp_gain":0,"max_hp_loss":0,"event_name":"FaceTrader","floor":14,"gold_loss":0},{"cards_removed":["Strike_R"],"damage_healed":0,"gold_gain":0,"player_choice":"Purged","damage_taken":0,"max_hp_gain":0,"max_hp_loss":0,"event_name":"Purifier","floor":21,"gold_loss":0},{"damage_healed":0,"gold_gain":0,"player_choice":"Upgraded","damage_taken":0,"max_hp_gain":0,"max_hp_loss":0,"event_name":"Upgrade Shrine","floor":29,"gold_loss":0,"cards_upgraded":["True Grit"]}],"is_beta":false,"boss_relics":[{"not_picked":["Runic Cube","Astrolabe"],"picked":"Sozu"}],"items_purged_floors":[20],"is_endless":false,"potions_floor_spawned":[5,6,7,19,23,27,28],"killed_by":"Automaton","ascension_level":0}