{"path_per_floor":["M","$","?","?","M","E","R","?","T","?","?","E","R","M","R"],"character_chosen":"IRONCLAD","items_purchased":["Fire Breathing","Pommel Strike"],"gold_per_floor":[116,35,35,35,53,87,87,87,132,132,132,161,161,179,179,179],"floor_reached":16,"campfire_rested":2,"playtime":1453,"item_purchase_floors":[2,2],"current_hp_per_floor":[78,78,78,78,80,51,75,75,75,68,68,48,72,76,76,0],"items_purged":[],"gold":179,"score":106,"play_id":"bd033274-e550-4951-8005-faf52baacdf4","local_time":"20180526092232","is_prod":false,"is_daily":false,"chose_seed":false,"is_ascension_mode":false,"campfire_upgraded":1,"win_rate":0.0,"timestamp":1527344552,"campfire_choices":[{"floor":7,"key":"REST"},{"floor":13,"key":"REST"},{"data":"Cleave","floor":15,"key":"SMITH"}],"path_taken":["M","$","?","?","M","E","R","?","T","?","?","E","R","M","R","BOSS"],"build_version":"2018-05-24","seed_source_timestamp":0,"purchased_purges":0,"victory":false,"master_deck":["Strike_R","Strike_R","Strike_R","Strike_R","Strike_R","Defend_R","Defend_R","Defend_R","Defend_R","Bash","Carnage","Fire Breathing+1","Pommel Strike","Carnage","Cleave+1","Battle Trance","Fire Breathing+1"],"max_hp_per_floor":[80,80,80,80,80,80,80,80,80,80,80,80,80,80,80,80],"relics":["Burning Blood","Juzu Bracelet","Frozen Egg 2","Bag of Marbles","Bottled Lightning"],"card_choices":[{"not_picked":["Anger","Clash"],"picked":"Carnage","floor":1},{"not_picked":["Warcry","Flex"],"picked":"Carnage","floor":5},{"not_picked":["Iron Wave","Armaments"],"picked":"Cleave","floor":6},{"not_picked":["Flex","Pommel Strike"],"picked":"Battle Trance","floor":12},{"not_picked":["Pommel Strike","Rage"],"picked":"Fire Breathing+1","floor":14}],"player_experience":190,"potions_floor_usage":[12,16],"damage_taken":[{"damage":8,"enemies":"Jaw Worm","floor":1,"turns":4},{"damage":2,"enemies":"2 Louse","floor":5,"turns":2},{"damage":35,"enemies":"3 Sentries","floor":6,"turns":8},{"damage":26,"enemies":"Lagavulin","floor":12,"turns":4},{"damage":2,"enemies":"Small Slimes","floor":14,"turns":2},{"damage":94,"enemies":"The Guardian","floor":16,"turns":10}],"relics_obtained":[{"floor":6,"key":"Frozen Egg 2"},{"floor":9,"key":"Bag of Marbles"},{"floor":12,"key":"Bottled Lightning"}],"event_choices":[{"event_name":"Big Fish","player_choice":"Box","floor":3,"damage_taken":0},{"event_name":"The Lab","player_choice":"Got Potions","floor":4,"damage_taken":0},{"event_name":"Living Wall","player_choice":"Grow","floor":8,"damage_taken":0},{"event_name":"Golden Wing","player_choice":"Card Removal","floor":10,"damage_taken":0},{"event_name":"The Cleric","player_choice":"Leave","floor":11,"damage_taken":0}],"boss_relics":[],"items_purged_floors":[],"potions_floor_spawned":[5],"seed_played":"5785551286958017657","killed_by":"The Guardian","ascension_level":0,"potions_obtained":[{"floor":4,"key":"Explosive Potion"},{"floor":4,"key":"Fire Potion"},{"floor":4,"key":"FearPotion"},{"floor":5,"key":"BloodPotion"}],"is_trial":false}