{"gold_per_floor":[117,117,132,0,0,31,52,52,79,79,79,98,98,129,129,129],"floor_reached":16,"playtime":399,"items_purged":[],"score":266,"play_id":"47862fdc-b177-4621-8921-0c7f4b3bcad5","local_time":"20190416174738","is_ascension_mode":true,"campfire_choices":[{"data":"All Out Attack","floor":8,"key":"SMITH"},{"data":"Neutralize","floor":11,"key":"SMITH"},{"data":"Leg Sweep","floor":13,"key":"SMITH"},{"data":"Footwork","floor":15,"key":"SMITH"}],"neow_cost":"NONE","seed_source_timestamp":1588683158261836,"circlet_count":0,"master_deck":["AscendersBane","Defend_G","Defend_G","Defend_G","Defend_G","Defend_G","Strike_G","Strike_G","Strike_G","Survivor","Neutralize+1","All Out Attack+1","Leg Sweep+1","Footwork+1","Poisoned Stab","Escape Plan"],"relics":["Ring of the Snake","NeowsBlessing","Golden Idol","Snake Skull","Juzu Bracelet","Blue Candle"],"potions_floor_usage":[14,16],"damage_taken":[{"damage":0,"enemies":"Jaw Worm","floor":1,"turns":1},{"damage":0,"enemies":"2 Louse","floor":3,"turns":1},{"damage":0,"enemies":"Lagavulin","floor":6,"turns":1},{"damage":2,"enemies":"Cultist","floor":7,"turns":5},{"damage":9,"enemies":"Exordium Wildlife","floor":12,"turns":8},{"damage":11,"enemies":"Gremlin Nob","floor":14,"turns":4},{"damage":47,"enemies":"Slime Boss","floor":16,"turns":9}],"seed_played":"7219115819988926626","potions_obtained":[{"floor":3,"key":"Explosive Potion"},{"floor":12,"key":"GhostInAJar"}],"is_trial":false,"path_per_floor":["M","?","M","$","?","E","M","R","T","?","R","M","R","E","R","B"],"character_chosen":"THE_SILENT","items_purchased":["Leg Sweep","Strength Potion"],"campfire_rested":0,"item_purchase_floors":[4,4],"current_hp_per_floor":[59,59,59,59,59,59,57,57,57,50,50,41,41,30,30,0],"gold":129,"neow_bonus":"THREE_ENEMY_KILL","is_prod":false,"is_daily":false,"chose_seed":false,"campfire_upgraded":4,"win_rate":0,"timestamp":1555404458,"path_taken":["M","?","M","$","?","E","M","R","T","?","R","M","R","E","R","BOSS"],"build_version":"2019-01-23","purchased_purges":0,"victory":false,"max_hp_per_floor":[66,60,60,60,60,60,60,60,60,60,60,60,60,60,60,60],"card_choices":[{"not_picked":["Bane","Noxious Fumes"],"picked":"All Out Attack","floor":1},{"not_picked":["Underhanded Strike","Outmaneuver","Blade Dance"],"picked":"SKIP","floor":3},{"not_picked":["Eviscerate","Concentrate","Catalyst"],"picked":"SKIP","floor":6},{"not_picked":["Leg Sweep","Underhanded Strike"],"picked":"Footwork","floor":7},{"not_picked":["Caltrops","Dodge and Roll"],"picked":"Poisoned Stab","floor":12},{"not_picked":["Grand Finale","Concentrate"],"picked":"Escape Plan","floor":14}],"player_experience":949052,"relics_obtained":[{"floor":6,"key":"Snake Skull"},{"floor":9,"key":"Juzu Bracelet"},{"floor":14,"key":"Blue Candle"}],"event_choices":[{"damage_healed":0,"gold_gain":0,"player_choice":"Lose Max HP","damage_taken":0,"relics_obtained":["Golden Idol"],"max_hp_gain":0,"max_hp_loss":6,"event_name":"Golden Idol","floor":2,"gold_loss":0},{"cards_removed":["Strike_G"],"damage_healed":0,"gold_gain":0,"player_choice":"Offered Basic","damage_taken":0,"max_hp_gain":0,"max_hp_loss":0,"event_name":"Bonfire Elementals","floor":5,"gold_loss":0},{"cards_removed":["Strike_G"],"damage_healed":0,"gold_gain":0,"player_choice":"Card Removal","damage_taken":7,"max_hp_gain":0,"max_hp_loss":0,"event_name":"Golden Wing","floor":10,"gold_loss":0}],"is_beta":false,"boss_relics":[],"items_purged_floors":[],"is_endless":false,"potions_floor_spawned":[3,6,7,12],"killed_by":"Slime Boss","ascension_level":20}