{"gold_per_floor":[119,269,269,289,289,289,305,323,323,336,357,357],"floor_reached":12,"playtime":370,"items_purged":[],"score":130,"play_id":"5d8aae69-74f8-4c92-973d-6f4e946eefde","local_time":"20190511195257","is_ascension_mode":true,"campfire_choices":[{"data":"Neutralize","floor":6,"key":"SMITH"}],"neow_cost":"NONE","seed_source_timestamp":16300277385700,"circlet_count":0,"master_deck":["AscendersBane","Defend_G","Defend_G","Defend_G","Defend_G","Defend_G","Strike_G","Strike_G+1","Strike_G","Strike_G","Strike_G","Survivor","Neutralize+1","Deadly Poison+1","Cloak And Dagger","Dagger Spray","Predator","Dagger Throw","Infinite Blades"],"relics":["Ring of the Snake","NeowsBlessing","Sundial","Odd Mushroom"],"potions_floor_usage":[10],"damage_taken":[{"damage":0,"enemies":"Cultist","floor":1,"turns":1},{"damage":0,"enemies":"Small Slimes","floor":4,"turns":1},{"damage":0,"enemies":"2 Louse","floor":7,"turns":1},{"damage":15,"enemies":"Large Slime","floor":8,"turns":7},{"damage":6,"enemies":"Exordium Thugs","floor":10,"turns":4},{"damage":9,"enemies":"The Mushroom Lair","floor":11,"turns":3},{"damage":3,"enemies":"Blue Slaver","floor":12,"turns":2}],"seed_played":"299604590153145996","potions_obtained":[{"floor":1,"key":"Poison Potion"},{"floor":11,"key":"SkillPotion"}],"is_trial":false,"path_per_floor":["M","?","?","M","?","R","M","M","T","M","?","M"],"character_chosen":"THE_SILENT","items_purchased":[],"campfire_rested":0,"item_purchase_floors":[],"current_hp_per_floor":[59,59,52,52,32,32,32,17,17,11,2,0],"gold":357,"neow_bonus":"THREE_ENEMY_KILL","is_prod":false,"is_daily":false,"chose_seed":false,"campfire_upgraded":1,"win_rate":0,"timestamp":1557629577,"path_taken":["M","?","?","M","?","R","M","M","T","M","?","M"],"build_version":"2019-01-23","purchased_purges":0,"victory":false,"max_hp_per_floor":[66,66,66,66,66,66,66,66,66,66,66,66],"card_choices":[{"not_picked":["Riddle With Holes","Setup"],"picked":"Deadly Poison","floor":1},{"not_picked":["Deadly Poison","Quick Slash"],"picked":"Cloak And Dagger","floor":4},{"not_picked":["Terror","Blur"],"picked":"Dagger Spray","floor":7},{"not_picked":["PiercingWail","Masterful Stab"],"picked":"Predator","floor":8},{"not_picked":["Blade Dance","Prepared"],"picked":"Dagger Throw","floor":10},{"not_picked":["Backflip","Bullet Time"],"picked":"Infinite Blades","floor":11}],"player_experience":683232,"relics_obtained":[{"floor":9,"key":"Sundial"},{"floor":11,"key":"Odd Mushroom"}],"event_choices":[{"damage_healed":0,"gold_gain":150,"player_choice":"AGREE","damage_taken":0,"max_hp_gain":0,"max_hp_loss":0,"event_name":"Liars Game","floor":2,"gold_loss":0,"cards_obtained":["Doubt"]},{"cards_removed":["Doubt"],"damage_healed":0,"gold_gain":0,"player_choice":"Card Removal","damage_taken":7,"max_hp_gain":0,"max_hp_loss":0,"event_name":"Golden Wing","floor":3,"gold_loss":0},{"damage_healed":0,"gold_gain":0,"player_choice":"Entered Light","damage_taken":20,"max_hp_gain":0,"max_hp_loss":0,"event_name":"Shining Light","floor":5,"gold_loss":0,"cards_upgraded":["Strike_G","Deadly Poison"]},{"damage_healed":0,"gold_gain":0,"player_choice":"Fought Mushrooms","damage_taken":0,"max_hp_gain":0,"max_hp_loss":0,"event_name":"Mushrooms","floor":11,"gold_loss":0}],"is_beta":false,"boss_relics":[],"items_purged_floors":[],"is_endless":false,"potions_floor_spawned":[1,11],"killed_by":"Blue Slaver","ascension_level":17}