{"gold_per_floor":[119,133,146,166,46,46,76,39,89,109,123,123,141,157,157,254,254,273,285,103,123,223,223,236,267,290,301,301,321,321,71,71,71],"floor_reached":33,"playtime":1994,"items_purged":["Strike_G","Strike_G"],"score":448,"play_id":"91eea777-7e34-42dd-afe1-4a897e7b5818","local_time":"20190429200818","is_ascension_mode":true,"campfire_choices":[{"data":"Neutralize","floor":6,"key":"SMITH"},{"data":"Footwork","floor":12,"key":"SMITH"},{"data":"Dagger Spray","floor":15,"key":"SMITH"},{"data":"Footwork","floor":23,"key":"SMITH"},{"floor":28,"key":"REST"},{"floor":30,"key":"REST"},{"data":"Burst","floor":32,"key":"SMITH"}],"neow_cost":"NONE","seed_source_timestamp":258936501501213,"circlet_count":0,"master_deck":["AscendersBane","Defend_G","Defend_G","Defend_G","Defend_G","Defend_G","Survivor","Neutralize+1","Deadly Poison","Bane","Backflip","Well Laid Plans","Footwork+1","Dagger Spray+1","Burst+1","PiercingWail","Night Terror","A Thousand Cuts+1","Backstab+1","Backstab+1","Deflect+1","Deflect","Footwork+1","Noxious Fumes+1","Crippling Poison+1","Dodge and Roll+1"],"relics":["Ring of the Snake","Pear","Bronze Scales","Astrolabe","Snake Skull","Toxic Egg 2"],"potions_floor_usage":[7,16,16,24,33,33],"damage_taken":[{"damage":6,"enemies":"Cultist","floor":1,"turns":5},{"damage":2,"enemies":"Jaw Worm","floor":2,"turns":5},{"damage":0,"enemies":"2 Louse","floor":3,"turns":2},{"damage":7,"enemies":"Blue Slaver","floor":4,"turns":4},{"damage":16,"enemies":"Lagavulin","floor":7,"turns":6},{"damage":3,"enemies":"Looter","floor":10,"turns":3},{"damage":0,"enemies":"Large Slime","floor":11,"turns":8},{"damage":0,"enemies":"Blue Slaver","floor":13,"turns":4},{"damage":6,"enemies":"Lots of Slimes","floor":14,"turns":3},{"damage":7,"enemies":"The Guardian","floor":16,"turns":13},{"damage":5,"enemies":"2 Thieves","floor":18,"turns":4},{"damage":0,"enemies":"3 Byrds","floor":19,"turns":3},{"damage":21,"enemies":"Centurion and Healer","floor":21,"turns":13},{"damage":7,"enemies":"Snecko","floor":24,"turns":8},{"damage":23,"enemies":"Book of Stabbing","floor":25,"turns":6},{"damage":3,"enemies":"Snake Plant","floor":27,"turns":5},{"damage":21,"enemies":"Shelled Parasite and Fungi","floor":29,"turns":6},{"damage":47,"enemies":"Champ","floor":33,"turns":13}],"seed_played":"-2600960915442050744","potions_obtained":[{"floor":4,"key":"GhostInAJar"},{"floor":10,"key":"EssenceOfSteel"},{"floor":14,"key":"GamblersBrew"},{"floor":16,"key":"Poison Potion"},{"floor":18,"key":"Block Potion"},{"floor":25,"key":"PowerPotion"}],"is_trial":false,"path_per_floor":["M","M","M","M","$","R","E","$","T","M","M","R","M","M","R","B",null,"M","M","$","M","?","R","M","E","T","M","R","M","R","$","R","B"],"character_chosen":"THE_SILENT","items_purchased":["Backflip","Well Laid Plans","Footwork","Toxic Egg 2"],"campfire_rested":2,"item_purchase_floors":[5,8,20,31],"current_hp_per_floor":[64,62,62,55,55,55,49,49,49,46,46,46,46,40,40,33,74,69,69,69,48,48,48,41,18,18,15,41,20,46,46,46,0],"gold":71,"neow_bonus":"TEN_PERCENT_HP_BONUS","is_prod":false,"is_daily":false,"chose_seed":false,"campfire_upgraded":5,"win_rate":0,"timestamp":1556561298,"path_taken":["M","M","M","M","$","R","E","$","T","?","M","R","M","M","R","BOSS","M","M","$","M","?","R","M","E","T","M","R","?","R","$","R","BOSS"],"build_version":"2019-01-23","purchased_purges":2,"victory":false,"max_hp_per_floor":[77,77,77,77,77,77,87,87,87,87,87,87,87,87,87,87,87,87,87,87,87,87,87,87,87,87,87,87,87,87,87,87,87],"card_choices":[{"not_picked":["Deflect","Prepared"],"picked":"Deadly Poison","floor":1},{"not_picked":["Distraction","Acrobatics","Slice"],"picked":"SKIP","floor":2},{"not_picked":["Slice","Prepared"],"picked":"Bane","floor":3},{"not_picked":["Prepared","Outmaneuver","Accuracy"],"picked":"SKIP","floor":4},{"not_picked":["Dagger Throw","Night Terror","Choke"],"picked":"SKIP","floor":7},{"not_picked":["Outmaneuver","Sucker Punch"],"picked":"Footwork","floor":10},{"not_picked":["Blade Dance","Acrobatics"],"picked":"Dagger Spray","floor":11},{"not_picked":["Dagger Throw","Leg Sweep"],"picked":"Burst","floor":13},{"not_picked":["Backflip","Dagger Throw"],"picked":"PiercingWail","floor":14},{"not_picked":["Storm of Steel","Grand Finale"],"picked":"Night Terror","floor":16},{"not_picked":["Dagger Spray","Calculated Gamble"],"picked":"Deflect+1","floor":18},{"not_picked":["Bane+1","Accuracy"],"picked":"Deflect","floor":19},{"not_picked":["PiercingWail","Underhanded Strike","Acrobatics"],"picked":"SKIP","floor":21},{"not_picked":["Footwork+1","Sucker Punch"],"picked":"Noxious Fumes+1","floor":24},{"not_picked":["Prepared+1","Acrobatics","Sucker Punch"],"picked":"SKIP","floor":25},{"not_picked":["Calculated Gamble","Deadly Poison"],"picked":"Crippling Poison+1","floor":27},{"not_picked":["Doppelganger","Cloak And Dagger"],"picked":"Dodge and Roll+1","floor":29}],"player_experience":511961,"relics_obtained":[{"floor":7,"key":"Pear"},{"floor":9,"key":"Bronze Scales"},{"floor":25,"key":"Snake Skull"}],"event_choices":[{"damage_healed":0,"gold_gain":100,"player_choice":"Pray","damage_taken":0,"max_hp_gain":0,"max_hp_loss":0,"event_name":"Golden Shrine","floor":22,"gold_loss":0}],"is_beta":false,"boss_relics":[{"not_picked":["Pandora\u0027s Box","Busted Crown"],"picked":"Astrolabe"}],"items_purged_floors":[5,20],"is_endless":false,"potions_floor_spawned":[4,10,14,16,18,25,27,29],"killed_by":"Champ","ascension_level":11}