{"gold_per_floor":[116,131,10,10,27,56,56,72,125,125,125,140,168,343,343,343],"floor_reached":16,"playtime":707,"items_purged":["Strike_G"],"score":155,"play_id":"787fca68-699f-4c43-9c0a-199a60b57aab","local_time":"20190428205146","is_ascension_mode":true,"campfire_choices":[{"data":"Neutralize","floor":7,"key":"SMITH"},{"floor":11,"key":"REST"},{"floor":15,"key":"REST"}],"neow_cost":"NONE","seed_source_timestamp":176426703988604,"circlet_count":0,"master_deck":["AscendersBane","Defend_G","Defend_G","Defend_G","Defend_G","Defend_G","Strike_G","Strike_G","Strike_G","Survivor","Neutralize+1","Bane","Poisoned Stab","Poisoned Stab","PiercingWail","Backflip","Doubt"],"relics":["Ring of the Snake","Centennial Puzzle","Tiny Chest","Odd Mushroom"],"potions_floor_usage":[6,13,16],"damage_taken":[{"damage":2,"enemies":"Cultist","floor":1,"turns":4},{"damage":7,"enemies":"Small Slimes","floor":2,"turns":5},{"damage":6,"enemies":"2 Louse","floor":5,"turns":2},{"damage":29,"enemies":"Lagavulin","floor":6,"turns":7},{"damage":7,"enemies":"2 Fungi Beasts","floor":8,"turns":3},{"damage":1,"enemies":"Blue Slaver","floor":12,"turns":2},{"damage":23,"enemies":"The Mushroom Lair","floor":13,"turns":7},{"damage":46,"enemies":"Slime Boss","floor":16,"turns":8}],"seed_played":"-1212533015204438110","potions_obtained":[{"floor":1,"key":"SpeedPotion"},{"floor":8,"key":"PowerPotion"},{"floor":13,"key":"AttackPotion"}],"is_trial":false,"path_per_floor":["M","M","$","?","M","E","R","M","T","?","R","M","?","?","R","B"],"character_chosen":"THE_SILENT","items_purchased":["Poisoned Stab"],"campfire_rested":2,"item_purchase_floors":[3],"current_hp_per_floor":[68,61,61,66,60,31,31,24,24,17,41,40,17,17,41,0],"gold":343,"neow_bonus":"TEN_PERCENT_HP_BONUS","is_prod":false,"is_daily":false,"chose_seed":false,"campfire_upgraded":1,"win_rate":0,"timestamp":1556477506,"path_taken":["M","M","$","?","M","E","R","M","T","?","R","M","?","?","R","BOSS"],"build_version":"2019-01-23","purchased_purges":1,"victory":false,"max_hp_per_floor":[77,77,77,82,82,82,82,82,82,82,82,82,82,82,82,82],"card_choices":[{"not_picked":["Dodge and Roll","Accuracy"],"picked":"Bane","floor":1},{"not_picked":["Sucker Punch","Deflect"],"picked":"Poisoned Stab","floor":2},{"not_picked":["Wraith Form v2","Bane","Dagger Throw"],"picked":"SKIP","floor":5},{"not_picked":["Expertise","Dagger Throw","Terror"],"picked":"SKIP","floor":6},{"not_picked":["Slice","All Out Attack"],"picked":"PiercingWail","floor":8},{"not_picked":["Outmaneuver","Deflect"],"picked":"Backflip","floor":12}],"player_experience":504102,"relics_obtained":[{"floor":6,"key":"Centennial Puzzle"},{"floor":9,"key":"Tiny Chest"},{"floor":13,"key":"Odd Mushroom"}],"event_choices":[{"damage_healed":0,"gold_gain":0,"player_choice":"Donut","damage_taken":0,"max_hp_gain":5,"max_hp_loss":0,"event_name":"Big Fish","floor":4,"gold_loss":0},{"cards_removed":["Strike_G"],"damage_healed":0,"gold_gain":0,"player_choice":"Card Removal","damage_taken":7,"max_hp_gain":0,"max_hp_loss":0,"event_name":"Golden Wing","floor":10,"gold_loss":0},{"damage_healed":0,"gold_gain":0,"player_choice":"Fought Mushrooms","damage_taken":0,"max_hp_gain":0,"max_hp_loss":0,"event_name":"Mushrooms","floor":13,"gold_loss":0},{"damage_healed":0,"gold_gain":175,"player_choice":"AGREE","damage_taken":0,"max_hp_gain":0,"max_hp_loss":0,"event_name":"Liars Game","floor":14,"gold_loss":0,"cards_obtained":["Doubt"]}],"is_beta":false,"boss_relics":[],"items_purged_floors":[3],"is_endless":false,"potions_floor_spawned":[1,8,13],"killed_by":"Slime Boss","ascension_level":11}