{"gold_per_floor":[118,118,193,207,226,226,258,258,305,305,332,332,346,356,356,461,461,474,474,474,474,494,494],"floor_reached":23,"playtime":867,"items_purged":[],"score":264,"play_id":"a2d5c59a-1abb-4a2d-9899-3ee4c7b79063","local_time":"20190404103814","is_ascension_mode":true,"campfire_choices":[{"data":"Heavy Blade","floor":6,"key":"SMITH"},{"floor":8,"key":"REST"},{"data":"Inflame","floor":10,"key":"SMITH"},{"data":"Whirlwind","floor":12,"key":"SMITH"},{"floor":15,"key":"REST"}],"neow_cost":"PERCENT_DAMAGE","seed_source_timestamp":906646837172711,"circlet_count":0,"master_deck":["Strike_R","Strike_R","Strike_R","Strike_R","Strike_R+1","Defend_R","Defend_R","Defend_R+1","Defend_R","Bash","Heavy Blade+1","Iron Wave","Pommel Strike","Inflame+1","Whirlwind+1","Iron Wave","Dual Wield","Juggernaut","Shockwave","J.A.X.","Anger+1"],"relics":["Black Blood","Strawberry","Letter Opener","Nloth\u0027s Gift"],"potions_floor_usage":[7,11,16],"damage_taken":[{"damage":0,"enemies":"Small Slimes","floor":1,"turns":3},{"damage":4,"enemies":"Jaw Worm","floor":4,"turns":3},{"damage":1,"enemies":"Cultist","floor":5,"turns":3},{"damage":32,"enemies":"3 Sentries","floor":7,"turns":7},{"damage":30,"enemies":"Lagavulin","floor":11,"turns":8},{"damage":10,"enemies":"Red Slaver","floor":13,"turns":4},{"damage":7,"enemies":"Lots of Slimes","floor":14,"turns":2},{"damage":54,"enemies":"The Guardian","floor":16,"turns":12},{"damage":42,"enemies":"Shell Parasite","floor":18,"turns":8},{"damage":46,"enemies":"Spheric Guardian","floor":22,"turns":6},{"damage":24,"enemies":"Slavers","floor":23,"turns":1}],"seed_played":"-7230060276845634964","potions_obtained":[{"floor":5,"key":"LiquidBronze"},{"floor":7,"key":"Energy Potion"},{"floor":14,"key":"EssenceOfSteel"},{"floor":18,"key":"FearPotion"}],"is_trial":false,"path_per_floor":["M","?","?","M","M","R","E","R","T","R","E","R","M","M","R","B",null,"M","?","?","?","M","E"],"character_chosen":"IRONCLAD","items_purchased":[],"campfire_rested":2,"item_purchase_floors":[],"current_hp_per_floor":[78,59,48,50,55,55,36,66,66,66,42,42,38,37,67,19,103,71,71,50,50,14,0],"gold":494,"neow_bonus":"TWENTY_PERCENT_HP_BONUS","is_prod":false,"is_daily":false,"chose_seed":false,"campfire_upgraded":3,"win_rate":0,"timestamp":1554367094,"path_taken":["M","?","?","M","M","R","E","R","T","R","E","R","M","M","R","BOSS","M","?","?","?","M","E"],"build_version":"2019-01-23","purchased_purges":0,"victory":false,"max_hp_per_floor":[96,96,96,96,96,96,103,103,103,103,103,103,103,103,103,103,103,103,103,108,108,108,108],"card_choices":[{"not_picked":["Warcry","Infernal Blade"],"picked":"Heavy Blade","floor":1},{"not_picked":["Clash","Havoc"],"picked":"Iron Wave","floor":4},{"not_picked":["Seeing Red","Disarm"],"picked":"Pommel Strike","floor":5},{"not_picked":["Immolate","Warcry"],"picked":"Inflame","floor":7},{"not_picked":["Metallicize","Sword Boomerang"],"picked":"Whirlwind","floor":11},{"not_picked":["Uppercut","Wild Strike"],"picked":"Iron Wave","floor":13},{"not_picked":["Clash","Sword Boomerang"],"picked":"Dual Wield","floor":14},{"not_picked":["Reaper","Brutality"],"picked":"Juggernaut","floor":16},{"not_picked":["Perfected Strike","Headbutt"],"picked":"Shockwave","floor":18},{"not_picked":["Shrug It Off","Hemokinesis"],"picked":"Anger+1","floor":22}],"player_experience":430715,"relics_obtained":[{"floor":7,"key":"Strawberry"},{"floor":9,"key":"Smiling Mask"},{"floor":11,"key":"Letter Opener"}],"event_choices":[{"damage_healed":0,"gold_gain":0,"player_choice":"Entered Light","damage_taken":19,"max_hp_gain":0,"max_hp_loss":0,"event_name":"Shining Light","floor":2,"gold_loss":0,"cards_upgraded":["Defend_R","Strike_R"]},{"damage_healed":0,"gold_gain":75,"player_choice":"Gather Gold","damage_taken":11,"max_hp_gain":0,"max_hp_loss":0,"event_name":"World of Goop","floor":3,"gold_loss":0},{"damage_healed":0,"gold_gain":0,"player_choice":"Obtain J.A.X.","damage_taken":0,"max_hp_gain":0,"max_hp_loss":0,"event_name":"Drug Dealer","floor":19,"gold_loss":0,"cards_obtained":["J.A.X."]},{"damage_healed":0,"gold_gain":0,"player_choice":"Shed Blood","damage_taken":26,"max_hp_gain":5,"max_hp_loss":0,"event_name":"Forgotten Altar","floor":20,"gold_loss":0},{"damage_healed":0,"gold_gain":0,"player_choice":"Traded Relic","damage_taken":0,"relics_obtained":["Nloth\u0027s Gift"],"max_hp_gain":0,"max_hp_loss":0,"event_name":"N\u0027loth","floor":21,"relics_lost":["Smiling Mask"],"gold_loss":0}],"is_beta":false,"boss_relics":[{"not_picked":["Snecko Eye","Coffee Dripper"],"picked":"Black Blood"}],"items_purged_floors":[],"is_endless":false,"potions_floor_spawned":[5,7,14,18],"killed_by":"Slavers","ascension_level":4}