{"gold_per_floor":[111,121,131,33,33,33,65,76,99,274,287,137,137,150,150,150],"floor_reached":16,"playtime":815,"items_purged":["Defend_G","Doubt"],"score":153,"play_id":"df885991-8a5e-4750-85ca-e791051f8754","local_time":"20190325121953","is_ascension_mode":true,"campfire_choices":[{"data":"Neutralize","floor":6,"key":"SMITH"},{"floor":15,"key":"REST"}],"neow_cost":"NONE","seed_source_timestamp":52373935340695,"circlet_count":0,"master_deck":["AscendersBane","Defend_G","Defend_G","Defend_G","Defend_G","Strike_G","Strike_G","Strike_G","Strike_G","Strike_G","Survivor","Neutralize+1","Deadly Poison","Backstab","Deflect","Deflect","Deadly Poison","Deflect","Dodge and Roll"],"relics":["Ring of the Snake","Orichalcum","Juzu Bracelet","Bag of Preparation","Oddly Smooth Stone"],"potions_floor_usage":[14,16,16,16],"damage_taken":[{"damage":4,"enemies":"Jaw Worm","floor":1,"turns":6},{"damage":0,"enemies":"Small Slimes","floor":2,"turns":3},{"damage":0,"enemies":"2 Louse","floor":3,"turns":2},{"damage":34,"enemies":"3 Sentries","floor":7,"turns":14},{"damage":6,"enemies":"Looter","floor":8,"turns":4},{"damage":5,"enemies":"Exordium Wildlife","floor":11,"turns":4},{"damage":0,"enemies":"Lots of Slimes","floor":14,"turns":2},{"damage":22,"enemies":"Slime Boss","floor":16,"turns":8}],"seed_played":"-2963120887462312213","potions_obtained":[{"floor":8,"key":"Explosive Potion"},{"floor":11,"key":"LiquidBronze"},{"floor":14,"key":"Explosive Potion"}],"is_trial":false,"path_per_floor":["M","M","M","$","?","R","E","M","T","?","M","$","?","M","R","B"],"character_chosen":"THE_SILENT","items_purchased":["Deflect","Fire Potion"],"campfire_rested":1,"item_purchase_floors":[4,12],"current_hp_per_floor":[59,59,59,59,59,59,25,19,19,19,14,14,7,7,28,6],"gold":150,"neow_bonus":"RANDOM_COMMON_RELIC","is_prod":false,"is_daily":false,"chose_seed":false,"campfire_upgraded":1,"win_rate":0,"timestamp":1553512793,"path_taken":["M","M","M","$","?","R","E","M","T","?","M","$","?","M","R","BOSS"],"build_version":"2019-01-23","purchased_purges":2,"victory":false,"max_hp_per_floor":[70,70,70,70,70,70,70,70,70,70,70,70,70,70,70,70],"card_choices":[{"not_picked":["Poisoned Stab","Quick Slash"],"picked":"Deadly Poison","floor":1},{"not_picked":["Heel Hook","Flying Knee"],"picked":"Backstab","floor":2},{"not_picked":["Catalyst","Cloak And Dagger"],"picked":"Deflect","floor":3},{"not_picked":["Sucker Punch","Quick Slash"],"picked":"Deadly Poison","floor":7},{"not_picked":["Bullet Time","Outmaneuver"],"picked":"Deflect","floor":8},{"not_picked":["Backflip","Poisoned Stab"],"picked":"Dodge and Roll","floor":11},{"not_picked":["Dagger Throw","Cloak And Dagger","Poisoned Stab"],"picked":"SKIP","floor":14}],"player_experience":371859,"relics_obtained":[{"floor":7,"key":"Juzu Bracelet"},{"floor":9,"key":"Bag of Preparation"}],"event_choices":[{"damage_healed":0,"gold_gain":0,"player_choice":"Leave","damage_taken":0,"max_hp_gain":0,"max_hp_loss":0,"event_name":"The Cleric","floor":5,"gold_loss":0},{"damage_healed":0,"gold_gain":175,"player_choice":"AGREE","damage_taken":0,"max_hp_gain":0,"max_hp_loss":0,"event_name":"Liars Game","floor":10,"gold_loss":0,"cards_obtained":["Doubt"]},{"damage_healed":0,"gold_gain":0,"player_choice":"Success","damage_taken":7,"relics_obtained":["Oddly Smooth Stone"],"max_hp_gain":0,"max_hp_loss":0,"event_name":"Scrap Ooze","floor":13,"gold_loss":0}],"is_beta":false,"boss_relics":[],"items_purged_floors":[4,12],"is_endless":false,"potions_floor_spawned":[8,11,14],"killed_by":"Slime Boss","ascension_level":10}