{"gold_per_floor":[11,26,26,26,39,39,75,75,102,102,137,102,123,123,123,214,214,114,114,114,114,38,38,38,38,38,38,38,38,38,38,38,38,38,38,38,38,38,38,38,38,38,38,38,38,8,8,8,8,8,8],"floor_reached":51,"playtime":2182,"items_purged":[],"score":1296,"play_id":"62e794a7-2ea7-4cd4-aa7a-3e6e46a596a4","local_time":"20190325220627","is_ascension_mode":true,"campfire_choices":[{"data":"Neutralize","floor":6.0,"key":"SMITH"},{"floor":8.0,"key":"REST"},{"floor":10.0,"key":"REST"},{"floor":15.0,"key":"REST"},{"floor":23.0,"key":"REST"},{"floor":25.0,"key":"REST"},{"floor":28.0,"key":"REST"},{"floor":32.0,"key":"REST"},{"data":"Wraith Form v2","floor":40.0,"key":"SMITH"},{"floor":44.0,"key":"REST"},{"floor":49.0,"key":"REST"}],"neow_cost":"NO_GOLD","seed_source_timestamp":586475302952948,"circlet_count":0,"master_deck":["AscendersBane","Defend_G","Defend_G","Defend_G","Defend_G","Defend_G","Strike_G","Strike_G","Strike_G","Survivor","Neutralize+1","PiercingWail","Quick Slash","Riddle With Holes","Terror","Deadly Poison+1","Corpse Explosion","Catalyst","Corpse Explosion","Tactician","Catalyst","Prepared","Footwork","Noxious Fumes","Crippling Poison","Wraith Form v2+1","Backflip","Leg Sweep","Cloak And Dagger","Well Laid Plans","Tools of the Trade","Prepared"],"special_seed":0,"relics":["Ring of the Snake","Golden Idol","Lantern","Oddly Smooth Stone","Sundial","Ectoplasm","MawBank","SsserpentHead","Pocketwatch","Cursed Key","Du-Vu Doll"],"potions_floor_usage":[50],"damage_taken":[{"damage":5.0,"enemies":"Jaw Worm","floor":1.0,"turns":7.0},{"damage":0.0,"enemies":"Small Slimes","floor":2.0,"turns":4.0},{"damage":1.0,"enemies":"2 Louse","floor":5.0,"turns":3.0},{"damage":64.0,"enemies":"Lagavulin","floor":7.0,"turns":10.0},{"damage":41.0,"enemies":"Gremlin Nob","floor":11.0,"turns":5.0},{"damage":0.0,"enemies":"Lots of Slimes","floor":13.0,"turns":6.0},{"damage":11.0,"enemies":"Hexaghost","floor":16.0,"turns":9.0},{"damage":14.0,"enemies":"2 Thieves","floor":18.0,"turns":4.0},{"damage":15.0,"enemies":"Shell Parasite","floor":21.0,"turns":3.0},{"damage":22.0,"enemies":"Chosen and Byrds","floor":24.0,"turns":7.0},{"damage":10.0,"enemies":"Centurion and Healer","floor":27.0,"turns":4.0},{"damage":10.0,"enemies":"Snake Plant","floor":29.0,"turns":4.0},{"damage":5.0,"enemies":"Gremlin Leader","floor":31.0,"turns":4.0},{"damage":43.0,"enemies":"Automaton","floor":33.0,"turns":8.0},{"damage":0.0,"enemies":"3 Shapes","floor":35.0,"turns":3.0},{"damage":10.0,"enemies":"Orb Walker","floor":39.0,"turns":5.0},{"damage":7.0,"enemies":"Writhing Mass","floor":41.0,"turns":5.0},{"damage":18.0,"enemies":"Transient","floor":42.0,"turns":6.0},{"damage":4.0,"enemies":"2 Orb Walkers","floor":45.0,"turns":3.0},{"damage":22.0,"enemies":"Sphere and 2 Shapes","floor":48.0,"turns":6.0},{"damage":15,"enemies":"Time Eater","floor":50,"turns":10},{"damage":28,"enemies":"Awakened One","floor":51,"turns":3}],"seed_played":"-6369418336923381548","potions_obtained":[{"floor":5.0,"key":"AttackPotion"},{"floor":11.0,"key":"Strength Potion"},{"floor":27.0,"key":"AttackPotion"},{"floor":29.0,"key":"Fire Potion"},{"floor":31.0,"key":"SkillPotion"},{"floor":35.0,"key":"GamblersBrew"},{"floor":41.0,"key":"PowerPotion"},{"floor":48.0,"key":"Energy Potion"}],"is_trial":false,"path_per_floor":["M","M","?","$","M","R","E","R","T","R","E","?","M","?","R","B",null,"M","?","?","M","$","R","M","R","T","M","R","M","?","E","R","B",null,"M","$","T","?","M","R","M","M","T","R","?","$","?","M","R","B","B"],"character_chosen":"THE_SILENT","items_purchased":["Footwork","Prepared"],"campfire_rested":9,"item_purchase_floors":[22,46],"current_hp_per_floor":[66,66,66,66,65,65,1,22,22,43,2,19,19,19,40,29,61,47,47,47,32,32,53,31,52,52,42,63,53,53,48,69,26,60,60,60,60,60,50,50,43,25,25,46,42,42,42,20,41,26,0],"gold":8,"neow_bonus":"TWENTY_PERCENT_HP_BONUS","is_prod":false,"is_daily":false,"chose_seed":false,"campfire_upgraded":2,"win_rate":0,"timestamp":1553519187,"path_taken":["M","M","?","$","M","R","E","R","T","R","E","?","M","?","R","BOSS","M","?","?","M","$","R","M","R","T","?","R","M","?","E","R","BOSS","M","$","?","?","?","R","?","M","T","R","?","$","?","M","R","BOSS","BOSS"],"build_version":"2019-01-23","purchased_purges":0,"victory":false,"max_hp_per_floor":[78,78,71,71,71,71,71,71,71,71,71,71,71,71,71,71,71,71,71,71,71,71,71,71,71,71,71,71,71,71,71,71,71,71,71,71,71,71,71,71,71,71,71,71,71,71,71,71,71,71,71],"card_choices":[{"not_picked":["Flechettes","Deflect"],"picked":"PiercingWail","floor":1.0},{"not_picked":["Flying Knee","Catalyst"],"picked":"Quick Slash","floor":2.0},{"not_picked":["Masterful Stab","Accuracy","Outmaneuver"],"picked":"SKIP","floor":5.0},{"not_picked":["Blur","Adrenaline"],"picked":"Riddle With Holes","floor":7.0},{"not_picked":["Choke","Outmaneuver"],"picked":"Terror","floor":11.0},{"not_picked":["Dagger Throw","Outmaneuver"],"picked":"Deadly Poison","floor":13.0},{"not_picked":["Doppelganger","Wraith Form v2"],"picked":"Corpse Explosion","floor":16.0},{"not_picked":["Choke","Dagger Throw"],"picked":"Catalyst","floor":18.0},{"not_picked":["Expertise","Outmaneuver"],"picked":"Prepared","floor":21.0},{"not_picked":["Expertise","Infinite Blades"],"picked":"Noxious Fumes","floor":24.0},{"not_picked":["Quick Slash","Catalyst","Flying Knee"],"picked":"SKIP","floor":27.0},{"not_picked":["Catalyst","Heel Hook","Reflex"],"picked":"SKIP","floor":29.0},{"not_picked":["Heel Hook","Tactician"],"picked":"Crippling Poison","floor":31.0},{"not_picked":["Tools of the Trade","A Thousand Cuts"],"picked":"Wraith Form v2","floor":33.0},{"not_picked":["Cloak And Dagger","Poisoned Stab+1"],"picked":"Backflip","floor":35.0},{"not_picked":["Dagger Spray","Choke+1","Terror"],"picked":"SKIP","floor":39.0},{"not_picked":["Riddle With Holes+1","PiercingWail"],"picked":"Cloak And Dagger","floor":41.0},{"not_picked":["Slice","Expertise+1"],"picked":"Well Laid Plans","floor":42.0},{"not_picked":["Masterful Stab+1","Deflect+1"],"picked":"Tools of the Trade","floor":45.0},{"not_picked":["Dodge and Roll","Endless Agony","Caltrops"],"picked":"SKIP","floor":48.0}],"player_experience":790434,"relics_obtained":[{"floor":7.0,"key":"Lantern"},{"floor":9.0,"key":"Oddly Smooth Stone"},{"floor":11.0,"key":"Sundial"},{"floor":26.0,"key":"MawBank"},{"floor":31.0,"key":"Pocketwatch"},{"floor":45.0,"key":"Du-Vu Doll"}],"event_choices":[{"damage_healed":0.0,"max_hp_gain":0.0,"max_hp_loss":7.0,"gold_gain":0.0,"event_name":"Golden Idol","player_choice":"Lose Max HP","floor":3.0,"gold_loss":0.0,"damage_taken":0.0,"relics_obtained":["Golden Idol"]},{"damage_healed":17.0,"max_hp_gain":0.0,"max_hp_loss":0.0,"gold_gain":0.0,"event_name":"The Cleric","player_choice":"Healed","floor":12.0,"gold_loss":35.0,"damage_taken":0.0},{"damage_healed":0.0,"max_hp_gain":0.0,"max_hp_loss":0.0,"gold_gain":0.0,"event_name":"Living Wall","player_choice":"Grow","floor":14.0,"gold_loss":0.0,"damage_taken":0.0,"cards_upgraded":["Deadly Poison"]},{"damage_healed":0.0,"max_hp_gain":0.0,"max_hp_loss":0.0,"gold_gain":0.0,"cards_transformed":["Strike_G","Strike_G"],"event_name":"Drug Dealer","player_choice":"Became Test Subject","floor":19.0,"gold_loss":0.0,"damage_taken":0.0,"cards_obtained":["Corpse Explosion","Tactician"]},{"damage_healed":0.0,"max_hp_gain":0.0,"max_hp_loss":0.0,"gold_gain":0.0,"event_name":"Duplicator","player_choice":"Copied","floor":20.0,"gold_loss":0.0,"damage_taken":0.0,"cards_obtained":["Catalyst"]},{"damage_healed":0.0,"max_hp_gain":0.0,"max_hp_loss":0.0,"gold_gain":0.0,"event_name":"FaceTrader","player_choice":"Trade","floor":30.0,"gold_loss":0.0,"damage_taken":0.0,"relics_obtained":["SsserpentHead"]},{"damage_healed":0.0,"max_hp_gain":0.0,"max_hp_loss":0.0,"gold_gain":0.0,"event_name":"Match and Keep!","player_choice":"1 cards matched","floor":38.0,"gold_loss":0.0,"damage_taken":0.0,"cards_obtained":["Leg Sweep"]},{"damage_healed":0.0,"max_hp_gain":0.0,"max_hp_loss":0.0,"gold_gain":0.0,"event_name":"Mysterious Sphere","player_choice":"Fight","floor":45.0,"gold_loss":0.0,"damage_taken":0.0},{"damage_healed":0.0,"max_hp_gain":0.0,"max_hp_loss":0.0,"gold_gain":50.0,"event_name":"Golden Shrine","player_choice":"Pray","floor":47.0,"gold_loss":0.0,"damage_taken":0.0}],"is_beta":false,"boss_relics":[{"not_picked":["WristBlade","HoveringKite"],"picked":"Ectoplasm"},{"not_picked":["Tiny House","Runic Dome"],"picked":"Cursed Key"}],"items_purged_floors":[],"is_endless":false,"potions_floor_spawned":[5,11,27,29,31,35,41,48],"killed_by":"Awakened One","ascension_level":20}