{"gold_per_floor":[116,116,39,54,1,1,16,50,50,81,81,91,91,108,108,182,182,198,218,245,23,41,41,57,57,57,69,80,80,99,14,14,14],"floor_reached":33,"playtime":1381,"items_purged":["Strike_B"],"score":518,"play_id":"4a38d42e-7f6c-4b8a-95c1-13b29f67dccc","local_time":"20190219123810","is_ascension_mode":true,"campfire_choices":[{"data":"Lockon","floor":6,"key":"SMITH"},{"data":"Defragment","floor":11,"key":"SMITH"},{"data":"Cold Snap","floor":15,"key":"SMITH"},{"floor":23,"key":"REST"},{"floor":29,"key":"REST"},{"floor":32,"key":"REST"}],"neow_cost":"NONE","seed_source_timestamp":2342492608396350,"circlet_count":0,"master_deck":["AscendersBane","Strike_B","Strike_B","Defend_B","Defend_B","Defend_B","Defend_B","Zap+1","Dualcast","Lockon+1","Cold Snap+1","Defragment+1","Electrodynamics","Leap","White Noise","Panacea","Hologram","Undo"],"relics":["Cracked Core","Kunai","Meat on the Bone","Gambling Chip","Fusion Hammer","Red Mask","Nilry\u0027s Codex","Bottled Lightning","Lantern"],"potions_floor_usage":[8,10,16,27,33,33],"damage_taken":[{"damage":1,"enemies":"2 Louse","floor":1,"turns":3},{"damage":1,"enemies":"Cultist","floor":4,"turns":3},{"damage":7,"enemies":"Small Slimes","floor":7,"turns":3},{"damage":8,"enemies":"Gremlin Nob","floor":8,"turns":3},{"damage":14,"enemies":"3 Sentries","floor":10,"turns":9},{"damage":6,"enemies":"3 Louse","floor":12,"turns":3},{"damage":10,"enemies":"Exordium Wildlife","floor":14,"turns":3},{"damage":28,"enemies":"Hexaghost","floor":16,"turns":11},{"damage":7,"enemies":"Spheric Guardian","floor":18,"turns":3},{"damage":13,"enemies":"Shell Parasite","floor":19,"turns":4},{"damage":0,"enemies":"Masked Bandits","floor":20,"turns":2},{"damage":23,"enemies":"Snecko","floor":22,"turns":5},{"damage":20,"enemies":"Snake Plant","floor":24,"turns":3},{"damage":10,"enemies":"Cultist and Chosen","floor":27,"turns":5},{"damage":10,"enemies":"Sentry and Sphere","floor":28,"turns":4},{"damage":9,"enemies":"Snake Plant","floor":30,"turns":3},{"damage":59,"enemies":"Champ","floor":33,"turns":13}],"seed_played":"6901414800599775995","potions_obtained":[{"floor":1,"key":"SkillPotion"},{"floor":10,"key":"SpeedPotion"},{"floor":16,"key":"Block Potion"},{"floor":18,"key":"Dexterity Potion"},{"floor":27,"key":"Block Potion"}],"is_trial":false,"path_per_floor":["M","?","$","M","$","R","M","E","T","E","R","M","?","M","R","B",null,"M","M","?","$","M","R","M","?","T","M","M","R","M","?","R","B"],"character_chosen":"DEFECT","items_purchased":["Lockon","SteroidPotion","Panacea","Hologram"],"campfire_rested":3,"item_purchase_floors":[3,5,21,21],"current_hp_per_floor":[63,63,63,62,62,62,55,47,47,45,45,39,39,41,41,25,60,53,40,40,40,29,50,42,21,21,23,25,46,37,37,58,0],"gold":14,"neow_bonus":"UPGRADE_CARD","is_prod":false,"is_daily":false,"chose_seed":false,"campfire_upgraded":3,"win_rate":0,"timestamp":1550547490,"path_taken":["M","?","$","M","?","R","M","E","T","E","R","M","?","M","R","BOSS","M","M","?","$","M","R","M","?","T","M","M","R","M","?","R","BOSS"],"build_version":"2019-01-23","purchased_purges":1,"victory":false,"max_hp_per_floor":[71,71,71,71,71,71,71,71,71,71,71,71,71,71,71,71,71,71,71,71,71,71,71,71,71,71,71,71,71,71,71,71,71],"card_choices":[{"not_picked":["Aggregate","Leap","Hello World"],"picked":"SKIP","floor":1},{"not_picked":["Blizzard","Loop","Compile Driver"],"picked":"SKIP","floor":4},{"not_picked":["Conserve Battery","Steam"],"picked":"Cold Snap","floor":7},{"not_picked":["Steam","Fusion"],"picked":"Defragment","floor":8},{"not_picked":["Sweeping Beam","Turbo","Beam Cell"],"picked":"SKIP","floor":10},{"not_picked":["Genetic Algorithm","Blizzard","Coolheaded"],"picked":"SKIP","floor":12},{"not_picked":["Loop","Rebound","Reboot"],"picked":"SKIP","floor":14},{"not_picked":["All For One","Seek"],"picked":"Electrodynamics","floor":16},{"not_picked":["Turbo","Steam"],"picked":"Leap","floor":18},{"not_picked":["Gash","Stack+1"],"picked":"White Noise","floor":19},{"not_picked":["Reprogram","Compile Driver+1"],"picked":"Undo","floor":22},{"not_picked":["Redo","Beam Cell","Melter"],"picked":"SKIP","floor":24},{"not_picked":["Conserve Battery+1","Hologram","Self Repair"],"picked":"SKIP","floor":27},{"not_picked":["Scrape+1","Redo","Compile Driver"],"picked":"SKIP","floor":28},{"not_picked":["Beam Cell","BootSequence","Steam Power+1"],"picked":"SKIP","floor":30}],"player_experience":567047,"relics_obtained":[{"floor":8,"key":"Kunai"},{"floor":9,"key":"Meat on the Bone"},{"floor":10,"key":"Gambling Chip"},{"floor":20,"key":"Red Mask"},{"floor":25,"key":"Nilry\u0027s Codex"},{"floor":26,"key":"Bottled Lightning"}],"event_choices":[{"cards_removed":["Strike_B"],"damage_healed":0,"gold_gain":0,"player_choice":"Offered Basic","damage_taken":0,"max_hp_gain":0,"max_hp_loss":0,"event_name":"Bonfire Elementals","floor":2,"gold_loss":0},{"damage_healed":0,"gold_gain":0,"player_choice":"Ignored","damage_taken":0,"max_hp_gain":0,"max_hp_loss":0,"event_name":"Liars Game","floor":13,"gold_loss":0},{"damage_healed":0,"gold_gain":0,"player_choice":"Fought Bandits","damage_taken":0,"max_hp_gain":0,"max_hp_loss":0,"event_name":"Masked Bandits","floor":20,"gold_loss":0},{"damage_healed":0,"gold_gain":0,"player_choice":"Obtained Book","damage_taken":21,"max_hp_gain":0,"max_hp_loss":0,"event_name":"Cursed Tome","floor":25,"gold_loss":0},{"damage_healed":0,"gold_gain":0,"player_choice":"Obtained Relic","damage_taken":0,"relics_obtained":["Lantern"],"max_hp_gain":0,"max_hp_loss":0,"event_name":"Addict","floor":31,"gold_loss":85}],"is_beta":false,"boss_relics":[{"not_picked":["Busted Crown","Black Star"],"picked":"Fusion Hammer"}],"items_purged_floors":[21],"is_endless":false,"potions_floor_spawned":[1,10,16,18,24,27,28],"killed_by":"Champ","ascension_level":20}