{"gold_per_floor":[112,37,37,55,70,70,82,101,101,1,1,1,30,45,45,122,122,142,192,192,203,213,213,213],"floor_reached":24,"playtime":674,"items_purged":["Strike_B","Defend_B"],"score":386,"play_id":"3de75941-c0dd-4c12-9913-f5ef3774924e","local_time":"20190330230452","is_ascension_mode":true,"campfire_choices":[{"data":"Zap","floor":6,"key":"SMITH"},{"data":"Dualcast","floor":12,"key":"SMITH"},{"floor":15,"key":"REST"},{"data":"Coolheaded","floor":23,"key":"SMITH"}],"neow_cost":"PERCENT_DAMAGE","seed_source_timestamp":2706540314300,"circlet_count":0,"master_deck":["AscendersBane","Strike_B","Strike_B","Strike_B","Defend_B","Defend_B","Defend_B","Zap+1","Dualcast+1","Scrape","Decay","Hologram","Go for the Eyes","Conserve Battery","Coolheaded+1","All For One","Leap","Conserve Battery+1","FTL"],"relics":["Cracked Core","Du-Vu Doll","Mercury Hourglass","Sundial","Sozu","Blood Vial"],"potions_floor_usage":[8,13,24],"damage_taken":[{"damage":0,"enemies":"2 Louse","floor":1,"turns":2},{"damage":6,"enemies":"Cultist","floor":4,"turns":4},{"damage":4,"enemies":"Jaw Worm","floor":5,"turns":3},{"damage":4,"enemies":"Blue Slaver","floor":7,"turns":3},{"damage":1,"enemies":"Lots of Slimes","floor":8,"turns":3},{"damage":8,"enemies":"3 Sentries","floor":13,"turns":5},{"damage":0,"enemies":"Exordium Thugs","floor":14,"turns":2},{"damage":19,"enemies":"The Guardian","floor":16,"turns":12},{"damage":4,"enemies":"Spheric Guardian","floor":18,"turns":3},{"damage":8,"enemies":"Chosen","floor":21,"turns":4},{"damage":24,"enemies":"Centurion and Healer","floor":22,"turns":9},{"damage":30,"enemies":"Book of Stabbing","floor":24,"turns":4}],"seed_played":"-2389698264811539024","potions_obtained":[{"floor":1,"key":"Fire Potion"},{"floor":7,"key":"GamblersBrew"},{"floor":8,"key":"Explosive Potion"},{"floor":13,"key":"FearPotion"},{"floor":14,"key":"SkillPotion"}],"is_trial":false,"path_per_floor":["M","$","?","M","M","R","M","M","T","$","$","R","E","M","R","B",null,"M","?","?","M","M","R","E"],"character_chosen":"DEFECT","items_purchased":[],"campfire_rested":1,"item_purchase_floors":[],"current_hp_per_floor":[46,46,46,40,36,36,32,31,31,31,31,31,23,23,44,25,60,56,56,56,50,28,28,0],"gold":213,"neow_bonus":"ONE_RARE_RELIC","is_prod":false,"is_daily":false,"chose_seed":false,"campfire_upgraded":3,"win_rate":0,"timestamp":1553983492,"path_taken":["M","$","?","M","?","R","M","M","T","?","$","R","E","?","R","BOSS","M","?","?","?","M","R","E"],"build_version":"2019-01-23","purchased_purges":2,"victory":false,"max_hp_per_floor":[71,71,71,71,71,71,71,71,71,71,71,71,71,71,71,71,71,71,71,71,71,71,71,71],"card_choices":[{"not_picked":["Sweeping Beam","BootSequence"],"picked":"Scrape","floor":1},{"not_picked":["BootSequence","Lockon"],"picked":"Hologram","floor":4},{"not_picked":["Recycle","Hologram"],"picked":"Go for the Eyes","floor":5},{"not_picked":["Cold Snap","Hologram"],"picked":"Conserve Battery","floor":7},{"not_picked":["Auto Shields","Ball Lightning"],"picked":"Coolheaded","floor":8},{"not_picked":["Doom and Gloom","Hello World","Blizzard"],"picked":"SKIP","floor":13},{"not_picked":["Lockon","Auto Shields","Streamline"],"picked":"SKIP","floor":14},{"not_picked":["Multi-Cast","Biased Cognition"],"picked":"All For One","floor":16},{"not_picked":["Cold Snap","Double Energy"],"picked":"Leap","floor":18},{"not_picked":["Redo","Ball Lightning"],"picked":"Conserve Battery+1","floor":21},{"not_picked":["Ball Lightning","Conserve Battery"],"picked":"FTL","floor":22}],"player_experience":502783,"relics_obtained":[{"floor":9,"key":"Mercury Hourglass"},{"floor":13,"key":"Sundial"}],"event_choices":[{"damage_healed":0,"gold_gain":0,"player_choice":"Cursed","damage_taken":0,"max_hp_gain":0,"max_hp_loss":0,"event_name":"Wheel of Change","floor":3,"gold_loss":0,"cards_obtained":["Decay"]},{"damage_healed":0,"gold_gain":50,"player_choice":"Stole From Cult","damage_taken":0,"max_hp_gain":0,"max_hp_loss":0,"event_name":"Nest","floor":19,"gold_loss":0},{"damage_healed":0,"gold_gain":0,"player_choice":"Gave Potion","damage_taken":0,"relics_obtained":["Blood Vial"],"max_hp_gain":0,"max_hp_loss":0,"event_name":"WeMeetAgain","floor":20,"gold_loss":0}],"is_beta":false,"boss_relics":[{"not_picked":["Runic Pyramid","Nuclear Battery"],"picked":"Sozu"}],"items_purged_floors":[2,10],"is_endless":false,"potions_floor_spawned":[1,7,8,13,14,21],"killed_by":"Book of Stabbing","ascension_level":19}