{"gold_per_floor":[111,186,210,226,242,242,242,18,45,45,45,56,91,91,91,91],"floor_reached":16,"playtime":668,"items_purged":[],"score":127,"play_id":"94316de5-970b-4d0f-a601-fdc56f10786f","local_time":"20190217130458","is_ascension_mode":true,"campfire_choices":[{"floor":6,"key":"REST"},{"data":"Glacier","floor":10,"key":"SMITH"},{"data":"Gash","floor":15,"key":"SMITH"}],"neow_cost":"NONE","seed_source_timestamp":337634245807130,"circlet_count":0,"master_deck":["Strike_B","Strike_B","Strike_B","Strike_B","Defend_B","Defend_B","Defend_B","Defend_B","Zap","Dualcast+1","Self Repair","Leap","Zap","Leap","Glacier+1","Gash+1","BootSequence"],"relics":["Cracked Core","DataDisk","PreservedInsect","Juzu Bracelet","FossilizedHelix"],"potions_floor_usage":[],"damage_taken":[{"damage":13,"enemies":"2 Louse","floor":1,"turns":2},{"damage":4,"enemies":"Jaw Worm","floor":4,"turns":3},{"damage":1,"enemies":"Cultist","floor":5,"turns":3},{"damage":4,"enemies":"Blue Slaver","floor":12,"turns":3},{"damage":9,"enemies":"Lagavulin","floor":13,"turns":6},{"damage":80,"enemies":"Hexaghost","floor":16,"turns":16}],"seed_played":"5656949452158508242","potions_obtained":[{"floor":1,"key":"FearPotion"},{"floor":14,"key":"Regen Potion"},{"floor":14,"key":"Energy Potion"}],"is_trial":false,"path_per_floor":["M","?","T","M","M","R","?","$","T","R","?","M","E","?","R","B"],"character_chosen":"DEFECT","items_purchased":["PreservedInsect","Glacier"],"campfire_rested":1,"item_purchase_floors":[8,8],"current_hp_per_floor":[55,44,44,40,46,68,68,68,68,68,73,76,74,74,74,0],"gold":91,"neow_bonus":"UPGRADE_CARD","is_prod":false,"is_daily":false,"chose_seed":false,"campfire_upgraded":2,"win_rate":0,"timestamp":1550405098,"path_taken":["M","?","?","?","M","R","?","$","T","R","?","M","E","?","R","BOSS"],"build_version":"2019-01-23","purchased_purges":0,"victory":false,"max_hp_per_floor":[75,75,75,75,75,75,75,75,75,75,80,80,80,80,80,80],"card_choices":[{"not_picked":["Force Field","Hello World","Stack"],"picked":"SKIP","floor":1},{"not_picked":["Beam Cell","Ball Lightning"],"picked":"Self Repair","floor":4},{"not_picked":["Blizzard","Compile Driver"],"picked":"Leap","floor":5},{"not_picked":["White Noise","Hologram"],"picked":"Gash","floor":12},{"not_picked":["Streamline","Self Repair"],"picked":"BootSequence","floor":13}],"player_experience":322892,"relics_obtained":[{"floor":3,"key":"DataDisk"},{"floor":9,"key":"Juzu Bracelet"},{"floor":13,"key":"FossilizedHelix"}],"event_choices":[{"damage_healed":0,"gold_gain":75,"player_choice":"Gather Gold","damage_taken":11,"max_hp_gain":0,"max_hp_loss":0,"event_name":"World of Goop","floor":2,"gold_loss":0},{"damage_healed":0,"gold_gain":0,"player_choice":"2 cards matched","damage_taken":0,"max_hp_gain":0,"max_hp_loss":0,"event_name":"Match and Keep!","floor":7,"gold_loss":0,"cards_obtained":["Zap","Leap"]},{"damage_healed":0,"gold_gain":0,"player_choice":"Donut","damage_taken":0,"max_hp_gain":5,"max_hp_loss":0,"event_name":"Big Fish","floor":11,"gold_loss":0},{"damage_healed":0,"gold_gain":0,"player_choice":"Got Potions","damage_taken":0,"max_hp_gain":0,"max_hp_loss":0,"event_name":"Lab","floor":14,"gold_loss":0}],"is_beta":false,"boss_relics":[],"items_purged_floors":[],"is_endless":false,"potions_floor_spawned":[1],"killed_by":"Hexaghost","ascension_level":6}