{"gold_per_floor":[113,113,113,136,136,136,174,174,200,214,232,8,53,78,78,206,206,224,243,52,52,151,151,191,7,33,46,77,101,101],"floor_reached":30,"playtime":1267,"items_purged":["Strike_B","Strike_B"],"score":352,"play_id":"0c71c3bf-114d-497f-9101-bbe953f559c4","local_time":"20181024121503","is_ascension_mode":true,"campfire_choices":[{"data":"Reinforced Body","floor":6,"key":"SMITH"},{"data":"White Noise","floor":8,"key":"SMITH"},{"data":"Capacitor","floor":15,"key":"SMITH"},{"data":"Defragment","floor":23,"key":"SMITH"}],"neow_cost":"NONE","seed_source_timestamp":310862791128353,"circlet_count":0,"master_deck":["Strike_B","Strike_B","Defend_B","Defend_B","Defend_B","Defend_B","Zap","Dualcast","Reinforced Body+1","White Noise+1","Auto Shields","Barrage+1","Stack","Glacier","Capacitor+1","Leap","Core Surge+1","Gash","Leap+1","Defragment+1","Storm","Bandage Up","Beam Cell","Multi-Cast","Barrage"],"relics":["Cracked Core","NeowsBlessing","Golden Idol","StoneCalendar","Art of War","Strawberry","Orichalcum","Velvet Choker","Blood Vial","Bottled Flame","Whetstone","Blue Candle"],"potions_floor_usage":[16,24,28,29,30],"damage_taken":[{"damage":0,"enemies":"Jaw Worm","floor":1,"turns":1},{"damage":0,"enemies":"Small Slimes","floor":4,"turns":1},{"damage":0,"enemies":"3 Sentries","floor":7,"turns":1},{"damage":4,"enemies":"2 Louse","floor":10,"turns":3},{"damage":1,"enemies":"2 Fungi Beasts","floor":11,"turns":3},{"damage":0,"enemies":"Lots of Slimes","floor":14,"turns":5},{"damage":36,"enemies":"The Guardian","floor":16,"turns":12},{"damage":5,"enemies":"3 Byrds","floor":18,"turns":7},{"damage":13,"enemies":"Spheric Guardian","floor":19,"turns":4},{"damage":26,"enemies":"Book of Stabbing","floor":24,"turns":9},{"damage":10,"enemies":"Cultist and Chosen","floor":27,"turns":6},{"damage":13,"enemies":"Gremlin Leader","floor":28,"turns":7},{"damage":10,"enemies":"Snake Plant","floor":29,"turns":4},{"damage":25,"enemies":"3 Cultists","floor":30,"turns":3}],"seed_played":"7822049195085239049","potions_obtained":[{"floor":1,"key":"Energy Potion"},{"floor":4,"key":"GamblersBrew"},{"floor":11,"key":"EssenceOfSteel"},{"floor":16,"key":"PowerPotion"},{"floor":19,"key":"Weak Potion"},{"floor":27,"key":"SpeedPotion"},{"floor":28,"key":"EssenceOfSteel"},{"floor":29,"key":"Energy Potion"}],"is_trial":false,"path_per_floor":["M","?","?","M","?","R","E","R","T","M","M","$","T","M","R","B",null,"M","M","$","?","?","R","E","$","T","M","E","M"],"character_chosen":"DEFECT","items_purchased":["Glacier","Capacitor","Defragment","Blood Vial","Bandage Up"],"campfire_rested":0,"item_purchase_floors":[12,12,20,20,25],"current_hp_per_floor":[75,69,69,69,69,69,69,69,76,72,71,71,71,71,71,35,76,71,58,58,58,58,58,34,34,34,30,23,15,0],"gold":101,"neow_bonus":"THREE_ENEMY_KILL","is_prod":false,"is_daily":false,"chose_seed":false,"campfire_upgraded":4,"win_rate":0,"timestamp":1540376103,"path_taken":["M","?","?","?","?","R","E","R","T","?","M","$","?","M","R","BOSS","M","M","$","?","?","R","E","$","T","M","E","M","M"],"build_version":"2018-10-18","purchased_purges":2,"victory":false,"max_hp_per_floor":[75,69,69,69,69,69,69,69,76,76,76,76,76,76,76,76,76,76,76,76,76,76,76,76,76,76,76,76,76,76],"card_choices":[{"not_picked":["Beam Cell","Rip and Tear"],"picked":"Reinforced Body","floor":1},{"not_picked":["Beam Cell","Barrage"],"picked":"White Noise","floor":4},{"not_picked":["Steam Power","Recycle"],"picked":"Auto Shields","floor":7},{"not_picked":["Sweeping Beam","Recycle"],"picked":"Barrage","floor":10},{"not_picked":["Coolheaded","Multi-Cast"],"picked":"Stack","floor":11},{"not_picked":["Force Field","Beam Cell"],"picked":"Leap","floor":14},{"not_picked":["Seek","Thunder Strike"],"picked":"Core Surge","floor":16},{"not_picked":["Redo","Tempest"],"picked":"Gash","floor":18},{"not_picked":["Conserve Battery","Undo"],"picked":"Leap+1","floor":19},{"not_picked":["Coolheaded","Undo","Compile Driver"],"picked":"SKIP","floor":24},{"not_picked":["Leap","Coolheaded"],"picked":"Beam Cell","floor":27},{"not_picked":["Coolheaded","Melter"],"picked":"Multi-Cast","floor":28},{"not_picked":["Force Field","Streamline+1"],"picked":"Barrage","floor":29}],"player_experience":234171,"relics_obtained":[{"floor":7,"key":"Art of War"},{"floor":9,"key":"Strawberry"},{"floor":13,"key":"Orichalcum"},{"floor":24,"key":"Bottled Flame"},{"floor":26,"key":"Whetstone"},{"floor":28,"key":"Blue Candle"}],"event_choices":[{"damage_healed":0,"gold_gain":0,"player_choice":"Lose Max HP","damage_taken":0,"relics_obtained":["Golden Idol"],"max_hp_gain":0,"max_hp_loss":6,"event_name":"Golden Idol","floor":2,"gold_loss":0},{"damage_healed":0,"gold_gain":0,"player_choice":"Gave Potion","damage_taken":0,"relics_obtained":["StoneCalendar"],"max_hp_gain":0,"max_hp_loss":0,"event_name":"WeMeetAgain","floor":3,"gold_loss":0},{"damage_healed":0,"gold_gain":0,"player_choice":"Bought 0 Potions","damage_taken":0,"max_hp_gain":0,"max_hp_loss":0,"event_name":"The Woman in Blue","floor":5,"gold_loss":0},{"damage_healed":0,"gold_gain":0,"player_choice":"Read","damage_taken":0,"max_hp_gain":0,"max_hp_loss":0,"event_name":"The Library","floor":21,"gold_loss":0,"cards_obtained":["Storm"]},{"damage_healed":0,"gold_gain":99,"player_choice":"Stole From Cult","damage_taken":0,"max_hp_gain":0,"max_hp_loss":0,"event_name":"Nest","floor":22,"gold_loss":0}],"is_beta":false,"boss_relics":[{"not_picked":["Astrolabe","White Beast Statue"],"picked":"Velvet Choker"}],"items_purged_floors":[12,25],"is_endless":false,"potions_floor_spawned":[1,4,11,16,19,27,28,29],"killed_by":"3 Cultists","ascension_level":4}