{"gold_per_floor":[218,232,232,246,171,171,184,37,60,103,103,147,147],"floor_reached":13,"playtime":542,"items_purged":["Bash"],"score":136,"play_id":"61099088-dc36-400e-9404-bc2789fa3545","local_time":"20181126171826","is_ascension_mode":true,"campfire_choices":[{"data":"Armaments","floor":6,"key":"SMITH"},{"floor":11,"key":"RECALL"}],"neow_cost":"NONE","seed_source_timestamp":1032729247661593,"circlet_count":0,"master_deck":["Strike_R","Strike_R","Strike_R","Strike_R","Strike_R","Defend_R","Defend_R","Defend_R","Defend_R","Hemokinesis","Shockwave","Armaments+1","Pommel Strike","Offering","Uppercut","Flex"],"relics":["Burning Blood","Golden Idol","Anchor","Vajra","Shuriken"],"potions_floor_usage":[10,10],"damage_taken":[{"damage":2,"enemies":"2 Louse","floor":1,"turns":3},{"damage":10,"enemies":"Jaw Worm","floor":2,"turns":2},{"damage":3,"enemies":"Cultist","floor":4,"turns":4},{"damage":8,"enemies":"Red Slaver","floor":7,"turns":3},{"damage":9,"enemies":"Gremlin Nob","floor":10,"turns":2},{"damage":23,"enemies":"Lagavulin","floor":12,"turns":6}],"seed_played":"-8119042179981381181","potions_obtained":[{"floor":1,"key":"SteroidPotion"},{"floor":4,"key":"Explosive Potion"},{"floor":12,"key":"SteroidPotion"}],"is_trial":false,"path_per_floor":["M","M","?","M","$","R","M","$","T","E","R","E","?"],"character_chosen":"IRONCLAD","items_purchased":["Offering"],"campfire_rested":0,"item_purchase_floors":[8],"current_hp_per_floor":[80,76,56,59,59,59,57,57,57,54,54,37,0],"gold":147,"neow_bonus":"HUNDRED_GOLD","is_prod":false,"is_daily":false,"chose_seed":false,"campfire_upgraded":1,"win_rate":0,"timestamp":1543270706,"path_taken":["M","M","?","M","$","R","M","$","T","E","R","E","?"],"build_version":"2018-11-15","purchased_purges":1,"victory":false,"max_hp_per_floor":[80,80,80,80,80,80,80,80,80,80,80,80,80],"card_choices":[{"not_picked":["Rampage","Power Through"],"picked":"Hemokinesis","floor":1},{"not_picked":["True Grit","Perfected Strike"],"picked":"Shockwave","floor":2},{"not_picked":["Wild Strike","Perfected Strike"],"picked":"Armaments","floor":4},{"not_picked":["Sentinel","Second Wind"],"picked":"Pommel Strike","floor":7},{"not_picked":["Fire Breathing","Headbutt"],"picked":"Uppercut","floor":10},{"not_picked":["Twin Strike","Fire Breathing"],"picked":"Flex","floor":12}],"player_experience":66194,"relics_obtained":[{"floor":9,"key":"Anchor"},{"floor":10,"key":"Vajra"},{"floor":12,"key":"Shuriken"}],"event_choices":[{"damage_healed":0,"gold_gain":0,"player_choice":"Take Damage","damage_taken":20,"relics_obtained":["Golden Idol"],"max_hp_gain":0,"max_hp_loss":0,"event_name":"Golden Idol","floor":3,"gold_loss":0}],"is_beta":false,"boss_relics":[],"items_purged_floors":[5],"is_endless":false,"potions_floor_spawned":[1,4,12],"ascension_level":3}