{"gold_per_floor":[218,218,38,62,62,98,111,111,111,111,111,172,195,538,538,538],"floor_reached":16,"playtime":945,"items_purged":["Strike_B"],"score":229,"play_id":"1dcf36fb-e348-4007-8c7c-5a92f8f04039","local_time":"20190413144252","is_ascension_mode":true,"campfire_choices":[{"data":"Go for the Eyes","floor":8,"key":"SMITH"},{"data":"Dualcast","floor":15,"key":"SMITH"}],"neow_cost":"NONE","seed_source_timestamp":259328856753920,"circlet_count":0,"master_deck":["AscendersBane","Strike_B","Strike_B","Strike_B","Defend_B","Defend_B","Defend_B","Defend_B","Zap+1","Dualcast+1","Compile Driver","Defragment+1","Conserve Battery+1","BootSequence","Coolheaded","Go for the Eyes+1","Glacier","Cold Snap","Chill"],"relics":["Cracked Core","Golden Idol","Pear","War Paint","Kunai","Tiny Chest","Old Coin"],"potions_floor_usage":[12],"damage_taken":[{"damage":2,"enemies":"Jaw Worm","floor":1,"turns":4},{"damage":9,"enemies":"Small Slimes","floor":4,"turns":4},{"damage":35,"enemies":"3 Sentries","floor":6,"turns":8},{"damage":0,"enemies":"2 Louse","floor":7,"turns":2},{"damage":0,"enemies":"Lagavulin","floor":12,"turns":5},{"damage":0,"enemies":"Looter","floor":13,"turns":3},{"damage":22,"enemies":"Gremlin Nob","floor":14,"turns":5},{"damage":36,"enemies":"Hexaghost","floor":16,"turns":16}],"seed_played":"845012641324150872","potions_obtained":[{"floor":6,"key":"PowerPotion"},{"floor":7,"key":"SpeedPotion"},{"floor":14,"key":"Fire Potion"}],"is_trial":false,"path_per_floor":["M","?","$","M","?","E","M","R","T","?","T","E","M","E","R","B"],"character_chosen":"DEFECT","items_purchased":["Defragment","Conserve Battery"],"campfire_rested":0,"item_purchase_floors":[3,3],"current_hp_per_floor":[66,66,66,57,57,32,32,32,32,58,58,58,58,36,36,0],"gold":538,"neow_bonus":"HUNDRED_GOLD","is_prod":false,"is_daily":false,"chose_seed":false,"campfire_upgraded":2,"win_rate":0,"timestamp":1555159372,"path_taken":["M","?","$","M","?","E","M","R","T","?","?","E","M","E","R","BOSS"],"build_version":"2019-01-23","purchased_purges":1,"victory":false,"max_hp_per_floor":[75,69,69,69,69,79,79,79,79,79,79,79,79,79,79,79],"card_choices":[{"not_picked":["Sweeping Beam","Rip and Tear"],"picked":"Compile Driver","floor":1},{"not_picked":["Compile Driver","Aggregate"],"picked":"BootSequence","floor":4},{"not_picked":["Turbo","Loop"],"picked":"Coolheaded","floor":6},{"not_picked":["Rip and Tear","Leap"],"picked":"Go for the Eyes","floor":7},{"not_picked":["FTL","Melter"],"picked":"Glacier","floor":12},{"not_picked":["Blizzard","Sweeping Beam"],"picked":"Cold Snap","floor":13},{"not_picked":["Redo","Beam Cell"],"picked":"Chill","floor":14}],"player_experience":602900,"relics_obtained":[{"floor":6,"key":"Pear"},{"floor":9,"key":"War Paint"},{"floor":11,"key":"Kunai"},{"floor":12,"key":"Tiny Chest"},{"floor":14,"key":"Old Coin"}],"event_choices":[{"damage_healed":0,"gold_gain":0,"player_choice":"Lose Max HP","damage_taken":0,"relics_obtained":["Golden Idol"],"max_hp_gain":0,"max_hp_loss":6,"event_name":"Golden Idol","floor":2,"gold_loss":0},{"damage_healed":0,"gold_gain":0,"player_choice":"Grow","damage_taken":0,"max_hp_gain":0,"max_hp_loss":0,"event_name":"Living Wall","floor":5,"gold_loss":0,"cards_upgraded":["Defragment"]},{"damage_healed":26,"gold_gain":0,"player_choice":"Banana","damage_taken":0,"max_hp_gain":0,"max_hp_loss":0,"event_name":"Big Fish","floor":10,"gold_loss":0}],"is_beta":false,"boss_relics":[],"items_purged_floors":[3],"is_endless":false,"potions_floor_spawned":[6,7,14],"killed_by":"Hexaghost","ascension_level":12}