{"gold_per_floor":[118,43,43,43,63,63,82,101,149,119,130,147,159,178,178,255,255,212,262,262,273,290,290,3,3],"floor_reached":25,"playtime":1304,"items_purged":["Strike_G"],"score":394,"play_id":"9acde296-16bc-4613-8d79-99c48c6c0c32","local_time":"20190326220441","is_ascension_mode":true,"campfire_choices":[{"floor":6,"key":"REST"},{"floor":15,"key":"REST"},{"floor":23,"key":"REST"}],"neow_cost":"NONE","seed_source_timestamp":673792039834833,"circlet_count":0,"master_deck":["AscendersBane","Defend_G","Defend_G+1","Defend_G","Defend_G+1","Defend_G","Strike_G","Strike_G","Strike_G+1","Survivor+1","Neutralize","Predator","Dagger Spray","Dodge and Roll","Cloak And Dagger","PiercingWail","Noxious Fumes","Adrenaline","Well Laid Plans","Footwork","Caltrops","Die Die Die"],"relics":["Ring of the Snake","Boot","War Paint","Philosopher\u0027s Stone"],"potions_floor_usage":[8,13,16,16,22,25,25],"damage_taken":[{"damage":4,"enemies":"Jaw Worm","floor":1,"turns":6},{"damage":0,"enemies":"2 Louse","floor":5,"turns":2},{"damage":0,"enemies":"Small Slimes","floor":7,"turns":2},{"damage":5,"enemies":"3 Louse","floor":8,"turns":2},{"damage":0,"enemies":"Exordium Thugs","floor":11,"turns":4},{"damage":0,"enemies":"2 Fungi Beasts","floor":12,"turns":3},{"damage":12,"enemies":"Exordium Wildlife","floor":13,"turns":9},{"damage":0,"enemies":"3 Louse","floor":14,"turns":3},{"damage":29,"enemies":"Slime Boss","floor":16,"turns":10},{"damage":12,"enemies":"2 Thieves","floor":18,"turns":5},{"damage":19,"enemies":"Spheric Guardian","floor":21,"turns":6},{"damage":15,"enemies":"Centurion and Healer","floor":22,"turns":9},{"damage":24,"enemies":"Gremlin Leader","floor":25,"turns":7}],"seed_played":"-4039103406066918880","potions_obtained":[{"floor":1,"key":"Poison Potion"},{"floor":8,"key":"PowerPotion"},{"floor":10,"key":"Weak Potion"},{"floor":13,"key":"Poison Potion"},{"floor":16,"key":"PowerPotion"},{"floor":22,"key":"SpeedPotion"}],"is_trial":false,"path_per_floor":["M","?","?","?","M","R","M","M","T","?","M","M","M","M","R","B",null,"M","?","?","M","M","R","$","E"],"character_chosen":"THE_SILENT","items_purchased":["SteroidPotion","Die Die Die"],"campfire_rested":3,"item_purchase_floors":[24,24],"current_hp_per_floor":[55,55,35,9,9,28,28,23,23,23,23,23,11,11,30,1,50,38,38,38,19,4,23,23,0],"gold":3,"neow_bonus":"RANDOM_COMMON_RELIC","is_prod":false,"is_daily":false,"chose_seed":false,"campfire_upgraded":0,"win_rate":0,"timestamp":1553605481,"path_taken":["M","?","?","?","M","R","M","M","T","?","M","M","?","M","R","BOSS","M","?","?","M","M","R","$","E"],"build_version":"2019-01-23","purchased_purges":1,"victory":false,"max_hp_per_floor":[66,66,66,66,66,66,66,66,66,66,66,66,66,66,66,66,66,66,66,66,66,66,66,66,66],"card_choices":[{"not_picked":["All Out Attack","Blade Dance"],"picked":"Predator","floor":1},{"not_picked":["Dagger Throw","Setup"],"picked":"Dagger Spray","floor":5},{"not_picked":["Bane","All Out Attack"],"picked":"Dodge and Roll","floor":7},{"not_picked":["Masterful Stab","Bane","Dodge and Roll"],"picked":"SKIP","floor":8},{"not_picked":["Bane","Concentrate"],"picked":"Cloak And Dagger","floor":11},{"not_picked":["Phantasmal Killer","Quick Slash"],"picked":"PiercingWail","floor":12},{"not_picked":["Finisher","Dodge and Roll"],"picked":"Noxious Fumes","floor":13},{"not_picked":["Dagger Throw","Caltrops","PiercingWail"],"picked":"SKIP","floor":14},{"not_picked":["Burst","Glass Knife"],"picked":"Adrenaline","floor":16},{"not_picked":["Setup+1","Sucker Punch"],"picked":"Well Laid Plans","floor":18},{"not_picked":["Well Laid Plans","Eviscerate+1"],"picked":"Footwork","floor":21},{"not_picked":["Quick Slash","Flying Knee"],"picked":"Caltrops","floor":22}],"player_experience":800780,"relics_obtained":[{"floor":9,"key":"War Paint"}],"event_choices":[{"cards_removed":["Strike_G"],"damage_healed":0,"gold_gain":0,"player_choice":"Card Removal","damage_taken":0,"max_hp_gain":0,"max_hp_loss":0,"event_name":"The Cleric","floor":2,"gold_loss":75},{"damage_healed":0,"gold_gain":0,"player_choice":"Entered Light","damage_taken":20,"max_hp_gain":0,"max_hp_loss":0,"event_name":"Shining Light","floor":3,"gold_loss":0,"cards_upgraded":["Defend_G","Strike_G"]},{"damage_healed":0,"gold_gain":0,"player_choice":"Fled","damage_taken":26,"max_hp_gain":0,"max_hp_loss":0,"event_name":"Scrap Ooze","floor":4,"gold_loss":0},{"damage_healed":0,"gold_gain":0,"player_choice":"Bought 2 Potions","damage_taken":0,"max_hp_gain":0,"max_hp_loss":0,"event_name":"The Woman in Blue","floor":10,"gold_loss":0},{"damage_healed":0,"gold_gain":50,"player_choice":"Stole From Cult","damage_taken":0,"max_hp_gain":0,"max_hp_loss":0,"event_name":"Nest","floor":19,"gold_loss":0},{"damage_healed":0,"gold_gain":0,"player_choice":"Ignored","damage_taken":0,"max_hp_gain":0,"max_hp_loss":0,"event_name":"Ghosts","floor":20,"gold_loss":0}],"is_beta":false,"boss_relics":[{"not_picked":["Runic Dome","Black Star"],"picked":"Philosopher\u0027s Stone"}],"items_purged_floors":[24],"is_endless":false,"potions_floor_spawned":[1,8,13,14,16,22],"killed_by":"Gremlin Leader","ascension_level":20}