{"gold_per_floor":[110,110,130,143,153,153,78,104,131,131,149,149,15,32,32,107,107,118,134,148,159,159,159,174,187,239,239,154,154,167,37,37,110,110,130,142,142,142],"floor_reached":38,"playtime":2168,"items_purged":["Pain"],"score":810,"play_id":"64985000-6ae6-46a5-969b-33a440329b95","local_time":"20190426220841","is_ascension_mode":true,"campfire_choices":[{"data":"Dagger Spray","floor":6,"key":"SMITH"},{"data":"Noxious Fumes","floor":12,"key":"SMITH"},{"data":"Dodge and Roll","floor":15,"key":"SMITH"},{"floor":23,"key":"REST"},{"floor":27,"key":"REST"},{"data":"Wraith Form v2","floor":29,"key":"SMITH"},{"floor":32,"key":"REST"}],"neow_cost":"NONE","seed_source_timestamp":55565839459942,"circlet_count":0,"master_deck":["AscendersBane","Defend_G","Defend_G","Defend_G","Defend_G","Defend_G","Strike_G","Survivor","Neutralize+1","Deadly Poison+1","Terror","Backflip","Dagger Spray+1","Noxious Fumes+1","Calculated Gamble","Dodge and Roll+1","Predator","Burst","Catalyst+1","Bane+1","Endless Agony+1","Dagger Throw","Dagger Spray+1","Well Laid Plans","Escape Plan+1","Wraith Form v2+1","Catalyst","Wraith Form v2","PiercingWail+1"],"relics":["Ring of the Snake","Bag of Marbles","Art of War","WarpedTongs","Astrolabe","Orichalcum","Omamori","Sozu"],"potions_floor_usage":[8,33,33],"damage_taken":[{"damage":3,"enemies":"2 Louse","floor":1,"turns":4},{"damage":0,"enemies":"Cultist","floor":3,"turns":4},{"damage":7,"enemies":"Small Slimes","floor":4,"turns":5},{"damage":8,"enemies":"2 Fungi Beasts","floor":5,"turns":3},{"damage":17,"enemies":"3 Sentries","floor":8,"turns":9},{"damage":7,"enemies":"Lots of Slimes","floor":11,"turns":4},{"damage":0,"enemies":"Blue Slaver","floor":14,"turns":3},{"damage":13,"enemies":"Hexaghost","floor":16,"turns":9},{"damage":6,"enemies":"3 Byrds","floor":18,"turns":4},{"damage":18,"enemies":"2 Thieves","floor":19,"turns":4},{"damage":12,"enemies":"Sentry and Sphere","floor":20,"turns":5},{"damage":15,"enemies":"Shelled Parasite and Fungi","floor":21,"turns":7},{"damage":2,"enemies":"Centurion and Healer","floor":24,"turns":3},{"damage":10,"enemies":"Cultist and Chosen","floor":25,"turns":5},{"damage":4,"enemies":"Snake Plant","floor":30,"turns":4},{"damage":26,"enemies":"Collector","floor":33,"turns":6},{"damage":3,"enemies":"3 Shapes","floor":35,"turns":4},{"damage":22,"enemies":"3 Darklings","floor":36,"turns":6},{"damage":29,"enemies":"Jaw Worm Horde","floor":38,"turns":2}],"seed_played":"5130954512095797948","potions_obtained":[{"floor":3,"key":"Regen Potion"},{"floor":8,"key":"SpeedPotion"},{"floor":16,"key":"PowerPotion"}],"is_trial":false,"path_per_floor":["M","?","M","M","M","R","?","E","T","?","M","R","$","M","R","B",null,"M","M","M","M","?","R","M","M","T","R","?","R","M","$","R","B",null,"M","M","?","M"],"character_chosen":"THE_SILENT","items_purchased":["Dodge and Roll","Catalyst","Weak Potion"],"campfire_rested":3,"item_purchase_floors":[13,31,31],"current_hp_per_floor":[56,56,56,49,41,41,41,39,39,39,32,32,32,32,32,19,54,48,30,18,3,3,22,20,10,10,29,29,29,25,25,44,18,54,51,29,29,0],"gold":142,"neow_bonus":"UPGRADE_CARD","is_prod":false,"is_daily":false,"chose_seed":false,"campfire_upgraded":4,"win_rate":0,"timestamp":1556284121,"path_taken":["M","?","M","?","M","R","?","E","T","?","M","R","$","M","R","BOSS","M","M","M","?","?","R","M","M","T","R","?","R","M","$","R","BOSS","M","M","?","M"],"build_version":"2019-01-23","purchased_purges":1,"victory":false,"max_hp_per_floor":[66,66,66,66,66,66,66,66,66,66,66,66,66,66,66,66,66,66,66,66,66,66,66,66,66,66,66,66,66,66,66,66,66,66,66,66,63,63],"card_choices":[{"not_picked":["Sucker Punch","PiercingWail"],"picked":"Deadly Poison","floor":1},{"not_picked":["Dodge and Roll","Flechettes"],"picked":"Terror","floor":3},{"not_picked":["Slice","Sucker Punch"],"picked":"Backflip","floor":4},{"not_picked":["Dagger Throw","Bane"],"picked":"Dagger Spray","floor":5},{"not_picked":["Expertise","Slice"],"picked":"Noxious Fumes","floor":8},{"not_picked":["Finisher","Eviscerate"],"picked":"Calculated Gamble","floor":11},{"not_picked":["Deadly Poison","Bane"],"picked":"Predator","floor":14},{"not_picked":["Phantasmal Killer","Unload"],"picked":"Burst","floor":16},{"not_picked":["Tactician","Finisher"],"picked":"Dagger Throw","floor":18},{"not_picked":["Deadly Poison","Cloak And Dagger"],"picked":"Dagger Spray+1","floor":19},{"not_picked":["Finisher+1","Acrobatics"],"picked":"Well Laid Plans","floor":20},{"not_picked":["Outmaneuver","Catalyst"],"picked":"Escape Plan+1","floor":21},{"not_picked":["Flying Knee","Masterful Stab"],"picked":"Wraith Form v2","floor":24},{"not_picked":["Calculated Gamble","Terror","Tactician"],"picked":"SKIP","floor":25},{"not_picked":["Outmaneuver","Quick Slash","Dagger Spray"],"picked":"SKIP","floor":30},{"not_picked":["Doppelganger","Tools of the Trade"],"picked":"Wraith Form v2","floor":33},{"not_picked":["Bane","Eviscerate","Masterful Stab"],"picked":"SKIP","floor":35},{"not_picked":["Slice","Backflip"],"picked":"PiercingWail+1","floor":36}],"player_experience":1097402,"relics_obtained":[{"floor":8,"key":"Bag of Marbles"},{"floor":9,"key":"Art of War"},{"floor":26,"key":"Orichalcum"}],"event_choices":[{"damage_healed":0,"gold_gain":0,"player_choice":"Upgraded","damage_taken":0,"max_hp_gain":0,"max_hp_loss":0,"event_name":"Upgrade Shrine","floor":2,"gold_loss":0,"cards_upgraded":["Deadly Poison"]},{"cards_removed":["Strike_G"],"damage_healed":0,"gold_gain":0,"player_choice":"Card Removal","damage_taken":0,"max_hp_gain":0,"max_hp_loss":0,"event_name":"The Cleric","floor":7,"gold_loss":75},{"damage_healed":0,"gold_gain":0,"player_choice":"Rummage","damage_taken":0,"relics_obtained":["WarpedTongs"],"max_hp_gain":0,"max_hp_loss":0,"event_name":"Accursed Blacksmith","floor":10,"gold_loss":0,"cards_obtained":["Pain"]},{"damage_healed":0,"gold_gain":0,"player_choice":"Ignored","damage_taken":0,"max_hp_gain":0,"max_hp_loss":0,"event_name":"Ghosts","floor":22,"gold_loss":0},{"damage_healed":0,"gold_gain":0,"player_choice":"Obtained Relic","damage_taken":0,"relics_obtained":["Omamori"],"max_hp_gain":0,"max_hp_loss":0,"event_name":"Addict","floor":28,"gold_loss":85},{"damage_healed":0,"gold_gain":0,"player_choice":"Max HP","damage_taken":0,"max_hp_gain":0,"max_hp_loss":3,"event_name":"Winding Halls","floor":37,"gold_loss":0}],"is_beta":false,"boss_relics":[{"not_picked":["HoveringKite","Black Star"],"picked":"Astrolabe"},{"not_picked":["Lizard Tail","Orrery"],"picked":"Sozu"}],"items_purged_floors":[13],"is_endless":false,"potions_floor_spawned":[3,8,16,20,24,30,35],"killed_by":"Jaw Worm Horde","ascension_level":20}