{"gold_per_floor":[114,114,132,149,149,176,176,203,251,251,267,17,32,57,57,161,161,174,36,46,64,83,83,113,113,136,146,177,177,15,45,45,147,147,157,379,393,393,138,163,163,163,210,210,237,3,30,47,47,47],"floor_reached":51,"playtime":6482,"items_purged":["Strike_G","Strike_G","Pain","Injury"],"score":1067,"play_id":"d8ec5974-7983-4e7f-9c67-2829de4fa139","local_time":"20181122094542","is_ascension_mode":true,"campfire_choices":[{"data":"Dodge and Roll","floor":7.0,"key":"SMITH"},{"floor":10.0,"key":"REST"},{"data":"Footwork","floor":15.0,"key":"SMITH"},{"data":"Blur","floor":23.0,"key":"SMITH"},{"data":"Venomology","floor":25.0,"key":"SMITH"},{"data":"Adrenaline","floor":29.0,"key":"SMITH"},{"data":"Dodge and Roll","floor":32,"key":"SMITH"},{"data":"Regret","floor":41,"key":"PURGE"},{"data":"Glass Knife","floor":44,"key":"SMITH"},{"floor":49,"key":"REST"}],"neow_cost":"NONE","seed_source_timestamp":0,"circlet_count":0,"master_deck":["Defend_G","Defend_G","Defend_G","Defend_G","Strike_G","Strike_G","Strike_G","Survivor","Neutralize+1","Dodge and Roll+1","Crippling Poison","Backflip","Poisoned Stab","Dagger Throw","Footwork+1","Well Laid Plans","PiercingWail","Adrenaline+1","Dagger Throw","Backstab","Blur+1","Flying Knee+1","Finisher+1","Acrobatics+1","Dodge and Roll+1","Glass Knife+1","Backflip+1","Caltrops+1","Leg Sweep","Backstab","Noxious Fumes","Caltrops+1"],"special_seed":0,"relics":["Ring of the Snake","The Courier","Pen Nib","Juzu Bracelet","TwistedFunnel","Du-Vu Doll","Black Star","Bag of Marbles","Bag of Preparation","Ancient Tea Set","Red Mask","Bronze Scales","Orichalcum","Strawberry","Calling Bell","Oddly Smooth Stone","Kunai","Peace Pipe","Sling","The Specimen","Mango","Lantern","MawBank","Smiling Mask","Blood Vial","Dream Catcher"],"potions_floor_usage":[31,31,33,33,35,40,40,40,45,47,47,50,50],"damage_taken":[{"damage":0.0,"enemies":"Small Slimes","floor":1.0,"turns":3.0},{"damage":1.0,"enemies":"Cultist","floor":3.0,"turns":4.0},{"damage":7.0,"enemies":"Jaw Worm","floor":4.0,"turns":8.0},{"damage":21.0,"enemies":"Gremlin Nob","floor":6.0,"turns":4.0},{"damage":27.0,"enemies":"3 Sentries","floor":8.0,"turns":10.0},{"damage":3.0,"enemies":"Looter","floor":11.0,"turns":4.0},{"damage":0.0,"enemies":"Exordium Thugs","floor":13.0,"turns":3.0},{"damage":7.0,"enemies":"Gremlin Nob","floor":14.0,"turns":5.0},{"damage":0.0,"enemies":"Hexaghost","floor":16.0,"turns":12.0},{"damage":5.0,"enemies":"Chosen","floor":18.0,"turns":6.0},{"damage":1.0,"enemies":"3 Byrds","floor":20.0,"turns":4.0},{"damage":11.0,"enemies":"Snake Plant","floor":21.0,"turns":5.0},{"damage":0.0,"enemies":"Centurion and Healer","floor":22.0,"turns":8.0},{"damage":10.0,"enemies":"Gremlin Leader","floor":24.0,"turns":7.0},{"damage":0.0,"enemies":"Shelled Parasite and Fungi","floor":27.0,"turns":4.0},{"damage":0.0,"enemies":"Masked Bandits","floor":28.0,"turns":3.0},{"damage":0,"enemies":"Slavers","floor":31,"turns":3},{"damage":29,"enemies":"Automaton","floor":33,"turns":14},{"damage":8,"enemies":"Orb Walker","floor":35,"turns":1},{"damage":3,"enemies":"3 Shapes","floor":37,"turns":2},{"damage":3,"enemies":"Nemesis","floor":40,"turns":7},{"damage":7,"enemies":"Reptomancer","floor":45,"turns":4},{"damage":14,"enemies":"Giant Head","floor":47,"turns":9},{"damage":0,"enemies":"3 Darklings","floor":48,"turns":5},{"damage":19,"enemies":"Awakened One","floor":50,"turns":18}],"seed_played":"-6759732571303910733","potions_obtained":[{"floor":4.0,"key":"GamblersBrew"},{"floor":8.0,"key":"GamblersBrew"},{"floor":11.0,"key":"AttackPotion"},{"floor":13.0,"key":"Swift Potion"},{"floor":14.0,"key":"Regen Potion"},{"floor":20.0,"key":"Energy Potion"},{"floor":21.0,"key":"Strength Potion"},{"floor":24.0,"key":"SteroidPotion"},{"floor":31,"key":"Energy Potion"},{"floor":33,"key":"Dexterity Potion"},{"floor":35,"key":"LiquidBronze"},{"floor":47,"key":"Swift Potion"},{"floor":48,"key":"SteroidPotion"}],"is_trial":false,"path_per_floor":["M","?","M","M","?","E","R","E","T","R","M","$","M","E","R","B",null,"M","$","M","M","M","R","E","R","T","M","?","R","$","E","R","B",null,"M","?","M","?","$","E","R","?","T","R","E","$","E","M","R","B",null],"character_chosen":"THE_SILENT","items_purchased":["Well Laid Plans","TwistedFunnel","Backstab","Bronze Scales","Strength Potion","Sling","Backstab","Noxious Fumes","AttackPotion","Energy Potion"],"campfire_rested":2,"item_purchase_floors":[12,12,19,30,30,39,46,46,46,46],"current_hp_per_floor":[70,70,69,62,62,41,41,14,14,35,32,32,32,25,25,40,70,65,65,64,53,53,53,43,43,43,43,43,43,43,50,50,21,77,69,69,66,66,66,77,77,77,77,77,70,70,56,58,85,68],"gold":47,"neow_bonus":"UPGRADE_CARD","is_prod":false,"is_daily":false,"chose_seed":false,"campfire_upgraded":7,"win_rate":0,"timestamp":1542901542,"path_taken":["M","?","M","M","?","E","R","E","T","R","M","$","M","E","R","BOSS","M","?","M","M","M","R","E","R","T","M","?","R","?","E","R","BOSS","M","?","M","?","$","E","R","?","T","R","E","$","E","M","R","BOSS"],"build_version":"2018-11-15","purchased_purges":4,"victory":true,"max_hp_per_floor":[70,70,70,70,70,70,70,70,70,70,70,70,70,70,70,70,70,70,70,70,70,70,70,70,70,70,70,70,70,70,77,77,77,77,77,77,77,77,77,91,91,91,91,91,91,91,91,91,91,91],"card_choices":[{"not_picked":["Bane","Concentrate"],"picked":"Dodge and Roll","floor":1.0},{"not_picked":["Dash","Endless Agony"],"picked":"Crippling Poison","floor":3.0},{"not_picked":["Flying Knee","Dash"],"picked":"Backflip","floor":4.0},{"not_picked":["PiercingWail","A Thousand Cuts"],"picked":"Dagger Throw","floor":6.0},{"not_picked":["Heel Hook","Flying Knee"],"picked":"Venomology","floor":8.0},{"not_picked":["Outmaneuver","Dagger Throw"],"picked":"Footwork","floor":11.0},{"not_picked":["Eviscerate","Dash"],"picked":"PiercingWail","floor":13.0},{"not_picked":["Eviscerate","Phantasmal Killer","Well Laid Plans"],"picked":"SKIP","floor":14.0},{"not_picked":["Die Die Die","Envenom"],"picked":"Adrenaline","floor":16.0},{"not_picked":["Concentrate","Flying Knee"],"picked":"Dagger Throw","floor":18.0},{"not_picked":["Bane","Slice+1"],"picked":"Blur","floor":20.0},{"not_picked":["Blade Dance","Finisher"],"picked":"Flying Knee+1","floor":21.0},{"not_picked":["Quick Slash","Skewer","Well Laid Plans"],"picked":"SKIP","floor":22.0},{"not_picked":["Bullet Time","Choke+1"],"picked":"Finisher+1","floor":24.0},{"not_picked":["Dagger Throw","Bane"],"picked":"Acrobatics+1","floor":27.0},{"not_picked":["Slice","Acrobatics+1"],"picked":"Dodge and Roll","floor":31},{"not_picked":["Bullet Time","After Image"],"picked":"Glass Knife","floor":33},{"not_picked":["Outmaneuver+1","Deflect"],"picked":"Backflip+1","floor":35},{"not_picked":["Slice","Sucker Punch"],"picked":"Caltrops+1","floor":37},{"not_picked":["Acrobatics+1","Outmaneuver+1","Catalyst"],"picked":"SKIP","floor":40},{"not_picked":["Dagger Throw","Bullet Time"],"picked":"Leg Sweep","floor":45},{"not_picked":["Distraction","Prepared+1","Deflect"],"picked":"SKIP","floor":47},{"not_picked":["Expertise+1","Accuracy"],"picked":"Caltrops+1","floor":48}],"player_experience":224448,"relics_obtained":[{"floor":6.0,"key":"The Courier"},{"floor":8.0,"key":"Pen Nib"},{"floor":9.0,"key":"Juzu Bracelet"},{"floor":14.0,"key":"Du-Vu Doll"},{"floor":24.0,"key":"Bag of Marbles"},{"floor":24.0,"key":"Bag of Preparation"},{"floor":26.0,"key":"Ancient Tea Set"},{"floor":28.0,"key":"Red Mask"},{"floor":31,"key":"Orichalcum"},{"floor":31,"key":"Strawberry"},{"floor":34,"key":"Oddly Smooth Stone"},{"floor":34,"key":"Kunai"},{"floor":34,"key":"Peace Pipe"},{"floor":40,"key":"The Specimen"},{"floor":40,"key":"Mango"},{"floor":43,"key":"Lantern"},{"floor":45,"key":"MawBank"},{"floor":45,"key":"Smiling Mask"},{"floor":47,"key":"Blood Vial"},{"floor":47,"key":"Dream Catcher"}],"event_choices":[{"damage_healed":0.0,"max_hp_gain":0.0,"max_hp_loss":0.0,"gold_gain":0.0,"event_name":"Scrap Ooze","player_choice":"Fled","floor":2.0,"gold_loss":0.0,"damage_taken":0.0},{"damage_healed":0.0,"max_hp_gain":0.0,"max_hp_loss":0.0,"gold_gain":0.0,"cards_transformed":["Defend_G"],"event_name":"Transmorgrifier","player_choice":"Transformed","floor":5.0,"gold_loss":0.0,"damage_taken":0.0,"cards_obtained":["Poisoned Stab"]},{"damage_healed":0.0,"max_hp_gain":0.0,"max_hp_loss":0.0,"gold_gain":0.0,"event_name":"Masked Bandits","player_choice":"Fought Bandits","floor":28.0,"gold_loss":0.0,"damage_taken":0.0},{"damage_healed":0,"gold_gain":222,"player_choice":"Wore Mask","damage_taken":0,"max_hp_gain":0,"max_hp_loss":0,"event_name":"Tomb of Lord Red Mask","floor":36,"gold_loss":0},{"damage_healed":0,"gold_gain":0,"player_choice":"Ignored","damage_taken":0,"max_hp_gain":0,"max_hp_loss":0,"event_name":"Mysterious Sphere","floor":38,"gold_loss":0},{"cards_removed":["Venomology"],"damage_healed":0,"gold_gain":0,"player_choice":"Removed Skill","damage_taken":0,"max_hp_gain":0,"max_hp_loss":0,"event_name":"Falling","floor":42,"gold_loss":0}],"is_beta":false,"boss_relics":[{"not_picked":["Ectoplasm","Eternal Feather"],"picked":"Black Star"},{"not_picked":["Sozu","Snecko Eye"],"picked":"Calling Bell"}],"items_purged_floors":[12,19,39,46],"is_endless":false,"potions_floor_spawned":[4,8,11,13,14,20,21,24,31,33,35,47,48],"ascension_level":3}