{"gold_per_floor":[111,125,137,62,80,80,114,126,152,152,152,152,52,79,79,79],"floor_reached":16,"playtime":788,"items_purged":["Strike_G","Parasite"],"score":165,"play_id":"6e4fac8d-09ad-4105-9fcb-d276196f27fa","local_time":"20190324151504","is_ascension_mode":true,"campfire_choices":[{"data":"Leg Sweep","floor":6,"key":"SMITH"},{"floor":10,"key":"REST"},{"data":"Crippling Poison","floor":12,"key":"SMITH"},{"data":"Deadly Poison","floor":15,"key":"SMITH"}],"neow_cost":"NONE","seed_source_timestamp":154293342469927,"circlet_count":0,"master_deck":["AscendersBane","Defend_G","Defend_G","Defend_G","Defend_G","Defend_G","Strike_G+1","Strike_G","Strike_G","Strike_G","Survivor","Neutralize+1","Deadly Poison+1","Leg Sweep+1","Crippling Poison+1"],"relics":["Ring of the Snake","Regal Pillow","Paper Crane","Whetstone","PreservedInsect"],"potions_floor_usage":[8,8],"damage_taken":[{"damage":0,"enemies":"Cultist","floor":1,"turns":4},{"damage":0,"enemies":"2 Louse","floor":2,"turns":4},{"damage":4,"enemies":"Small Slimes","floor":3,"turns":5},{"damage":1,"enemies":"Blue Slaver","floor":5,"turns":5},{"damage":57,"enemies":"Gremlin Nob","floor":7,"turns":7},{"damage":7,"enemies":"Large Slime","floor":8,"turns":9},{"damage":22,"enemies":"Lagavulin","floor":14,"turns":7},{"damage":47,"enemies":"Slime Boss","floor":16,"turns":12}],"seed_played":"7436306425394177750","potions_obtained":[{"floor":2,"key":"Regen Potion"},{"floor":7,"key":"LiquidBronze"}],"is_trial":false,"path_per_floor":["M","M","M","$","M","R","E","M","T","R","?","R","$","E","R","B"],"character_chosen":"THE_SILENT","items_purchased":[],"campfire_rested":1,"item_purchase_floors":[],"current_hp_per_floor":[63,63,59,59,58,58,1,9,9,45,62,62,62,40,40,0],"gold":79,"neow_bonus":"RANDOM_COMMON_RELIC","is_prod":false,"is_daily":false,"chose_seed":false,"campfire_upgraded":3,"win_rate":0,"timestamp":1553436904,"path_taken":["M","M","M","$","M","R","E","?","T","R","?","R","$","E","R","BOSS"],"build_version":"2019-01-23","purchased_purges":2,"victory":false,"max_hp_per_floor":[70,70,70,70,70,70,70,70,70,70,70,70,67,67,67,67],"card_choices":[{"not_picked":["Slice","Acrobatics"],"picked":"Deadly Poison","floor":1},{"not_picked":["Deflect","Acrobatics"],"picked":"Leg Sweep","floor":2},{"not_picked":["Prepared","Flying Knee","Backflip"],"picked":"SKIP","floor":3},{"not_picked":["Dagger Throw","Finisher","Dagger Spray"],"picked":"SKIP","floor":5},{"not_picked":["Outmaneuver","Bane","Underhanded Strike"],"picked":"SKIP","floor":7},{"not_picked":["A Thousand Cuts","Deadly Poison"],"picked":"Crippling Poison","floor":8},{"not_picked":["Slice","Blade Dance","Prepared"],"picked":"SKIP","floor":14}],"player_experience":361987,"relics_obtained":[{"floor":7,"key":"Paper Crane"},{"floor":9,"key":"Whetstone"},{"floor":14,"key":"PreservedInsect"}],"event_choices":[{"damage_healed":17,"gold_gain":0,"player_choice":"Healed and dodged fight","damage_taken":0,"max_hp_gain":0,"max_hp_loss":0,"event_name":"Mushrooms","floor":11,"gold_loss":0,"cards_obtained":["Parasite"]}],"is_beta":false,"boss_relics":[],"items_purged_floors":[4,13],"is_endless":false,"potions_floor_spawned":[2,7],"killed_by":"Slime Boss","ascension_level":10}