{"gold_per_floor":[117,167,18,18,28,28,54,54,108,120,143,173,202,214,226,315,327,355,367,294,321,333,345,40,40],"floor_reached":25,"playtime":1026,"items_purged":[],"score":448,"play_id":"cf54d1a3-2c77-4c7a-abb0-8d78c8906766","local_time":"20190427214303","is_ascension_mode":true,"campfire_choices":[{"data":"Neutralize","floor":6,"key":"SMITH"},{"data":"Crippling Poison","floor":8,"key":"SMITH"},{"data":"Dagger Spray","floor":10,"key":"SMITH"},{"data":"Caltrops","floor":15,"key":"SMITH"},{"floor":23,"key":"REST"}],"neow_cost":"NONE","seed_source_timestamp":49285226849706,"circlet_count":0,"master_deck":["AscendersBane","Defend_G+1","Defend_G+1","Defend_G+1","Defend_G+1","Defend_G+1","Strike_G+1","Strike_G+1","Strike_G+1","Strike_G+1","Strike_G+1","Survivor","Neutralize+1","Dagger Spray+1","Adrenaline","Dagger Throw","Crippling Poison+1","Caltrops+1","Predator","Bullet Time","Noxious Fumes","Footwork","After Image"],"relics":["Ring of the Serpent","NeowsBlessing","Singing Bowl","MawBank","Bag of Marbles","PreservedInsect"],"potions_floor_usage":[16,22],"damage_taken":[{"damage":0,"enemies":"2 Louse","floor":1,"turns":1},{"damage":0,"enemies":"Cultist","floor":5,"turns":1},{"damage":0,"enemies":"Gremlin Nob","floor":7,"turns":1},{"damage":1,"enemies":"Small Slimes","floor":11,"turns":3},{"damage":2,"enemies":"2 Fungi Beasts","floor":12,"turns":3},{"damage":10,"enemies":"Large Slime","floor":13,"turns":5},{"damage":30,"enemies":"The Guardian","floor":16,"turns":15},{"damage":23,"enemies":"Shell Parasite","floor":18,"turns":6},{"damage":0,"enemies":"Spheric Guardian","floor":21,"turns":6},{"damage":13,"enemies":"Colosseum Slavers","floor":22,"turns":3},{"damage":49,"enemies":"Slavers","floor":25,"turns":4}],"seed_played":"-6858454516953161050","potions_obtained":[{"floor":1,"key":"Swift Potion"},{"floor":18,"key":"Fire Potion"}],"is_trial":false,"path_per_floor":["M","?","$","T","M","R","E","R","T","R","M","M","M","?","R","B",null,"M","?","?","M","?","R","$","E"],"character_chosen":"THE_SILENT","items_purchased":["Adrenaline","PreservedInsect","After Image"],"campfire_rested":1,"item_purchase_floors":[3,24,24],"current_hp_per_floor":[59,53,53,53,53,53,53,53,53,53,52,50,42,42,42,12,54,31,31,31,31,18,38,38,0],"gold":40,"neow_bonus":"THREE_ENEMY_KILL","is_prod":false,"is_daily":false,"chose_seed":false,"campfire_upgraded":4,"win_rate":0,"timestamp":1556368983,"path_taken":["M","?","$","?","M","R","E","R","T","R","M","?","M","?","R","BOSS","M","?","?","M","?","R","$","E"],"build_version":"2019-01-23","purchased_purges":0,"victory":false,"max_hp_per_floor":[66,66,66,66,66,66,66,66,66,66,66,66,68,68,68,68,68,68,68,68,68,68,68,68,68],"card_choices":[{"not_picked":["Riddle With Holes","Flying Knee"],"picked":"Dagger Spray","floor":1},{"not_picked":["Masterful Stab","Quick Slash"],"picked":"Dagger Throw","floor":5},{"not_picked":["Prepared","Footwork"],"picked":"Crippling Poison","floor":7},{"not_picked":["Quick Slash","Dagger Spray"],"picked":"Caltrops","floor":11},{"not_picked":["Setup","Flying Knee"],"picked":"Predator","floor":12},{"not_picked":["Skewer","Sucker Punch","Underhanded Strike"],"picked":"Singing Bowl","floor":13},{"not_picked":["Doppelganger","Phantasmal Killer"],"picked":"Bullet Time","floor":16},{"not_picked":["Quick Slash","Flying Knee"],"picked":"Noxious Fumes","floor":18},{"not_picked":["Caltrops","Escape Plan"],"picked":"Footwork","floor":21}],"player_experience":1114597,"relics_obtained":[{"floor":7,"key":"Singing Bowl"},{"floor":9,"key":"MawBank"}],"event_choices":[{"damage_healed":0,"gold_gain":50,"player_choice":"Touch","damage_taken":6,"max_hp_gain":0,"max_hp_loss":0,"event_name":"FaceTrader","floor":2,"gold_loss":0},{"damage_healed":0,"gold_gain":0,"player_choice":"Searched \u00270\u0027 times","damage_taken":0,"max_hp_gain":0,"max_hp_loss":0,"event_name":"Dead Adventurer","floor":14,"gold_loss":0},{"damage_healed":0,"gold_gain":0,"player_choice":"Simplicity","damage_taken":0,"max_hp_gain":0,"max_hp_loss":0,"event_name":"Back to Basics","floor":19,"gold_loss":0,"cards_upgraded":["Defend_G","Defend_G","Defend_G","Defend_G","Defend_G","Strike_G","Strike_G","Strike_G","Strike_G","Strike_G"]},{"damage_healed":0,"gold_gain":0,"player_choice":"Obtained Relic","damage_taken":0,"relics_obtained":["Bag of Marbles"],"max_hp_gain":0,"max_hp_loss":0,"event_name":"Addict","floor":20,"gold_loss":85},{"damage_healed":0,"gold_gain":0,"player_choice":"Fight","damage_taken":0,"max_hp_gain":0,"max_hp_loss":0,"event_name":"Colosseum","floor":22,"gold_loss":0},{"damage_healed":0,"gold_gain":0,"player_choice":"Fled From Nobs","damage_taken":0,"max_hp_gain":0,"max_hp_loss":0,"event_name":"Colosseum","floor":22,"gold_loss":0}],"is_beta":false,"boss_relics":[{"not_picked":["Black Star","Calling Bell"],"picked":"Ring of the Serpent"}],"items_purged_floors":[],"is_endless":false,"potions_floor_spawned":[1,18,22],"killed_by":"Slavers","ascension_level":20}