{"gold_per_floor":[114,12,12,23,23,23,23,41,41,370,386,386],"floor_reached":12,"playtime":248,"items_purged":[],"score":152,"play_id":"bcff3eda-e8ca-49bb-acdc-55df61f292db","local_time":"20190408235035","is_ascension_mode":true,"campfire_choices":[{"data":"Hologram","floor":6,"key":"SMITH"}],"neow_cost":"TEN_PERCENT_HP_LOSS","seed_source_timestamp":779886733663500,"circlet_count":0,"master_deck":["AscendersBane","Strike_B","Strike_B","Defend_B","Defend_B","Defend_B","Zap","Dualcast","Conserve Battery","Hologram+1","Doom and Gloom","BootSequence","Coolheaded","Rebound","Conserve Battery","Redo"],"relics":["Cracked Core","Cables","Mummified Hand","Turnip","Old Coin"],"potions_floor_usage":[10,10,10],"damage_taken":[{"damage":0,"enemies":"2 Louse","floor":1,"turns":1},{"damage":0,"enemies":"Cultist","floor":4,"turns":4},{"damage":0,"enemies":"Small Slimes","floor":8,"turns":3},{"damage":51,"enemies":"Gremlin Nob","floor":10,"turns":5},{"damage":0,"enemies":"Exordium Wildlife","floor":11,"turns":3},{"damage":2,"enemies":"2 Fungi Beasts","floor":12,"turns":2}],"seed_played":"5956796746485295637","potions_obtained":[{"floor":1,"key":"Explosive Potion"},{"floor":8,"key":"EntropicBrew"},{"floor":10,"key":"Swift Potion"}],"is_trial":false,"path_per_floor":["M","$","?","M","T","R","?","M","T","E","M","M"],"character_chosen":"DEFECT","items_purchased":["Hologram","Doom and Gloom"],"campfire_rested":0,"item_purchase_floors":[2,2],"current_hp_per_floor":[64,64,64,64,64,64,53,53,53,2,2,0],"gold":386,"neow_bonus":"REMOVE_TWO","is_prod":false,"is_daily":false,"chose_seed":false,"campfire_upgraded":1,"win_rate":0,"timestamp":1554760235,"path_taken":["M","$","?","?","?","R","?","M","T","E","M","M"],"build_version":"2019-01-23","purchased_purges":0,"victory":false,"max_hp_per_floor":[64,64,64,64,64,64,64,64,64,64,64,64],"card_choices":[{"not_picked":["Reprogram","Stack"],"picked":"Conserve Battery","floor":1},{"not_picked":["Hologram","Conserve Battery"],"picked":"Coolheaded","floor":4},{"not_picked":["Auto Shields","Steam Power"],"picked":"Rebound","floor":8},{"not_picked":["Compile Driver","Hello World"],"picked":"Conserve Battery","floor":10},{"not_picked":["Recycle","Steam"],"picked":"Redo","floor":11}],"player_experience":518984,"relics_obtained":[{"floor":5,"key":"Cables"},{"floor":9,"key":"Turnip"},{"floor":10,"key":"Old Coin"}],"event_choices":[{"damage_healed":0,"gold_gain":0,"cards_transformed":["Strike_B"],"player_choice":"Transformed","damage_taken":0,"max_hp_gain":0,"max_hp_loss":0,"event_name":"Transmorgrifier","floor":3,"gold_loss":0,"cards_obtained":["BootSequence"]},{"damage_healed":0,"gold_gain":0,"player_choice":"Success","damage_taken":11,"relics_obtained":["Mummified Hand"],"max_hp_gain":0,"max_hp_loss":0,"event_name":"Scrap Ooze","floor":7,"gold_loss":0}],"is_beta":false,"boss_relics":[],"items_purged_floors":[],"is_endless":false,"potions_floor_spawned":[1,8,10,11],"killed_by":"2 Fungi Beasts","ascension_level":19}