{"gold_per_floor":[112,112,287,212,224,224,242,242,242,242,256,256],"floor_reached":12,"playtime":295,"items_purged":["Doubt"],"score":68,"play_id":"829713ba-de65-4957-8c20-f8c0cd282607","local_time":"20190430134232","is_ascension_mode":false,"campfire_choices":[{"data":"Clothesline","floor":10,"key":"SMITH"}],"neow_cost":"NONE","seed_source_timestamp":0,"circlet_count":0,"master_deck":["Strike_R","Strike_R+1","Strike_R","Strike_R+1","Defend_R","Defend_R","Defend_R","Defend_R","Bash","Power Through","Clothesline+1","True Grit","Flex"],"relics":["Burning Blood","Torii","Darkstone Periapt"],"potions_floor_usage":[],"damage_taken":[{"damage":7,"enemies":"Small Slimes","floor":1,"turns":4},{"damage":2,"enemies":"Jaw Worm","floor":5,"turns":4},{"damage":8,"enemies":"2 Louse","floor":7,"turns":4},{"damage":0,"enemies":"Blue Slaver","floor":11,"turns":4}],"seed_played":"-8604964176392358456","potions_obtained":[{"floor":5,"key":"Weak Potion"},{"floor":11,"key":"Explosive Potion"}],"is_trial":false,"path_per_floor":["M","?","?","$","M","?","M","?","T","R","M","$"],"character_chosen":"IRONCLAD","items_purchased":[],"campfire_rested":0,"item_purchase_floors":[],"current_hp_per_floor":[79,79,79,79,80,80,78,62,62,62,68,68],"gold":256,"neow_bonus":"TRANSFORM_CARD","is_prod":false,"is_daily":false,"chose_seed":true,"campfire_upgraded":1,"win_rate":0,"timestamp":1556649752,"path_taken":["M","?","?","$","M","?","?","?","T","R","M","$"],"build_version":"2019-01-23","purchased_purges":1,"victory":false,"max_hp_per_floor":[80,80,80,80,80,80,80,80,80,80,80,80],"card_choices":[{"not_picked":["Wild Strike","Body Slam"],"picked":"Clothesline","floor":1},{"not_picked":["Bloodletting","Warcry","Evolve"],"picked":"SKIP","floor":5},{"not_picked":["Heavy Blade","Wild Strike"],"picked":"True Grit","floor":7},{"not_picked":["Sword Boomerang","Rupture"],"picked":"Flex","floor":11}],"player_experience":16217,"relics_obtained":[{"floor":9,"key":"Darkstone Periapt"}],"event_choices":[{"damage_healed":0,"gold_gain":0,"player_choice":"Box","damage_taken":0,"relics_obtained":["Torii"],"max_hp_gain":0,"max_hp_loss":0,"event_name":"Big Fish","floor":2,"gold_loss":0,"cards_obtained":["Regret"]},{"damage_healed":0,"gold_gain":175,"player_choice":"AGREE","damage_taken":0,"max_hp_gain":0,"max_hp_loss":0,"event_name":"Liars Game","floor":3,"gold_loss":0,"cards_obtained":["Doubt"]},{"cards_removed":["Regret"],"damage_healed":0,"gold_gain":0,"player_choice":"Forget","damage_taken":0,"max_hp_gain":0,"max_hp_loss":0,"event_name":"Living Wall","floor":6,"gold_loss":0},{"damage_healed":0,"gold_gain":0,"player_choice":"Entered Light","damage_taken":16,"max_hp_gain":0,"max_hp_loss":0,"event_name":"Shining Light","floor":8,"gold_loss":0,"cards_upgraded":["Strike_R","Strike_R"]}],"is_beta":false,"boss_relics":[],"items_purged_floors":[4],"is_endless":false,"potions_floor_spawned":[5,11],"ascension_level":0}