{"gold_per_floor":[114,129,129,144,159,159,189,189,189,39,39,69,84,99,99,199,199,214,214,215,65,80,80,110,110,160,160,175,190,205,205,205,305,305,320,335,350,31,31,31,46,46,46,61,61,161,176,191,191,191],"floor_reached":51,"playtime":4045,"items_purged":[],"score":756,"play_id":"038b0f42-a2cf-4978-9ef4-6216750cf5e7","local_time":"20190318214246","daily_mods":["Insanity","Hoarder","Lethality"],"is_ascension_mode":false,"campfire_choices":[{"data":"Outmaneuver","floor":6,"key":"SMITH"},{"floor":8,"key":"REST"},{"data":"PiercingWail","floor":11,"key":"SMITH"},{"data":"Distraction","floor":15,"key":"SMITH"},{"data":"Outmaneuver","floor":23,"key":"SMITH"},{"floor":25,"key":"REST"},{"floor":32,"key":"REST"},{"floor":40,"key":"REST"},{"floor":42,"key":"REST"},{"data":"A Thousand Cuts","floor":45,"key":"SMITH"},{"data":"Master of Strategy","floor":49,"key":"SMITH"}],"neow_cost":"","seed_source_timestamp":0,"circlet_count":0,"master_deck":["Choke","Poisoned Stab","Dagger Spray","Caltrops","Poisoned Stab","Dodge and Roll","Outmaneuver","Deflect","PiercingWail","Dagger Throw","Bane","Choke","Backflip+1","Dodge and Roll","Blade Dance","Slice","Acrobatics","Sucker Punch","Quick Slash","Catalyst","Masterful Stab","Outmaneuver+1","Accuracy","Dagger Spray","Calculated Gamble","Cloak And Dagger","Deflect","Dagger Spray","Escape Plan+1","Skewer","Dagger Throw","Deadly Poison","Calculated Gamble","Concentrate","Dagger Throw","Acrobatics","Dash","Bane","Deadly Poison","Masterful Stab","Distraction","Escape Plan","Distraction+1","Slice","Finisher","Sucker Punch","Skewer","Outmaneuver+1","PiercingWail+1","PiercingWail","PiercingWail","Leg Sweep","Leg Sweep","Leg Sweep","A Thousand Cuts+1","A Thousand Cuts","A Thousand Cuts","Deflect+1","Deflect+1","Deflect+1","Storm of Steel","Storm of Steel","Storm of Steel","Flying Knee+1","Flying Knee+1","Flying Knee+1","PiercingWail+1","PiercingWail+1","PiercingWail+1","Parasite","Parasite","Parasite","Well Laid Plans","Well Laid Plans","Well Laid Plans","Master of Strategy","Master of Strategy+1","Master of Strategy","Prepared+1","Prepared+1","Prepared+1","Malaise","Malaise","Malaise","Backstab+1","Backstab+1","Backstab+1"],"special_seed":17974,"relics":["Ring of the Snake","Shovel","Boot","PreservedInsect","Matryoshka","Busted Crown","Red Mask","Bag of Marbles","The Specimen","Juzu Bracelet","War Paint","Dream Catcher","Question Card","Philosopher\u0027s Stone","Incense Burner","Bird Faced Urn"],"potions_floor_usage":[16,33,50,50,50],"damage_taken":[{"damage":0,"enemies":"2 Louse","floor":1,"turns":1},{"damage":0,"enemies":"Cultist","floor":2,"turns":2},{"damage":0,"enemies":"Jaw Worm","floor":4,"turns":2},{"damage":0,"enemies":"Large Slime","floor":5,"turns":3},{"damage":31,"enemies":"3 Sentries","floor":7,"turns":5},{"damage":0,"enemies":"Gremlin Nob","floor":12,"turns":2},{"damage":0,"enemies":"Blue Slaver","floor":13,"turns":2},{"damage":0,"enemies":"Looter","floor":14,"turns":1},{"damage":49,"enemies":"Hexaghost","floor":16,"turns":10},{"damage":0,"enemies":"3 Byrds","floor":18,"turns":2},{"damage":0,"enemies":"Masked Bandits","floor":20,"turns":3},{"damage":20,"enemies":"Shell Parasite","floor":22,"turns":5},{"damage":16,"enemies":"Book of Stabbing","floor":24,"turns":5},{"damage":0,"enemies":"Snake Plant","floor":28,"turns":2},{"damage":15,"enemies":"Centurion and Healer","floor":29,"turns":3},{"damage":14,"enemies":"3 Cultists","floor":30,"turns":4},{"damage":43,"enemies":"Collector","floor":33,"turns":9},{"damage":7,"enemies":"Orb Walker","floor":35,"turns":2},{"damage":0,"enemies":"3 Shapes","floor":36,"turns":5},{"damage":23,"enemies":"Writhing Mass","floor":37,"turns":6},{"damage":5,"enemies":"3 Darklings","floor":41,"turns":2},{"damage":5,"enemies":"4 Shapes","floor":44,"turns":4},{"damage":0,"enemies":"Mind Bloom Boss Battle","floor":46,"turns":3},{"damage":0,"enemies":"Spire Growth","floor":47,"turns":2},{"damage":0,"enemies":"3 Darklings","floor":48,"turns":1},{"damage":72,"enemies":"Donu and Deca","floor":50,"turns":12}],"seed_played":"5487330294901235935","potions_obtained":[{"floor":1,"key":"Fire Potion"},{"floor":5,"key":"Weak Potion"},{"floor":13,"key":"SkillPotion"},{"floor":14,"key":"Explosive Potion"},{"floor":16,"key":"Weak Potion"},{"floor":18,"key":"Dexterity Potion"},{"floor":30,"key":"Energy Potion"},{"floor":33,"key":"Dexterity Potion"}],"is_trial":false,"path_per_floor":["M","M","?","M","M","R","E","R","T","$","R","E","M","M","R","B",null,"M","?","?","$","M","R","E","R","T","?","M","M","M","T","R","B",null,"M","M","M","$","?","R","M","R","T","M","R","?","M","M","R","B",null],"character_chosen":"THE_SILENT","items_purchased":["PreservedInsect","Bag of Marbles","Well Laid Plans","Master of Strategy","Regen Potion"],"campfire_rested":5,"item_purchase_floors":[10,21,38,38,38],"current_hp_per_floor":[70,70,70,70,70,70,39,60,60,60,60,60,60,60,60,11,70,70,70,70,70,50,50,34,55,55,55,55,40,26,26,47,4,70,63,63,40,40,40,61,56,70,70,65,65,65,65,65,65,18],"gold":191,"neow_bonus":"","is_prod":false,"is_daily":true,"chose_seed":false,"campfire_upgraded":6,"win_rate":0,"timestamp":1552959766,"path_taken":["M","M","?","M","M","R","E","R","T","?","R","E","M","M","R","BOSS","M","?","?","$","M","R","E","R","T","?","M","M","M","?","R","BOSS","M","M","M","$","?","R","M","R","T","M","R","?","M","M","R","BOSS"],"build_version":"2019-01-23","purchased_purges":0,"victory":true,"max_hp_per_floor":[70,70,70,70,70,70,70,70,70,70,70,70,70,70,70,70,70,70,70,70,70,70,70,70,70,70,70,70,70,70,70,70,70,70,70,70,70,70,70,70,70,70,70,70,70,70,70,70,70,70],"card_choices":[{"not_picked":["Deflect","Eviscerate","Heel Hook"],"picked":"SKIP","floor":1},{"not_picked":["Outmaneuver","Accuracy","Bouncing Flask"],"picked":"SKIP","floor":2},{"not_picked":["Reflex","Blade Dance","Escape Plan"],"picked":"SKIP","floor":4},{"not_picked":["Dagger Spray","Bouncing Flask","Underhanded Strike"],"picked":"SKIP","floor":5},{"not_picked":["Poisoned Stab","Cloak And Dagger"],"picked":"PiercingWail","floor":7},{"not_picked":["Flying Knee","Dash","Heel Hook"],"picked":"SKIP","floor":12},{"not_picked":["Quick Slash","Dagger Throw","Poisoned Stab"],"picked":"SKIP","floor":13},{"not_picked":["Setup","Night Terror"],"picked":"Leg Sweep","floor":14},{"not_picked":["Storm of Steel","Phantasmal Killer"],"picked":"A Thousand Cuts","floor":16},{"not_picked":["Quick Slash+1"],"picked":"SKIP","floor":18},{"not_picked":["Dodge and Roll"],"picked":"SKIP","floor":22},{"not_picked":["Riddle With Holes"],"picked":"SKIP","floor":24},{"not_picked":["Cloak And Dagger"],"picked":"SKIP","floor":28},{"not_picked":["Dagger Spray"],"picked":"SKIP","floor":29},{"not_picked":["Accuracy+1"],"picked":"SKIP","floor":30},{"not_picked":["Setup+1"],"picked":"Deflect+1","floor":32},{"not_picked":["Doppelganger"],"picked":"Storm of Steel","floor":33},{"not_picked":["Sucker Punch+1"],"picked":"Flying Knee+1","floor":35},{"not_picked":["Underhanded Strike+1"],"picked":"PiercingWail+1","floor":36},{"not_picked":["Backflip","Flechettes"],"picked":"SKIP","floor":37},{"not_picked":["Dagger Throw+1"],"picked":"Prepared+1","floor":40},{"not_picked":["Accuracy+1"],"picked":"Malaise","floor":41},{"not_picked":["Dagger Spray"],"picked":"Backstab+1","floor":42},{"not_picked":["Dagger Spray+1","Sucker Punch+1"],"picked":"SKIP","floor":44},{"not_picked":["Dagger Throw+1","Flechettes"],"picked":"SKIP","floor":47},{"not_picked":["Deflect","Bouncing Flask"],"picked":"SKIP","floor":48}],"player_experience":87039,"relics_obtained":[{"floor":7,"key":"Shovel"},{"floor":9,"key":"Boot"},{"floor":12,"key":"Matryoshka"},{"floor":20,"key":"Red Mask"},{"floor":24,"key":"The Specimen"},{"floor":26,"key":"Juzu Bracelet"},{"floor":26,"key":"War Paint"},{"floor":31,"key":"Dream Catcher"},{"floor":31,"key":"Question Card"},{"floor":43,"key":"Incense Burner"},{"floor":46,"key":"Bird Faced Urn"}],"event_choices":[{"cards_removed":["Prepared"],"damage_healed":5,"gold_gain":0,"player_choice":"Offered Common","damage_taken":0,"max_hp_gain":0,"max_hp_loss":0,"event_name":"Bonfire Elementals","floor":3,"gold_loss":0},{"cards_removed":["Prepared"],"damage_healed":5,"gold_gain":0,"player_choice":"Offered Special","damage_taken":0,"max_hp_gain":0,"max_hp_loss":0,"event_name":"Bonfire Elementals","floor":3,"gold_loss":0},{"damage_healed":0,"gold_gain":0,"player_choice":"Ignored","damage_taken":0,"max_hp_gain":0,"max_hp_loss":0,"event_name":"Cursed Tome","floor":19,"gold_loss":0},{"damage_healed":0,"gold_gain":0,"player_choice":"Fought Bandits","damage_taken":0,"max_hp_gain":0,"max_hp_loss":0,"event_name":"Masked Bandits","floor":20,"gold_loss":0},{"damage_healed":0,"gold_gain":0,"player_choice":"Ignored","damage_taken":0,"max_hp_gain":0,"max_hp_loss":0,"event_name":"Ghosts","floor":27,"gold_loss":0},{"cards_removed":["Deadly Poison"],"damage_healed":0,"gold_gain":0,"player_choice":"Removed Skill","damage_taken":0,"max_hp_gain":0,"max_hp_loss":0,"event_name":"Falling","floor":39,"gold_loss":0},{"damage_healed":0,"gold_gain":0,"player_choice":"Fight","damage_taken":0,"max_hp_gain":0,"max_hp_loss":0,"event_name":"MindBloom","floor":46,"gold_loss":0}],"is_beta":false,"boss_relics":[{"not_picked":["Sozu","WristBlade"],"picked":"Busted Crown"},{"not_picked":["Cursed Key","Tiny House"],"picked":"Philosopher\u0027s Stone"}],"items_purged_floors":[],"is_endless":false,"potions_floor_spawned":[1,5,13,14,16,18,24,30,33,41,44,47],"ascension_level":0}