{"gold_per_floor":[119,31,41,41,41,69,69,94,120,178,143,143,154,154,154,250,250,263,263,263,188,232,232,285,305,353,367,367,367,51,84,84,177,177,193,21,354,354,252,252,283,295,295,313,313,27,47,73,73,73],"floor_reached":50,"playtime":2512,"items_purged":["Injury"],"score":1455,"play_id":"9f6af303-4ae2-44ac-b08a-17b44735dd15","local_time":"20190408021345","is_ascension_mode":true,"campfire_choices":[{"floor":7.0,"key":"REST"},{"data":"Coolheaded","floor":12.0,"key":"SMITH"},{"data":"Deep Breath","floor":15.0,"key":"SMITH"},{"data":"Defragment","floor":23.0,"key":"SMITH"},{"floor":32.0,"key":"REST"},{"data":"Dualcast","floor":40.0,"key":"SMITH"},{"data":"Coolheaded","floor":45.0,"key":"SMITH"},{"floor":49.0,"key":"REST"}],"neow_cost":"NONE","seed_source_timestamp":699226539993300,"circlet_count":0,"master_deck":["AscendersBane","Strike_B+1","Defend_B+1","Defend_B+1","Defend_B+1","Defend_B+1","Zap+1","Dualcast+1","Deep Breath+1","Streamline","FTL+1","Coolheaded+1","Biased Cognition","Conserve Battery","Go for the Eyes+1","Coolheaded+1","All For One","Aggregate+1","Amplify+1","Scrape+1","Go for the Eyes","Defragment+1","Coolheaded+1","Fusion+1","Conserve Battery+1","Coolheaded+1","Secret Weapon+1","Fission+1","Conserve Battery+1","Capacitor","Deep Breath+1","Forethought+1","Conserve Battery+1","Coolheaded+1","Defragment+1","Flash of Steel","Transmutation+1"],"special_seed":0,"relics":["Cracked Core","Boot","Pen Nib","Juzu Bracelet","Blood Vial","Orichalcum","Astrolabe","Toxic Egg 2","Red Mask","Anchor","Whetstone","MutagenicStrength","Oddly Smooth Stone","Busted Crown","Centennial Puzzle","Kunai","Smiling Mask"],"potions_floor_usage":[50,50],"damage_taken":[{"damage":10.0,"enemies":"Small Slimes","floor":1.0,"turns":3.0},{"damage":7.0,"enemies":"Jaw Worm","floor":3.0,"turns":3.0},{"damage":28.0,"enemies":"3 Sentries","floor":6.0,"turns":6.0},{"damage":14.0,"enemies":"Lagavulin","floor":8.0,"turns":5.0},{"damage":0.0,"enemies":"Gremlin Nob","floor":10.0,"turns":3.0},{"damage":4.0,"enemies":"2 Louse","floor":13.0,"turns":2.0},{"damage":38.0,"enemies":"The Guardian","floor":16.0,"turns":14.0},{"damage":0.0,"enemies":"3 Byrds","floor":18.0,"turns":4.0},{"damage":8.0,"enemies":"Masked Bandits","floor":22.0,"turns":5.0},{"damage":2.0,"enemies":"Shell Parasite","floor":25.0,"turns":4.0},{"damage":9.0,"enemies":"3 Cultists","floor":27.0,"turns":6.0},{"damage":24.0,"enemies":"Gremlin Leader","floor":31.0,"turns":8.0},{"damage":33.0,"enemies":"Automaton","floor":33.0,"turns":13.0},{"damage":0.0,"enemies":"Orb Walker","floor":35.0,"turns":4.0},{"damage":8.0,"enemies":"Nemesis","floor":41.0,"turns":6.0},{"damage":0.0,"enemies":"3 Shapes","floor":42.0,"turns":5.0},{"damage":0.0,"enemies":"Jaw Worm Horde","floor":44.0,"turns":4.0},{"damage":13.0,"enemies":"Spire Growth","floor":47.0,"turns":4.0},{"damage":32.0,"enemies":"Reptomancer","floor":48.0,"turns":6.0},{"damage":55,"enemies":"Time Eater","floor":50,"turns":17}],"seed_played":"-902707016870211242","potions_obtained":[{"floor":3.0,"key":"FearPotion"},{"floor":6.0,"key":"FearPotion"},{"floor":8.0,"key":"Dexterity Potion"},{"floor":27.0,"key":"Energy Potion"},{"floor":33.0,"key":"SkillPotion"},{"floor":44.0,"key":"Dexterity Potion"}],"is_trial":false,"path_per_floor":["M","$","M","?","?","E","R","E","T","?","?","R","M","?","R","B",null,"M","?","?","?","?","R","T","M","T","M","?","?","$","E","R","B",null,"M","$","?","?","$","R","E","M","T","M","R","$","M","E","R","B"],"character_chosen":"DEFECT","items_purchased":["FTL","Coolheaded+1","Secret Weapon+1","Capacitor","Deep Breath+1","Forethought+1","Flash of Steel","Transmutation+1"],"campfire_rested":3,"item_purchase_floors":[2,30,30,36,36,39,46,46],"current_hp_per_floor":[54,54,47,42,42,14,35,21,21,23,40,40,38,38,38,2,54,56,56,56,56,50,50,50,50,50,43,43,43,43,21,42,11,56,58,58,58,58,58,58,52,54,54,56,56,56,45,15,36,0],"gold":73,"neow_bonus":"RANDOM_COLORLESS","is_prod":false,"is_daily":false,"chose_seed":false,"campfire_upgraded":5,"win_rate":0,"timestamp":1554682425,"path_taken":["M","$","M","?","?","E","R","E","T","?","?","R","M","?","R","BOSS","M","?","?","?","?","R","?","M","T","M","?","?","$","E","R","BOSS","M","$","?","?","$","R","E","M","T","M","R","$","M","E","R","BOSS"],"build_version":"2019-01-23","purchased_purges":1,"victory":false,"max_hp_per_floor":[71,71,71,71,71,71,71,71,71,71,71,71,71,71,71,71,71,71,71,71,71,71,71,71,71,71,71,71,71,71,71,71,71,71,71,71,71,71,71,71,71,71,71,71,71,71,71,71,71,71],"card_choices":[{"not_picked":["Cold Snap","Lockon"],"picked":"Streamline","floor":1.0},{"not_picked":["Sweeping Beam","Turbo"],"picked":"Coolheaded","floor":3.0},{"not_picked":["Steam","Doom and Gloom"],"picked":"Biased Cognition","floor":6.0},{"not_picked":["Beam Cell","Stack"],"picked":"Conserve Battery","floor":8.0},{"not_picked":["Turbo","Redo"],"picked":"Go for the Eyes","floor":10.0},{"not_picked":["Ball Lightning","Genetic Algorithm"],"picked":"Coolheaded","floor":13.0},{"not_picked":["Seek","Biased Cognition"],"picked":"All For One","floor":16.0},{"not_picked":["Gash","Steam"],"picked":"Go for the Eyes","floor":18.0},{"not_picked":["Rebound","Melter"],"picked":"Coolheaded+1","floor":22.0},{"not_picked":["Loop","Skim+1"],"picked":"Fusion+1","floor":25.0},{"not_picked":["Tempest+1","Skim+1"],"picked":"Conserve Battery+1","floor":27.0},{"not_picked":["Multi-Cast+1","Streamline","Cold Snap"],"picked":"SKIP","floor":31.0},{"not_picked":["Rainbow+1","Creative AI"],"picked":"Fission+1","floor":33.0},{"not_picked":[],"picked":"Conserve Battery+1","floor":35.0},{"not_picked":[],"picked":"Conserve Battery+1","floor":41.0},{"not_picked":[],"picked":"Coolheaded+1","floor":42.0},{"not_picked":[],"picked":"Defragment+1","floor":44.0},{"not_picked":["Sweeping Beam"],"picked":"SKIP","floor":47.0},{"not_picked":["Sunder"],"picked":"SKIP","floor":48.0}],"player_experience":512843,"relics_obtained":[{"floor":6.0,"key":"Pen Nib"},{"floor":8.0,"key":"Juzu Bracelet"},{"floor":9.0,"key":"Blood Vial"},{"floor":10.0,"key":"Orichalcum"},{"floor":22.0,"key":"Red Mask"},{"floor":24.0,"key":"Anchor"},{"floor":26.0,"key":"Whetstone"},{"floor":31.0,"key":"Oddly Smooth Stone"},{"floor":41.0,"key":"Centennial Puzzle"},{"floor":43.0,"key":"Kunai"},{"floor":48.0,"key":"Smiling Mask"}],"event_choices":[{"damage_healed":0.0,"max_hp_gain":0.0,"max_hp_loss":0.0,"gold_gain":0.0,"event_name":"Scrap Ooze","player_choice":"Success","floor":4.0,"gold_loss":0.0,"damage_taken":5.0,"relics_obtained":["Boot"]},{"damage_healed":0.0,"max_hp_gain":0.0,"max_hp_loss":0.0,"gold_gain":0.0,"event_name":"Living Wall","player_choice":"Grow","floor":5.0,"gold_loss":0.0,"damage_taken":0.0,"cards_upgraded":["Zap"]},{"damage_healed":0.0,"max_hp_gain":0.0,"max_hp_loss":0.0,"gold_gain":0.0,"event_name":"Dead Adventurer","player_choice":"Searched \u00271\u0027 times","floor":10.0,"gold_loss":0.0,"damage_taken":0.0},{"damage_healed":17.0,"max_hp_gain":0.0,"max_hp_loss":0.0,"gold_gain":0.0,"event_name":"The Cleric","player_choice":"Healed","floor":11.0,"gold_loss":35.0,"damage_taken":0.0},{"damage_healed":0.0,"max_hp_gain":0.0,"max_hp_loss":0.0,"gold_gain":0.0,"event_name":"Golden Idol","player_choice":"Take Wound","floor":14.0,"gold_loss":0.0,"damage_taken":0.0,"relics_obtained":["Golden Idol"],"cards_obtained":["Injury"]},{"damage_healed":0.0,"max_hp_gain":0.0,"max_hp_loss":0.0,"gold_gain":0.0,"event_name":"The Library","player_choice":"Read","floor":19.0,"gold_loss":0.0,"damage_taken":0.0,"cards_obtained":["Defragment"]},{"damage_healed":0.0,"max_hp_gain":0.0,"max_hp_loss":0.0,"gold_gain":0.0,"event_name":"Addict","player_choice":"Stole Relic","floor":20.0,"gold_loss":0.0,"damage_taken":0.0,"relics_obtained":["Toxic Egg 2"],"cards_obtained":["Shame"]},{"cards_removed":["Shame"],"damage_healed":0.0,"max_hp_gain":0.0,"max_hp_loss":0.0,"gold_gain":0.0,"event_name":"Beggar","player_choice":"Gave Gold","floor":21.0,"gold_loss":75.0,"damage_taken":0.0},{"damage_healed":0.0,"max_hp_gain":0.0,"max_hp_loss":0.0,"gold_gain":0.0,"event_name":"Masked Bandits","player_choice":"Fought Bandits","floor":22.0,"gold_loss":0.0,"damage_taken":0.0},{"damage_healed":0.0,"max_hp_gain":0.0,"max_hp_loss":0.0,"gold_gain":0.0,"event_name":"Drug Dealer","player_choice":"Inject Mutagens","floor":28.0,"gold_loss":0.0,"damage_taken":0.0,"relics_obtained":["MutagenicStrength"]},{"damage_healed":0.0,"max_hp_gain":0.0,"max_hp_loss":0.0,"gold_gain":0.0,"event_name":"Back to Basics","player_choice":"Simplicity","floor":29.0,"gold_loss":0.0,"damage_taken":0.0,"cards_upgraded":["Strike_B","Defend_B","Defend_B","Defend_B","Defend_B"]},{"damage_healed":0.0,"max_hp_gain":0.0,"max_hp_loss":0.0,"gold_gain":333.0,"event_name":"The Moai Head","player_choice":"Gave Idol","floor":37.0,"relics_lost":["Golden Idol"],"gold_loss":0.0,"damage_taken":0.0},{"damage_healed":0.0,"max_hp_gain":0.0,"max_hp_loss":0.0,"gold_gain":0.0,"event_name":"SecretPortal","player_choice":"Ignored","floor":38.0,"gold_loss":0.0,"damage_taken":0.0}],"is_beta":false,"boss_relics":[{"not_picked":["Ectoplasm","Orrery"],"picked":"Astrolabe"},{"not_picked":["Runic Pyramid","Pandora\u0027s Box"],"picked":"Busted Crown"}],"items_purged_floors":[30],"is_endless":false,"potions_floor_spawned":[3,6,8,27,33,44,48],"killed_by":"Time Eater","ascension_level":19}