{"gold_per_floor":[111,130,130,19,44,44,62,62,88,113,154,166,193,218,230,340,352,380,392,329,27,27,27,40,54,100,113,137,137,150,163,163,257,257,281,295,295,295],"floor_reached":38,"playtime":2247,"items_purged":[],"score":676,"play_id":"7b77c36a-f8af-47dd-981b-0e7eec72c1a4","local_time":"20190121003128","is_ascension_mode":true,"campfire_choices":[{"data":"Neutralize","floor":6,"key":"SMITH"},{"data":"Predator","floor":8,"key":"SMITH"},{"data":"Noxious Fumes","floor":12,"key":"SMITH"},{"data":"Cloak And Dagger","floor":15,"key":"SMITH"},{"data":"Blind","floor":23,"key":"SMITH"},{"data":"Riddle With Holes","floor":29,"key":"SMITH"},{"data":"Corpse Explosion","floor":32,"key":"SMITH"}],"neow_cost":"NONE","seed_source_timestamp":1379766753077973,"circlet_count":0,"master_deck":["AscendersBane","Defend_G","Defend_G","Defend_G","Defend_G","Defend_G","Survivor","Neutralize+1","PiercingWail","Well Laid Plans","Predator+1","Heel Hook","Noxious Fumes+1","Cloak And Dagger+1","Corpse Explosion+1","Riddle With Holes+1","Bite","Bite","Bite","Bite","Burst","Blind+1","Escape Plan","Flying Knee","Crippling Poison","Bullet Time","Dagger Spray+1","Sucker Punch+1"],"relics":["Ring of the Snake","Golden Idol","MawBank","Odd Mushroom","White Beast Statue","Oddly Smooth Stone","Art of War","Snecko Eye"],"potions_floor_usage":[11,16,27,28,28,31,33,33],"damage_taken":[{"damage":3,"enemies":"Jaw Worm","floor":1,"turns":7},{"damage":3,"enemies":"2 Louse","floor":2,"turns":4},{"damage":0,"enemies":"Small Slimes","floor":5,"turns":4},{"damage":3,"enemies":"Exordium Thugs","floor":7,"turns":4},{"damage":0,"enemies":"3 Louse","floor":10,"turns":4},{"damage":14,"enemies":"The Mushroom Lair","floor":11,"turns":5},{"damage":0,"enemies":"Looter","floor":13,"turns":3},{"damage":9,"enemies":"2 Fungi Beasts","floor":14,"turns":3},{"damage":6,"enemies":"Slime Boss","floor":16,"turns":11},{"damage":1,"enemies":"Chosen","floor":18,"turns":6},{"damage":12,"enemies":"Spheric Guardian","floor":24,"turns":6},{"damage":30,"enemies":"Cultist and Chosen","floor":25,"turns":7},{"damage":7,"enemies":"3 Cultists","floor":27,"turns":4},{"damage":5,"enemies":"Shelled Parasite and Fungi","floor":28,"turns":9},{"damage":6,"enemies":"Centurion and Healer","floor":30,"turns":7},{"damage":0,"enemies":"3 Cultists","floor":31,"turns":3},{"damage":24,"enemies":"Collector","floor":33,"turns":12},{"damage":11,"enemies":"3 Shapes","floor":35,"turns":4},{"damage":0,"enemies":"3 Darklings","floor":36,"turns":2},{"damage":45,"enemies":"Transient","floor":38,"turns":5}],"seed_played":"-5770897136639444848","potions_obtained":[{"floor":0,"key":"GhostInAJar"},{"floor":0,"key":"Energy Potion"},{"floor":18,"key":"GamblersBrew"},{"floor":24,"key":"Ancient Potion"},{"floor":25,"key":"FearPotion"},{"floor":27,"key":"Regen Potion"},{"floor":28,"key":"Dexterity Potion"},{"floor":30,"key":"FearPotion"},{"floor":31,"key":"FearPotion"},{"floor":33,"key":"SkillPotion"},{"floor":35,"key":"GhostInAJar"},{"floor":36,"key":"Weak Potion"}],"is_trial":false,"path_per_floor":["M","M","?","$","M","R","M","R","T","M","?","R","M","M","R","B",null,"M","?","?","$","?","R","M","M","T","M","M","R","M","M","R","B",null,"M","M","?","M"],"character_chosen":"THE_SILENT","items_purchased":["Well Laid Plans","Predator","Oddly Smooth Stone","Burst","Blind"],"campfire_rested":0,"item_purchase_floors":[4,4,21,21,21],"current_hp_per_floor":[56,53,53,53,53,53,50,50,50,50,36,36,36,27,27,21,50,49,42,42,42,42,42,34,14,14,13,41,41,42,42,42,30,39,33,37,37,0],"gold":295,"neow_bonus":"THREE_SMALL_POTIONS","is_prod":false,"is_daily":false,"chose_seed":false,"campfire_upgraded":7,"win_rate":0,"timestamp":1547998288,"path_taken":["M","M","?","$","M","R","M","R","T","M","?","R","M","M","R","BOSS","M","?","?","?","?","R","M","M","T","M","M","R","M","M","R","BOSS","M","M","?","M"],"build_version":"2019-01-17v2","purchased_purges":0,"victory":false,"max_hp_per_floor":[66,66,60,60,60,60,60,60,60,60,60,60,60,60,60,60,60,60,42,42,42,42,42,42,42,42,42,42,42,42,42,42,42,42,42,42,42,42],"card_choices":[{"not_picked":["Acrobatics","Quick Slash"],"picked":"Calculated Gamble","floor":1},{"not_picked":["Flying Knee","Backflip"],"picked":"PiercingWail","floor":2},{"not_picked":["Setup","Slice","PiercingWail"],"picked":"SKIP","floor":5},{"not_picked":["Acrobatics","Accuracy"],"picked":"Heel Hook","floor":7},{"not_picked":["Skewer","Blade Dance"],"picked":"Noxious Fumes","floor":10},{"not_picked":["Heel Hook","Flying Knee","Slice"],"picked":"SKIP","floor":13},{"not_picked":["Dodge and Roll","Endless Agony"],"picked":"Cloak And Dagger","floor":14},{"not_picked":["Bullet Time","Tools of the Trade"],"picked":"Corpse Explosion","floor":16},{"not_picked":["Quick Slash","Deflect"],"picked":"Riddle With Holes","floor":18},{"not_picked":["Blade Dance","Dagger Throw","Underhanded Strike"],"picked":"SKIP","floor":24},{"not_picked":["Blade Dance+1","Outmaneuver","Dagger Throw+1"],"picked":"SKIP","floor":25},{"not_picked":["Flying Knee","Bane","Endless Agony"],"picked":"SKIP","floor":27},{"not_picked":["Accuracy","Slice"],"picked":"Escape Plan","floor":28},{"not_picked":["Setup","Outmaneuver"],"picked":"Flying Knee","floor":30},{"not_picked":["Sucker Punch","Expertise"],"picked":"Crippling Poison","floor":31},{"not_picked":["A Thousand Cuts","Storm of Steel"],"picked":"Bullet Time","floor":33},{"not_picked":["Calculated Gamble","Deadly Poison"],"picked":"Dagger Spray+1","floor":35},{"not_picked":["Blur","Dodge and Roll"],"picked":"Sucker Punch+1","floor":36}],"player_experience":410240,"relics_obtained":[{"floor":9,"key":"MawBank"},{"floor":11,"key":"Odd Mushroom"},{"floor":26,"key":"Art of War"}],"event_choices":[{"damage_healed":0,"gold_gain":0,"player_choice":"Lose Max HP","damage_taken":0,"relics_obtained":["Golden Idol"],"max_hp_gain":0,"max_hp_loss":6,"event_name":"Golden Idol","floor":3,"gold_loss":0},{"damage_healed":0,"gold_gain":0,"player_choice":"Fought Mushrooms","damage_taken":0,"max_hp_gain":0,"max_hp_loss":0,"event_name":"Mushrooms","floor":11,"gold_loss":0},{"damage_healed":0,"gold_gain":0,"player_choice":"Became a vampire","damage_taken":0,"max_hp_gain":0,"max_hp_loss":18,"event_name":"Vampires","floor":19,"gold_loss":0,"cards_obtained":["Bite","Bite","Bite","Bite","Bite"]},{"cards_removed":["Bite"],"damage_healed":0,"gold_gain":0,"player_choice":"Gave Gold","damage_taken":0,"max_hp_gain":0,"max_hp_loss":0,"event_name":"Beggar","floor":20,"gold_loss":75},{"cards_removed":["Calculated Gamble"],"damage_healed":0,"gold_gain":0,"player_choice":"Removed Skill","damage_taken":0,"max_hp_gain":0,"max_hp_loss":0,"event_name":"Falling","floor":37,"gold_loss":0}],"is_beta":false,"boss_relics":[{"not_picked":["HoveringKite","Fusion Hammer"],"picked":"White Beast Statue"},{"not_picked":["Lizard Tail","Astrolabe"],"picked":"Snecko Eye"}],"items_purged_floors":[],"is_endless":false,"potions_floor_spawned":[2,5,10,18,24,25,27,28,30,31,33,35,36],"killed_by":"Transient","ascension_level":15}