{"gold_per_floor":[119,131,131,56,56,115,40,66,137,137,149,168,179,191,191,265,265,279,291,191,116,144,144,144],"floor_reached":24,"playtime":566,"items_purged":["Pain","Pain"],"score":450,"play_id":"600aa8f2-819e-4bd1-b1e9-497bdbd757dc","local_time":"20190317231907","is_ascension_mode":true,"campfire_choices":[{"data":"Warcry","floor":10,"key":"SMITH"},{"data":"Anger","floor":15,"key":"SMITH"},{"data":"1","floor":23,"key":"LIFT"}],"neow_cost":"NONE","seed_source_timestamp":352684607555000,"circlet_count":0,"master_deck":["AscendersBane","Strike_R","Strike_R","Strike_R","Strike_R","Defend_R","Defend_R","Defend_R","Defend_R","Bash","Warcry+1","Sever Soul","Shrug It Off","Uppercut","Anger+1","Dropkick","Barricade","Writhe","Body Slam","Burning Pact+1","Dropkick"],"relics":["Burning Blood","NeowsBlessing","Juzu Bracelet","WarpedTongs","Tiny Chest","Thread and Needle","Mercury Hourglass","Calling Bell","Bronze Scales","Letter Opener","Girya","Red Mask"],"potions_floor_usage":[16,22,22],"damage_taken":[{"damage":0,"enemies":"Cultist","floor":1,"turns":1},{"damage":0,"enemies":"Small Slimes","floor":2,"turns":1},{"damage":1,"enemies":"Lagavulin","floor":6,"turns":1},{"damage":32,"enemies":"Gremlin Nob","floor":8,"turns":4},{"damage":3,"enemies":"Jaw Worm","floor":11,"turns":3},{"damage":4,"enemies":"Blue Slaver","floor":12,"turns":2},{"damage":6,"enemies":"Large Slime","floor":13,"turns":4},{"damage":15,"enemies":"Exordium Thugs","floor":14,"turns":5},{"damage":14,"enemies":"The Guardian","floor":16,"turns":9},{"damage":6,"enemies":"3 Byrds","floor":18,"turns":2},{"damage":32,"enemies":"Shell Parasite","floor":19,"turns":5},{"damage":34,"enemies":"Masked Bandits","floor":22,"turns":5},{"damage":22,"enemies":"Book of Stabbing","floor":24,"turns":3}],"seed_played":"2035354514906372271","potions_obtained":[{"floor":2,"key":"Explosive Potion"},{"floor":8,"key":"Fire Potion"},{"floor":13,"key":"Dexterity Potion"},{"floor":18,"key":"AttackPotion"},{"floor":19,"key":"PowerPotion"}],"is_trial":false,"path_per_floor":["M","M","T","?","?","E","$","E","T","R","M","M","M","M","R","B",null,"M","M","$","?","?","R","E"],"character_chosen":"IRONCLAD","items_purchased":[],"campfire_rested":0,"item_purchase_floors":[],"current_hp_per_floor":[74,75,75,75,75,75,75,49,49,49,52,54,54,45,45,37,66,66,40,40,40,12,12,0],"gold":144,"neow_bonus":"THREE_ENEMY_KILL","is_prod":false,"is_daily":false,"chose_seed":false,"campfire_upgraded":2,"win_rate":0,"timestamp":1552861147,"path_taken":["M","?","?","?","?","E","$","E","T","R","M","M","M","M","R","BOSS","M","M","$","?","?","R","E"],"build_version":"2019-01-23","purchased_purges":2,"victory":false,"max_hp_per_floor":[75,75,75,75,75,75,75,75,75,75,75,75,75,75,75,75,75,75,75,75,75,75,75,75],"card_choices":[{"not_picked":["Armaments","Whirlwind"],"picked":"Warcry","floor":1},{"not_picked":["Pommel Strike","True Grit","Seeing Red"],"picked":"SKIP","floor":2},{"not_picked":["Whirlwind","Wild Strike"],"picked":"Sever Soul","floor":6},{"not_picked":["Burning Pact","Rage"],"picked":"Shrug It Off","floor":8},{"not_picked":["Power Through","Seeing Red"],"picked":"Uppercut","floor":11},{"not_picked":["Warcry","Dropkick"],"picked":"Anger","floor":12},{"not_picked":["Power Through","Pummel","Clash"],"picked":"SKIP","floor":13},{"not_picked":["Wild Strike","Iron Wave"],"picked":"Dropkick","floor":14},{"not_picked":["Exhume","Bludgeon"],"picked":"Barricade","floor":16},{"not_picked":["Heavy Blade+1","Flex"],"picked":"Body Slam","floor":18},{"not_picked":["Infernal Blade","Anger"],"picked":"Burning Pact+1","floor":19},{"not_picked":["Cleave","Combust"],"picked":"Dropkick","floor":22}],"player_experience":487040,"relics_obtained":[{"floor":3,"key":"Juzu Bracelet"},{"floor":6,"key":"Tiny Chest"},{"floor":8,"key":"Thread and Needle"},{"floor":9,"key":"Mercury Hourglass"},{"floor":17,"key":"Bronze Scales"},{"floor":17,"key":"Letter Opener"},{"floor":17,"key":"Girya"},{"floor":22,"key":"Red Mask"}],"event_choices":[{"cards_removed":["Strike_R"],"damage_healed":0,"gold_gain":0,"player_choice":"Card Removal","damage_taken":0,"max_hp_gain":0,"max_hp_loss":0,"event_name":"The Cleric","floor":4,"gold_loss":75},{"damage_healed":0,"gold_gain":0,"player_choice":"Rummage","damage_taken":0,"relics_obtained":["WarpedTongs"],"max_hp_gain":0,"max_hp_loss":0,"event_name":"Accursed Blacksmith","floor":5,"gold_loss":0,"cards_obtained":["Pain"]},{"cards_removed":["Decay"],"damage_healed":0,"gold_gain":0,"player_choice":"Gave Gold","damage_taken":0,"max_hp_gain":0,"max_hp_loss":0,"event_name":"Beggar","floor":21,"gold_loss":75},{"damage_healed":0,"gold_gain":0,"player_choice":"Fought Bandits","damage_taken":0,"max_hp_gain":0,"max_hp_loss":0,"event_name":"Masked Bandits","floor":22,"gold_loss":0}],"is_beta":false,"boss_relics":[{"not_picked":["Mark of Pain","Fusion Hammer"],"picked":"Calling Bell"}],"items_purged_floors":[7,20],"is_endless":false,"potions_floor_spawned":[2,8,13,18,19],"killed_by":"Book of Stabbing","ascension_level":19}