{"gold_per_floor":[114,114,1,17,35,35,66,31,54,64,64,91,91,129,129,252,252,276,300,319,15,28,28,69,69,69,109,125,125,144,167,167,293,293,313,313,112,133,133,133,168,501,501,501,535,535,25,43,43,43,43,43,43,73,73],"floor_reached":56,"playtime":5684,"items_purged":["Defend_G","Strike_G","Strike_G"],"score":1286,"play_id":"89f86724-d26b-4a4f-bf0c-b09a8e626e2a","local_time":"20190426004844","is_ascension_mode":true,"campfire_choices":[{"data":"Catalyst","floor":6,"key":"SMITH"},{"data":"Noxious Fumes","floor":11,"key":"SMITH"},{"data":"Noxious Fumes","floor":15,"key":"SMITH"},{"floor":23,"key":"REST"},{"data":"Leg Sweep","floor":25,"key":"SMITH"},{"floor":29,"key":"REST"},{"floor":32,"key":"REST"},{"floor":40,"key":"RECALL"},{"floor":46,"key":"REST"},{"floor":49,"key":"REST"},{"data":"Catalyst","floor":52,"key":"SMITH"}],"neow_cost":"NONE","seed_source_timestamp":178338976992130,"circlet_count":0,"master_deck":["Defend_G","Defend_G","Defend_G","Defend_G","Strike_G+1","Survivor","Neutralize+1","Catalyst+1","Noxious Fumes+1","Noxious Fumes+1","Well Laid Plans","Deflect","Backstab","Bouncing Flask","Leg Sweep+1","Dodge and Roll","Crippling Poison","Sucker Punch+1","Mind Blast+1","Footwork","After Image","Leg Sweep+1","Catalyst+1","PiercingWail","PiercingWail+1"],"relics":["Ring of the Snake","Centennial Puzzle","Omamori","Happy Flower","Black Star","TwistedFunnel","Blood Vial","Calipers","Molten Egg 2","Ornamental Fan","Juzu Bracelet","HoveringKite","Oddly Smooth Stone","Strawberry","Frozen Egg 2","Darkstone Periapt","Bird Faced Urn","Kunai","Whetstone","Shuriken"],"potions_floor_usage":[7,16,16,18,22,27,33,33,45,50,50,55,55],"damage_taken":[{"damage":1,"enemies":"Cultist","floor":1,"turns":3},{"damage":2,"enemies":"2 Louse","floor":4,"turns":3},{"damage":1,"enemies":"Jaw Worm","floor":5,"turns":5},{"damage":21,"enemies":"Gremlin Nob","floor":7,"turns":5},{"damage":14,"enemies":"Lots of Slimes","floor":10,"turns":3},{"damage":9,"enemies":"Lagavulin","floor":12,"turns":6},{"damage":17,"enemies":"Gremlin Nob","floor":14,"turns":4},{"damage":7,"enemies":"Hexaghost","floor":16,"turns":7},{"damage":17,"enemies":"Spheric Guardian","floor":18,"turns":4},{"damage":7,"enemies":"Shell Parasite","floor":19,"turns":4},{"damage":2,"enemies":"Snake Plant","floor":20,"turns":3},{"damage":22,"enemies":"Sentry and Sphere","floor":22,"turns":4},{"damage":6,"enemies":"Book of Stabbing","floor":24,"turns":5},{"damage":19,"enemies":"Slavers","floor":27,"turns":5},{"damage":9,"enemies":"Chosen and Byrds","floor":28,"turns":5},{"damage":11,"enemies":"Centurion and Healer","floor":30,"turns":5},{"damage":5,"enemies":"Cultist and Chosen","floor":31,"turns":6},{"damage":44,"enemies":"Automaton","floor":33,"turns":7},{"damage":15,"enemies":"3 Shapes","floor":35,"turns":5},{"damage":6,"enemies":"Orb Walker","floor":38,"turns":5},{"damage":4,"enemies":"Giant Head","floor":41,"turns":9},{"damage":39,"enemies":"Reptomancer","floor":45,"turns":7},{"damage":14,"enemies":"Spire Growth","floor":48,"turns":5},{"damage":61,"enemies":"Awakened One","floor":50,"turns":20},{"damage":50,"enemies":"Shield and Spear","floor":54,"turns":7},{"damage":47,"enemies":"The Heart","floor":55,"turns":7}],"seed_played":"1002167419282547648","potions_obtained":[{"floor":4,"key":"Weak Potion"},{"floor":5,"key":"GamblersBrew"},{"floor":7,"key":"Regen Potion"},{"floor":12,"key":"LiquidBronze"},{"floor":20,"key":"PowerPotion"},{"floor":22,"key":"SpeedPotion"},{"floor":30,"key":"LiquidBronze"},{"floor":31,"key":"PowerPotion"},{"floor":41,"key":"Explosive Potion"},{"floor":54,"key":"PowerPotion"}],"is_trial":false,"path_per_floor":["M","?","$","M","M","R","E","?","T","M","R","E","?","E","R","B",null,"M","M","M","$","M","R","E","R","T","E","M","R","M","M","R","B",null,"M","?","$","M","?","R","E","?","T","?","E","R","$","M","R","B",null,"R","$","E","B",null],"character_chosen":"THE_SILENT","items_purchased":["Noxious Fumes","TwistedFunnel","Footwork","Kunai","Catalyst","GhostInAJar","PiercingWail","Swift Potion","AttackPotion"],"campfire_rested":5,"item_purchase_floors":[3,21,37,47,47,47,47,47,47],"current_hp_per_floor":[76,76,76,74,73,73,52,71,71,57,57,48,48,31,31,39,77,60,53,51,51,29,52,46,46,46,29,22,45,36,33,56,14,77,62,62,62,58,58,58,63,63,63,63,26,51,51,49,74,25,84,84,84,40,7],"gold":73,"neow_bonus":"TEN_PERCENT_HP_BONUS","is_prod":false,"is_daily":false,"chose_seed":false,"campfire_upgraded":5,"win_rate":0,"timestamp":1556254124,"path_taken":["M","?","$","?","M","R","E","?","T","M","R","E","?","E","R","BOSS","M","M","M","$","M","R","E","R","T","E","M","R","M","M","R","BOSS","M","?","$","M","?","R","E","?","T","?","E","R","$","M","R","BOSS","R","$","E","BOSS"],"build_version":"2019-01-23","purchased_purges":3,"victory":true,"max_hp_per_floor":[77,77,77,77,77,77,77,77,77,77,77,77,77,77,77,77,77,77,77,77,77,77,77,77,77,77,77,77,77,77,77,77,77,77,77,77,77,77,77,77,84,84,84,84,84,84,84,84,84,84,84,84,84,84,84],"card_choices":[{"not_picked":["Dodge and Roll","Cloak And Dagger"],"picked":"Catalyst","floor":1},{"not_picked":["Riddle With Holes","Dodge and Roll"],"picked":"Noxious Fumes","floor":4},{"not_picked":["Finisher","Backflip"],"picked":"Well Laid Plans","floor":5},{"not_picked":["Reflex","Flying Knee","Bane"],"picked":"SKIP","floor":7},{"not_picked":["Accuracy","Flying Knee"],"picked":"Deflect","floor":10},{"not_picked":["Choke","Endless Agony"],"picked":"Backstab","floor":12},{"not_picked":["Choke","Flying Knee"],"picked":"Bouncing Flask","floor":14},{"not_picked":["Well Laid Plans","Bouncing Flask","Outmaneuver"],"picked":"SKIP","floor":18},{"not_picked":["Eviscerate","Finisher","Terror"],"picked":"SKIP","floor":19},{"not_picked":["Dagger Throw","Predator","Prepared"],"picked":"SKIP","floor":20},{"not_picked":["Slice","Dagger Throw"],"picked":"Leg Sweep","floor":22},{"not_picked":["Dagger Throw","Finisher"],"picked":"Dodge and Roll","floor":24},{"not_picked":["Prepared","Outmaneuver","Sucker Punch+1"],"picked":"SKIP","floor":27},{"not_picked":["Well Laid Plans","Eviscerate+1"],"picked":"Crippling Poison","floor":28},{"not_picked":["Predator+1","Underhanded Strike+1"],"picked":"Sucker Punch+1","floor":30},{"not_picked":["Dagger Spray+1","Acrobatics","All Out Attack+1"],"picked":"SKIP","floor":31},{"not_picked":["Outmaneuver","Poisoned Stab+1","Dash+1"],"picked":"SKIP","floor":35},{"not_picked":["Jack Of All Trades","Forethought"],"picked":"Mind Blast+1","floor":36},{"not_picked":["Choke+1","Caltrops+1","Flying Knee+1"],"picked":"SKIP","floor":38},{"not_picked":["Flying Knee+1","Backflip"],"picked":"After Image","floor":41},{"not_picked":["Quick Slash+1","Riddle With Holes+1"],"picked":"Leg Sweep+1","floor":45},{"not_picked":["Deadly Poison+1","Reflex+1"],"picked":"PiercingWail+1","floor":48},{"not_picked":["Flechettes+1","All Out Attack+1","Infinite Blades+1"],"picked":"SKIP","floor":54}],"player_experience":48642,"relics_obtained":[{"floor":7,"key":"Centennial Puzzle"},{"floor":12,"key":"Omamori"},{"floor":14,"key":"Happy Flower"},{"floor":24,"key":"Blood Vial"},{"floor":24,"key":"Calipers"},{"floor":26,"key":"Molten Egg 2"},{"floor":27,"key":"Ornamental Fan"},{"floor":27,"key":"Juzu Bracelet"},{"floor":41,"key":"Oddly Smooth Stone"},{"floor":41,"key":"Strawberry"},{"floor":43,"key":"Frozen Egg 2"},{"floor":45,"key":"Darkstone Periapt"},{"floor":45,"key":"Bird Faced Urn"},{"floor":54,"key":"Whetstone"},{"floor":54,"key":"Shuriken"}],"event_choices":[{"cards_removed":["Strike_G"],"damage_healed":0,"gold_gain":0,"player_choice":"Purged","damage_taken":0,"max_hp_gain":0,"max_hp_loss":0,"event_name":"Purifier","floor":2,"gold_loss":0},{"damage_healed":19,"gold_gain":0,"player_choice":"Healed","damage_taken":0,"max_hp_gain":0,"max_hp_loss":0,"event_name":"The Cleric","floor":8,"gold_loss":35},{"damage_healed":0,"gold_gain":0,"player_choice":"Take Wound","damage_taken":0,"relics_obtained":["Golden Idol"],"max_hp_gain":0,"max_hp_loss":0,"event_name":"Golden Idol","floor":13,"gold_loss":0,"cards_obtained":["Injury"]},{"damage_healed":0,"gold_gain":0,"player_choice":"Memory 1","damage_taken":0,"max_hp_gain":0,"max_hp_loss":0,"event_name":"SensoryStone","floor":36,"gold_loss":0},{"cards_removed":["Strike_G"],"damage_healed":0,"gold_gain":0,"player_choice":"Purged","damage_taken":0,"max_hp_gain":0,"max_hp_loss":0,"event_name":"Purifier","floor":39,"gold_loss":0},{"damage_healed":0,"gold_gain":333,"player_choice":"Gave Idol","damage_taken":0,"max_hp_gain":0,"max_hp_loss":0,"event_name":"The Moai Head","floor":42,"relics_lost":["Golden Idol"],"gold_loss":0},{"damage_healed":0,"gold_gain":0,"player_choice":"Ignored","damage_taken":0,"max_hp_gain":0,"max_hp_loss":0,"event_name":"SecretPortal","floor":44,"gold_loss":0}],"is_beta":false,"boss_relics":[{"not_picked":["Ring of the Serpent","Coffee Dripper"],"picked":"Black Star"},{"not_picked":["White Beast Statue","Runic Pyramid"],"picked":"HoveringKite"}],"items_purged_floors":[3,21,37],"is_endless":false,"potions_floor_spawned":[4,5,7,12,20,22,30,31,41,48,54],"ascension_level":1}