{"gold_per_floor":[142,160,335,56,68,101,101,116,143,175,175,205,225,248,248,345,345,362,362,287,271,271],"floor_reached":22,"playtime":1084,"items_purged":["Doubt"],"score":291,"play_id":"9f1ed0f6-7f5b-418d-8144-3492c7daa73e","local_time":"20190331133602","is_ascension_mode":true,"campfire_choices":[{"data":"Noxious Fumes","floor":7.0,"key":"SMITH"},{"floor":11.0,"key":"REST"},{"data":"Bane","floor":15.0,"key":"SMITH"}],"neow_cost":"NONE","seed_source_timestamp":0,"circlet_count":0,"master_deck":["AscendersBane","Defend_G+1","Defend_G+1","Defend_G+1","Defend_G+1","Defend_G+1","Strike_G+1","Strike_G+1","Strike_G+1","Strike_G+1","Survivor","Neutralize","Dodge and Roll","Noxious Fumes+1","Blur","Bane+1","Crippling Poison+1"],"special_seed":0,"relics":["Ring of the Snake","Tiny Chest","Pen Nib","Strawberry","PreservedInsect","Boot","Dead Branch","Snake Skull","Runic Pyramid"],"potions_floor_usage":[],"damage_taken":[{"damage":0.0,"enemies":"2 Louse","floor":1.0,"turns":5.0},{"damage":1.0,"enemies":"Jaw Worm","floor":2.0,"turns":3.0},{"damage":0.0,"enemies":"Small Slimes","floor":5.0,"turns":4.0},{"damage":26.0,"enemies":"3 Sentries","floor":6.0,"turns":10.0},{"damage":13.0,"enemies":"2 Fungi Beasts","floor":8.0,"turns":5.0},{"damage":25.0,"enemies":"Gremlin Nob","floor":10.0,"turns":5.0},{"damage":8.0,"enemies":"3 Louse","floor":13.0,"turns":5.0},{"damage":26.0,"enemies":"The Guardian","floor":16.0,"turns":9.0},{"damage":1.0,"enemies":"Shell Parasite","floor":18.0,"turns":5.0},{"damage":18.0,"enemies":"2 Thieves","floor":21.0,"turns":4.0},{"damage":0,"enemies":"Centurion and Healer","floor":22,"turns":1}],"seed_played":"5088251298458618190","potions_obtained":[{"floor":1.0,"key":"Strength Potion"},{"floor":5.0,"key":"Regen Potion"},{"floor":8.0,"key":"Swift Potion"},{"floor":10.0,"key":"EssenceOfSteel"},{"floor":16.0,"key":"Ancient Potion"},{"floor":18.0,"key":"SteroidPotion"}],"is_trial":false,"path_per_floor":["M","M","?","$","M","E","R","M","T","E","R","?","M","T","R","B",null,"M","?","?","M","M"],"character_chosen":"THE_SILENT","items_purchased":["Pen Nib","Dodge and Roll"],"campfire_rested":1,"item_purchase_floors":[4,4],"current_hp_per_floor":[63,62,62,62,62,43,43,30,30,20,43,43,35,35,35,9,60,59,59,59,41,41],"gold":271,"neow_bonus":"RANDOM_COMMON_RELIC","is_prod":false,"is_daily":false,"chose_seed":false,"campfire_upgraded":2,"win_rate":0,"timestamp":1554032162,"path_taken":["M","M","?","$","M","E","R","M","T","E","R","?","M","?","R","BOSS","M","?","?","M","M"],"build_version":"2019-01-23","purchased_purges":1,"victory":false,"max_hp_per_floor":[70,70,70,70,70,77,77,77,77,77,77,77,77,77,77,77,77,77,77,77,77,77],"card_choices":[{"not_picked":["Infinite Blades","Bane","Underhanded Strike"],"picked":"SKIP","floor":1.0},{"not_picked":["Caltrops","Expertise","Acrobatics"],"picked":"SKIP","floor":2.0},{"not_picked":["Dagger Throw","Bane"],"picked":"Noxious Fumes","floor":5.0},{"not_picked":["Poisoned Stab","Tactician","Setup"],"picked":"SKIP","floor":6.0},{"not_picked":["Acrobatics","Prepared","Bouncing Flask"],"picked":"SKIP","floor":8.0},{"not_picked":["Dagger Throw","Acrobatics"],"picked":"Blur","floor":10.0},{"not_picked":["Sucker Punch","Endless Agony"],"picked":"Bane","floor":13.0},{"not_picked":["Finisher","Outmaneuver","Catalyst"],"picked":"SKIP","floor":18.0},{"not_picked":["Dagger Throw","Underhanded Strike"],"picked":"Crippling Poison+1","floor":21.0}],"player_experience":394738,"relics_obtained":[{"floor":6.0,"key":"Strawberry"},{"floor":9.0,"key":"PreservedInsect"},{"floor":10.0,"key":"Boot"},{"floor":14.0,"key":"Snake Skull"}],"event_choices":[{"damage_healed":0.0,"max_hp_gain":0.0,"max_hp_loss":0.0,"gold_gain":175.0,"event_name":"Liars Game","player_choice":"AGREE","floor":3.0,"gold_loss":0.0,"damage_taken":0.0,"cards_obtained":["Doubt"]},{"damage_healed":0.0,"max_hp_gain":0.0,"max_hp_loss":0.0,"gold_gain":30.0,"event_name":"Dead Adventurer","player_choice":"Searched \u00272\u0027 times","floor":12.0,"gold_loss":0.0,"damage_taken":0.0,"relics_obtained":["Dead Branch"]},{"damage_healed":0.0,"max_hp_gain":0.0,"max_hp_loss":0.0,"gold_gain":0.0,"event_name":"Back to Basics","player_choice":"Simplicity","floor":19.0,"gold_loss":0.0,"damage_taken":0.0,"cards_upgraded":["Defend_G","Defend_G","Defend_G","Defend_G","Defend_G","Strike_G","Strike_G","Strike_G","Strike_G","Strike_G"]},{"cards_removed":["Strike_G"],"damage_healed":0.0,"max_hp_gain":0.0,"max_hp_loss":0.0,"gold_gain":0.0,"event_name":"Beggar","player_choice":"Gave Gold","floor":20.0,"gold_loss":75.0,"damage_taken":0.0}],"is_beta":false,"boss_relics":[{"not_picked":["WristBlade","Lizard Tail"],"picked":"Runic Pyramid"}],"items_purged_floors":[4],"is_endless":false,"potions_floor_spawned":[1,5,8,10,16,18],"killed_by":"Centurion and Healer","ascension_level":10}