{"gold_per_floor":[114,129,204,221,96,96,128,138,138,138,152,163,63,88,88,192,192,212,302,177,191,191],"floor_reached":22,"playtime":1217,"items_purged":["Defend_G","Strike_G","Defend_G"],"score":216,"play_id":"a7c1a83d-fe2b-45f5-ac42-473202404c0c","local_time":"20190130234258","is_ascension_mode":true,"campfire_choices":[{"data":"Noxious Fumes","floor":6,"key":"SMITH"},{"data":"Neutralize","floor":10,"key":"SMITH"},{"data":"Poisoned Stab","floor":15,"key":"SMITH"}],"neow_cost":"NONE","seed_source_timestamp":2566511591873,"circlet_count":0,"master_deck":["Defend_G","Defend_G","Defend_G","Strike_G","Strike_G","Strike_G","Survivor","Neutralize+1","Cloak And Dagger","Noxious Fumes+1","Poisoned Stab+1","Prepared","Deadly Poison","Envenom","Poisoned Stab"],"relics":["Ring of the Snake","Orichalcum","Blood Vial","Pantograph","Busted Crown"],"potions_floor_usage":[14,16,16],"damage_taken":[{"damage":0,"enemies":"Small Slimes","floor":1,"turns":3},{"damage":2,"enemies":"2 Louse","floor":2,"turns":4},{"damage":2,"enemies":"Cultist","floor":4,"turns":4},{"damage":12,"enemies":"Gremlin Nob","floor":7,"turns":4},{"damage":1,"enemies":"Red Slaver","floor":8,"turns":4},{"damage":16,"enemies":"Exordium Wildlife","floor":11,"turns":4},{"damage":3,"enemies":"Blue Slaver","floor":12,"turns":4},{"damage":8,"enemies":"Lagavulin","floor":14,"turns":6},{"damage":46,"enemies":"Slime Boss","floor":16,"turns":9},{"damage":11,"enemies":"Shell Parasite","floor":18,"turns":6},{"damage":14,"enemies":"Spheric Guardian","floor":21,"turns":5},{"damage":38,"enemies":"Snecko","floor":22,"turns":4}],"seed_played":"-93379877057522696","potions_obtained":[{"floor":2,"key":"Swift Potion"},{"floor":7,"key":"GhostInAJar"},{"floor":8,"key":"SkillPotion"},{"floor":14,"key":"SteroidPotion"}],"is_trial":false,"path_per_floor":["M","M","?","M","$","R","E","M","T","R","M","M","$","E","R","B",null,"M","?","$","M","M"],"character_chosen":"THE_SILENT","items_purchased":["Poisoned Stab"],"campfire_rested":0,"item_purchase_floors":[5],"current_hp_per_floor":[70,68,57,55,55,55,43,42,42,42,28,27,27,21,21,2,70,59,45,45,33,0],"gold":191,"neow_bonus":"REMOVE_CARD","is_prod":false,"is_daily":false,"chose_seed":false,"campfire_upgraded":3,"win_rate":0,"timestamp":1548862978,"path_taken":["M","M","?","M","$","R","E","M","T","R","M","M","$","E","R","BOSS","M","?","$","?","M"],"build_version":"2019-01-23","purchased_purges":3,"victory":false,"max_hp_per_floor":[70,70,70,70,70,70,70,70,70,70,70,70,70,70,70,70,70,70,70,70,70,70],"card_choices":[{"not_picked":["Underhanded Strike","Flying Knee","Quick Slash"],"picked":"SKIP","floor":1},{"not_picked":["Riddle With Holes","Outmaneuver"],"picked":"Cloak And Dagger","floor":2},{"not_picked":["Bane","Well Laid Plans"],"picked":"Noxious Fumes","floor":4},{"not_picked":["Masterful Stab","Wraith Form v2"],"picked":"Prepared","floor":7},{"not_picked":["Cloak And Dagger","Dagger Spray","Masterful Stab"],"picked":"SKIP","floor":8},{"not_picked":["Prepared","Flechettes"],"picked":"Deadly Poison","floor":11},{"not_picked":["Tactician","Quick Slash","Masterful Stab"],"picked":"SKIP","floor":12},{"not_picked":["Caltrops","Dagger Spray","Riddle With Holes"],"picked":"SKIP","floor":14},{"not_picked":["Corpse Explosion","Night Terror"],"picked":"Envenom","floor":16},{"not_picked":["Flying Knee"],"picked":"SKIP","floor":18},{"not_picked":[],"picked":"Poisoned Stab","floor":21}],"player_experience":391150,"relics_obtained":[{"floor":7,"key":"Orichalcum"},{"floor":9,"key":"Blood Vial"},{"floor":14,"key":"Pantograph"}],"event_choices":[{"damage_healed":0,"gold_gain":75,"player_choice":"Gather Gold","damage_taken":11,"max_hp_gain":0,"max_hp_loss":0,"event_name":"World of Goop","floor":3,"gold_loss":0},{"damage_healed":0,"gold_gain":90,"player_choice":"GOLD ","damage_taken":14,"max_hp_gain":0,"max_hp_loss":0,"event_name":"Knowing Skull","floor":19,"potions_obtained":[],"gold_loss":0,"cards_obtained":[]}],"is_beta":false,"boss_relics":[{"not_picked":["Velvet Choker","Black Star"],"picked":"Busted Crown"}],"items_purged_floors":[5,13,20],"is_endless":false,"potions_floor_spawned":[2,7,8,11,14],"killed_by":"Snecko","ascension_level":2}