{"gold_per_floor":[19,31,45,56,71,99,25,0,53,53,72,72,102,116,116,212,212,223,243,258,258,273,273],"floor_reached":23,"playtime":2917,"items_purged":[],"score":207,"play_id":"b10e670a-787c-4846-b2c0-5c56028fbeaa","local_time":"20190421191650","is_ascension_mode":true,"campfire_choices":[{"floor":10,"key":"RECALL"},{"floor":12,"key":"REST"},{"floor":15,"key":"REST"}],"neow_cost":"NO_GOLD","seed_source_timestamp":27070310068300,"circlet_count":0,"master_deck":["Strike_B","Strike_B","Strike_B","Strike_B","Defend_B","Defend_B","Defend_B","Defend_B","Zap","Dualcast","Conserve Battery","Rebound","Leap","Coolheaded","Doom and Gloom","Capacitor","Defragment","Cold Snap","Darkness","Ball Lightning","Fusion","BootSequence","Auto Shields","Lockon","Undo","Go for the Eyes","Biased Cognition","Hologram+1","Melter","Glacier","Leap","Steam Power","Turbo"],"relics":["Cracked Core","Prayer Wheel","Potion Belt","Nuclear Battery","MutagenicStrength"],"potions_floor_usage":[4,6,16,20,20],"damage_taken":[{"damage":3,"enemies":"Cultist","floor":1,"turns":5},{"damage":0,"enemies":"2 Louse","floor":2,"turns":2},{"damage":2,"enemies":"Jaw Worm","floor":3,"turns":3},{"damage":4,"enemies":"Large Slime","floor":4,"turns":5},{"damage":2,"enemies":"Exordium Wildlife","floor":5,"turns":3},{"damage":35,"enemies":"Gremlin Nob","floor":6,"turns":6},{"damage":5,"enemies":"3 Louse","floor":11,"turns":4},{"damage":7,"enemies":"2 Fungi Beasts","floor":14,"turns":4},{"damage":10,"enemies":"The Guardian","floor":16,"turns":11},{"damage":13,"enemies":"3 Byrds","floor":18,"turns":7},{"damage":0,"enemies":"Chosen","floor":19,"turns":4},{"damage":11,"enemies":"Centurion and Healer","floor":20,"turns":10},{"damage":6,"enemies":"Snecko","floor":22,"turns":8},{"damage":48,"enemies":"Slavers","floor":23,"turns":7}],"seed_played":"5487664530343105400","potions_obtained":[{"floor":2,"key":"PowerPotion"},{"floor":4,"key":"Dexterity Potion"},{"floor":11,"key":"Poison Potion"},{"floor":16,"key":"GamblersBrew"},{"floor":19,"key":"Dexterity Potion"}],"is_trial":false,"path_per_floor":["M","M","M","M","M","E","$","?","T","R","M","R","?","M","R","B",null,"M","M","M","?","M","E"],"character_chosen":"DEFECT","items_purchased":["BootSequence"],"campfire_rested":2,"item_purchase_floors":[7],"current_hp_per_floor":[72,72,70,66,64,29,29,29,29,29,24,46,46,39,61,51,75,62,62,51,51,45,0],"gold":273,"neow_bonus":"ONE_RARE_RELIC","is_prod":false,"is_daily":false,"chose_seed":false,"campfire_upgraded":0,"win_rate":0,"timestamp":1555867010,"path_taken":["M","?","M","?","M","E","$","?","T","R","M","R","?","M","R","BOSS","M","M","M","?","M","E"],"build_version":"2019-01-23","purchased_purges":0,"victory":false,"max_hp_per_floor":[75,75,75,75,75,75,75,75,75,75,75,75,75,75,75,75,75,75,75,75,75,75,75],"card_choices":[{"not_picked":["Self Repair","Consume"],"picked":"Conserve Battery","floor":1},{"not_picked":["Compile Driver","Conserve Battery"],"picked":"Rebound","floor":1},{"not_picked":["Conserve Battery","Streamline"],"picked":"Leap","floor":2},{"not_picked":["Scrape","Go for the Eyes"],"picked":"Coolheaded","floor":2},{"not_picked":["Streamline","Seek"],"picked":"Doom and Gloom","floor":3},{"not_picked":["Stack","Tempest"],"picked":"Capacitor","floor":3},{"not_picked":["Gash","Sweeping Beam"],"picked":"Defragment","floor":4},{"not_picked":["Double Energy","Blizzard"],"picked":"Cold Snap","floor":4},{"not_picked":["Storm","Scrape"],"picked":"Darkness","floor":5},{"not_picked":["Blizzard","Tempest"],"picked":"Ball Lightning","floor":5},{"not_picked":["Leap","Fission"],"picked":"Fusion","floor":6},{"not_picked":["BootSequence","Steam"],"picked":"Auto Shields","floor":11},{"not_picked":["Ball Lightning","Scrape"],"picked":"Lockon","floor":11},{"not_picked":["Blizzard","Hologram"],"picked":"Undo","floor":14},{"not_picked":["Cold Snap","Compile Driver"],"picked":"Go for the Eyes","floor":14},{"not_picked":["Rainbow","Amplify"],"picked":"Biased Cognition","floor":16},{"not_picked":["Blizzard+1","BootSequence"],"picked":"Hologram+1","floor":18},{"not_picked":["Streamline+1","Gash"],"picked":"Melter","floor":18},{"not_picked":["Heatsinks","Reinforced Body"],"picked":"Glacier","floor":19},{"not_picked":["Coolheaded","Streamline"],"picked":"Leap","floor":19},{"not_picked":["Coolheaded","Leap"],"picked":"Steam Power","floor":20},{"not_picked":["Double Energy","Darkness","Ball Lightning"],"picked":"SKIP","floor":20},{"not_picked":["Gash","Compile Driver"],"picked":"Turbo","floor":22},{"not_picked":["Heatsinks","Stack","Hologram"],"picked":"SKIP","floor":22}],"player_experience":142486,"relics_obtained":[{"floor":6,"key":"Potion Belt"}],"event_choices":[{"damage_healed":0,"gold_gain":0,"player_choice":"Left Gold","damage_taken":0,"max_hp_gain":0,"max_hp_loss":0,"event_name":"World of Goop","floor":8,"gold_loss":25},{"damage_healed":0,"gold_gain":30,"player_choice":"Searched \u00271\u0027 times","damage_taken":0,"max_hp_gain":0,"max_hp_loss":0,"event_name":"Dead Adventurer","floor":13,"gold_loss":0},{"damage_healed":0,"gold_gain":0,"player_choice":"Inject Mutagens","damage_taken":0,"relics_obtained":["MutagenicStrength"],"max_hp_gain":0,"max_hp_loss":0,"event_name":"Drug Dealer","floor":21,"gold_loss":0}],"is_beta":false,"boss_relics":[{"not_picked":["Runic Pyramid","White Beast Statue"],"picked":"Nuclear Battery"}],"items_purged_floors":[],"is_endless":false,"potions_floor_spawned":[2,4,11,16,19],"killed_by":"Slavers","ascension_level":1}