{"gold_per_floor":[114,114,131,131,131,131,144,144,144,160,190,190,190,200,200,275,275,291,291,88,108,33,33,52,52,52,52,79,90,90,103,103,103],"floor_reached":33,"playtime":1534,"items_purged":["Defend_G+1"],"score":464,"play_id":"5680a25b-4ff4-4677-a9ce-7a58ab2b163c","local_time":"20190121162554","is_ascension_mode":true,"campfire_choices":[{"floor":6,"key":"REST"},{"data":"All Out Attack","floor":12,"key":"SMITH"},{"data":"Venomology","floor":15,"key":"SMITH"},{"data":"Malaise","floor":23,"key":"SMITH"},{"data":"Dash","floor":27,"key":"SMITH"},{"data":"Dodge and Roll","floor":30,"key":"SMITH"},{"floor":32,"key":"REST"}],"neow_cost":"NONE","seed_source_timestamp":1437745315906476,"circlet_count":0,"master_deck":["AscendersBane","Defend_G+1","Defend_G+1","Defend_G+1","Defend_G+1","Strike_G+1","Strike_G+1","Strike_G+1","Strike_G+1","Survivor","Neutralize+1","Flying Knee+1","Prepared","All Out Attack+1","Caltrops","Dodge and Roll+1","Venomology+1","Malaise+1","Dash+1","PiercingWail","Dagger Spray"],"relics":["Ring of the Serpent","Tough Bandages","Pantograph","Pocketwatch","PreservedInsect","Bottled Flame","Darkstone Periapt"],"potions_floor_usage":[11,16,16,18,21,24,28,31,31,33,33],"damage_taken":[{"damage":2,"enemies":"Jaw Worm","floor":1,"turns":5},{"damage":0,"enemies":"2 Louse","floor":3,"turns":4},{"damage":0,"enemies":"Small Slimes","floor":7,"turns":3},{"damage":0,"enemies":"Exordium Wildlife","floor":10,"turns":4},{"damage":7,"enemies":"Lagavulin","floor":11,"turns":6},{"damage":0,"enemies":"2 Fungi Beasts","floor":14,"turns":2},{"damage":29,"enemies":"Slime Boss","floor":16,"turns":13},{"damage":3,"enemies":"Spheric Guardian","floor":18,"turns":4},{"damage":0,"enemies":"3 Byrds","floor":21,"turns":3},{"damage":0,"enemies":"Cultist and Chosen","floor":24,"turns":8},{"damage":14,"enemies":"Slavers","floor":28,"turns":4},{"damage":0,"enemies":"Centurion and Healer","floor":29,"turns":7},{"damage":0,"enemies":"3 Cultists","floor":31,"turns":5},{"damage":74,"enemies":"Champ","floor":33,"turns":13}],"seed_played":"-4411625424367396005","potions_obtained":[{"floor":3,"key":"PowerPotion"},{"floor":11,"key":"Explosive Potion"},{"floor":28,"key":"PowerPotion"}],"is_trial":false,"path_per_floor":["M","?","M","?","?","R","M","?","T","M","E","R","?","M","R","B",null,"M","?","$","M","$","R","M","?","T","R","E","M","R","M","R","B"],"character_chosen":"THE_SILENT","items_purchased":["PreservedInsect","PiercingWail"],"campfire_rested":2,"item_purchase_floors":[20,20],"current_hp_per_floor":[57,57,57,37,30,49,49,31,31,31,24,24,46,46,46,37,59,56,56,56,56,56,56,56,56,56,56,42,42,42,42,61,0],"gold":103,"neow_bonus":"UPGRADE_CARD","is_prod":false,"is_daily":false,"chose_seed":false,"campfire_upgraded":5,"win_rate":0,"timestamp":1548055554,"path_taken":["M","?","M","?","?","R","M","?","T","?","E","R","?","M","R","BOSS","M","?","$","M","$","R","M","?","T","R","E","M","R","M","R","BOSS"],"build_version":"2019-01-17v2","purchased_purges":1,"victory":false,"max_hp_per_floor":[66,66,66,66,66,66,66,66,66,66,66,66,66,66,66,66,66,66,66,66,66,66,66,66,66,66,66,66,66,66,66,66,66],"card_choices":[{"not_picked":["Outmaneuver","Eviscerate"],"picked":"Flying Knee","floor":1},{"not_picked":["Underhanded Strike","Deadly Poison"],"picked":"Prepared","floor":3},{"not_picked":["Blade Dance","Dagger Throw"],"picked":"All Out Attack","floor":7},{"not_picked":["Backflip","Terror"],"picked":"Caltrops","floor":10},{"not_picked":["Dagger Spray","Blade Dance"],"picked":"Dodge and Roll","floor":11},{"not_picked":["Bane","Escape Plan"],"picked":"Venomology","floor":14},{"not_picked":["Bullet Time","Phantasmal Killer"],"picked":"Malaise","floor":16},{"not_picked":["Dagger Spray","Dagger Throw"],"picked":"Dash","floor":18},{"not_picked":["Sucker Punch","PiercingWail","Deflect"],"picked":"SKIP","floor":21},{"not_picked":["Dagger Throw","Backflip","Blade Dance"],"picked":"SKIP","floor":24},{"not_picked":["Blade Dance","Deflect"],"picked":"Dagger Spray","floor":28},{"not_picked":["Underhanded Strike","Dagger Spray","Blade Dance"],"picked":"SKIP","floor":29},{"not_picked":["Phantasmal Killer","All Out Attack","Poisoned Stab"],"picked":"SKIP","floor":31}],"player_experience":416887,"relics_obtained":[{"floor":9,"key":"Pantograph"},{"floor":11,"key":"Pocketwatch"},{"floor":26,"key":"Bottled Flame"},{"floor":28,"key":"Darkstone Periapt"}],"event_choices":[{"damage_healed":0,"gold_gain":0,"player_choice":"Grow","damage_taken":0,"max_hp_gain":0,"max_hp_loss":0,"event_name":"Living Wall","floor":2,"gold_loss":0,"cards_upgraded":["Flying Knee"]},{"damage_healed":0,"gold_gain":0,"player_choice":"Entered Light","damage_taken":20,"max_hp_gain":0,"max_hp_loss":0,"event_name":"Shining Light","floor":4,"gold_loss":0,"cards_upgraded":["Strike_G","Defend_G"]},{"cards_removed":["Strike_G"],"damage_healed":0,"gold_gain":0,"player_choice":"Card Removal","damage_taken":7,"max_hp_gain":0,"max_hp_loss":0,"event_name":"Golden Wing","floor":5,"gold_loss":0},{"damage_healed":0,"gold_gain":0,"player_choice":"Success","damage_taken":18,"relics_obtained":["Tough Bandages"],"max_hp_gain":0,"max_hp_loss":0,"event_name":"Scrap Ooze","floor":8,"gold_loss":0},{"damage_healed":22,"gold_gain":0,"player_choice":"Banana","damage_taken":0,"max_hp_gain":0,"max_hp_loss":0,"event_name":"Big Fish","floor":13,"gold_loss":0},{"damage_healed":0,"gold_gain":0,"player_choice":"Simplicity","damage_taken":0,"max_hp_gain":0,"max_hp_loss":0,"event_name":"Back to Basics","floor":19,"gold_loss":0,"cards_upgraded":["Defend_G","Defend_G","Defend_G","Defend_G","Strike_G","Strike_G","Strike_G"]},{"damage_healed":0,"gold_gain":0,"player_choice":"Ignored","damage_taken":0,"max_hp_gain":0,"max_hp_loss":0,"event_name":"Ghosts","floor":25,"gold_loss":0}],"is_beta":false,"boss_relics":[{"not_picked":["Astrolabe","Snecko Eye"],"picked":"Ring of the Serpent"}],"items_purged_floors":[22],"is_endless":false,"potions_floor_spawned":[3,11,28,29],"killed_by":"Champ","ascension_level":15}