{"gold_per_floor":[114,114,124,150,185,227,239,269,281,293,319,68,68,103,103,103],"floor_reached":16,"playtime":597,"items_purged":[],"score":266,"play_id":"81f03535-ccdf-473d-abce-25c7f250ef11","local_time":"20190512030626","is_ascension_mode":true,"campfire_choices":[{"data":"Juggernaut","floor":7,"key":"SMITH"},{"data":"Bash","floor":10,"key":"SMITH"},{"floor":15,"key":"REST"}],"neow_cost":"NONE","seed_source_timestamp":271595927837700,"circlet_count":0,"master_deck":["AscendersBane","Strike_R","Strike_R","Strike_R+1","Strike_R","Defend_R+1","Defend_R","Defend_R","Defend_R","Bash+1","Spot Weakness+1","Juggernaut+1","Burning Pact+1","Offering","Iron Wave","Headbutt"],"relics":["Burning Blood","NeowsBlessing","MawBank","Blood Vial","War Paint","Darkstone Periapt","Mummified Hand","Regal Pillow"],"potions_floor_usage":[16],"damage_taken":[{"damage":0,"enemies":"Small Slimes","floor":1,"turns":1},{"damage":0,"enemies":"Cultist","floor":3,"turns":1},{"damage":0,"enemies":"Lagavulin","floor":6,"turns":1},{"damage":2,"enemies":"Jaw Worm","floor":8,"turns":4},{"damage":9,"enemies":"Large Slime","floor":11,"turns":5},{"damage":34,"enemies":"Gremlin Nob","floor":14,"turns":4},{"damage":68,"enemies":"Slime Boss","floor":16,"turns":7}],"seed_played":"2214675322587950258","potions_obtained":[{"floor":1,"key":"PowerPotion"},{"floor":3,"key":"Explosive Potion"},{"floor":6,"key":"GamblersBrew"}],"is_trial":false,"path_per_floor":["M","?","M","T","T","E","R","M","T","R","M","$","?","E","R","B"],"character_chosen":"IRONCLAD","items_purchased":["Mummified Hand"],"campfire_rested":1,"item_purchase_floors":[12],"current_hp_per_floor":[74,74,75,75,75,75,75,75,75,75,72,72,49,23,60,0],"gold":103,"neow_bonus":"THREE_ENEMY_KILL","is_prod":false,"is_daily":false,"chose_seed":false,"campfire_upgraded":2,"win_rate":0,"timestamp":1557623186,"path_taken":["M","?","?","?","?","E","R","M","T","R","M","$","?","E","R","BOSS"],"build_version":"2019-01-23","purchased_purges":0,"victory":false,"max_hp_per_floor":[75,75,75,75,75,75,75,75,75,75,75,75,75,75,75,75],"card_choices":[{"not_picked":["Wild Strike","Sever Soul"],"picked":"Spot Weakness","floor":1},{"not_picked":["Heavy Blade","Thunderclap"],"picked":"Burning Pact","floor":3},{"not_picked":["Impervious","Entrench"],"picked":"Offering","floor":6},{"not_picked":["Body Slam","Warcry"],"picked":"Iron Wave","floor":8},{"not_picked":["Entrench","Armaments"],"picked":"Headbutt","floor":11},{"not_picked":["Power Through","Armaments","Entrench"],"picked":"SKIP","floor":14}],"player_experience":660291,"relics_obtained":[{"floor":4,"key":"MawBank"},{"floor":5,"key":"Blood Vial"},{"floor":6,"key":"War Paint"},{"floor":9,"key":"Darkstone Periapt"},{"floor":14,"key":"Regal Pillow"}],"event_choices":[{"damage_healed":0,"gold_gain":0,"cards_transformed":["Strike_R"],"player_choice":"Transformed","damage_taken":0,"max_hp_gain":0,"max_hp_loss":0,"event_name":"Transmorgrifier","floor":2,"gold_loss":0,"cards_obtained":["Juggernaut"]},{"damage_healed":0,"gold_gain":0,"player_choice":"Entered Light","damage_taken":23,"max_hp_gain":0,"max_hp_loss":0,"event_name":"Shining Light","floor":13,"gold_loss":0,"cards_upgraded":["Defend_R","Strike_R"]}],"is_beta":false,"boss_relics":[],"items_purged_floors":[],"is_endless":false,"potions_floor_spawned":[1,3,6,11],"killed_by":"Slime Boss","ascension_level":20}