{"gold_per_floor":[118,118,4,16,91,122,122,141,168,14,30,30,48,65,65,168,168,153,68,68,167,20,20,32,95,119,119,119,139,37,37,37,136,136,147,147],"floor_reached":36,"playtime":1934,"items_purged":["Strike_G","Strike_G","Defend_G"],"score":418,"play_id":"f814cfc2-a2a0-48f0-b470-d3d8c4bb3d7c","local_time":"20190217114237","is_ascension_mode":true,"campfire_choices":[{"data":"After Image","floor":7,"key":"SMITH"},{"data":"Bouncing Flask","floor":12,"key":"SMITH"},{"floor":15,"key":"REST"},{"data":"Well Laid Plans","floor":23,"key":"SMITH"},{"data":"Setup","floor":28,"key":"SMITH"},{"floor":32,"key":"REST"}],"neow_cost":"NONE","seed_source_timestamp":5862921033702,"circlet_count":0,"master_deck":["Defend_G","Defend_G","Defend_G","Defend_G","Strike_G","Strike_G","Survivor","Neutralize+1","Prepared","Backstab","After Image+1","Crippling Poison","Bouncing Flask+1","Prepared","Prepared","Deadly Poison","Catalyst","Well Laid Plans+1","PiercingWail","Backstab","Setup+1","Deadly Poison","Deadly Poison","Catalyst","Adrenaline"],"relics":["Ring of the Snake","Bag of Marbles","Ancient Tea Set","Lizard Tail","Bag of Preparation","Tiny Chest","Omamori","Meat on the Bone","Snecko Eye"],"potions_floor_usage":[24,25,33,33],"damage_taken":[{"damage":0,"enemies":"Small Slimes","floor":1,"turns":4},{"damage":2,"enemies":"Cultist","floor":4,"turns":4},{"damage":29,"enemies":"3 Sentries","floor":6,"turns":17},{"damage":0,"enemies":"Jaw Worm","floor":8,"turns":3},{"damage":10,"enemies":"Gremlin Gang","floor":11,"turns":4},{"damage":0,"enemies":"Looter","floor":13,"turns":2},{"damage":3,"enemies":"2 Fungi Beasts","floor":14,"turns":3},{"damage":9,"enemies":"The Guardian","floor":16,"turns":7},{"damage":19,"enemies":"2 Thieves","floor":18,"turns":4},{"damage":0,"enemies":"3 Byrds","floor":24,"turns":3},{"damage":39,"enemies":"Slavers","floor":25,"turns":5},{"damage":0,"enemies":"3 Cultists","floor":29,"turns":6},{"damage":37,"enemies":"Champ","floor":33,"turns":9},{"damage":0,"enemies":"3 Shapes","floor":35,"turns":4},{"damage":43,"enemies":"3 Darklings","floor":36,"turns":8}],"seed_played":"-6802483434287018553","potions_obtained":[{"floor":4,"key":"Ancient Potion"},{"floor":13,"key":"Explosive Potion"},{"floor":14,"key":"Energy Potion"},{"floor":24,"key":"PowerPotion"}],"is_trial":false,"path_per_floor":["M","?","$","M","?","E","R","M","T","$","M","R","M","M","R","B",null,"M","?","?","?","$","R","M","E","T","T","R","M","$","?","R","B",null,"M","M"],"character_chosen":"THE_SILENT","items_purchased":["Backstab","Prepared","PiercingWail","Deadly Poison","Poison Potion"],"campfire_rested":2,"item_purchase_floors":[3,10,22,30,30],"current_hp_per_floor":[70,70,70,68,61,32,32,32,32,32,22,22,22,19,40,31,70,51,51,51,51,51,51,51,12,12,12,12,24,24,24,45,20,70,70,27],"gold":147,"neow_bonus":"UPGRADE_CARD","is_prod":false,"is_daily":false,"chose_seed":false,"campfire_upgraded":4,"win_rate":0,"timestamp":1550374957,"path_taken":["M","?","?","M","?","E","R","M","T","$","M","R","M","?","R","BOSS","M","?","?","?","$","R","M","E","T","?","R","?","$","?","R","BOSS","M","?"],"build_version":"2019-01-23","purchased_purges":3,"victory":false,"max_hp_per_floor":[70,70,70,70,70,70,70,70,70,70,70,70,70,70,70,70,70,70,70,70,70,70,70,70,70,70,70,70,70,70,70,70,70,70,70,70],"card_choices":[{"not_picked":["Dagger Spray","All Out Attack"],"picked":"Prepared","floor":1},{"not_picked":["Deadly Poison","Quick Slash"],"picked":"After Image","floor":4},{"not_picked":["Cloak And Dagger","Deadly Poison"],"picked":"Crippling Poison","floor":6},{"not_picked":["Underhanded Strike","Dodge and Roll"],"picked":"Bouncing Flask","floor":8},{"not_picked":["Underhanded Strike","Dagger Throw","Dodge and Roll"],"picked":"SKIP","floor":11},{"not_picked":["Blur","Quick Slash"],"picked":"Prepared","floor":13},{"not_picked":["Sucker Punch","Dodge and Roll"],"picked":"Deadly Poison","floor":14},{"not_picked":["Dagger Throw","Backflip+1"],"picked":"Catalyst","floor":18},{"not_picked":["Terror","Prepared"],"picked":"Backstab","floor":24},{"not_picked":["All Out Attack","Flechettes"],"picked":"Setup","floor":25},{"not_picked":["Predator","Blade Dance+1"],"picked":"Deadly Poison","floor":29},{"not_picked":["Bullet Time","Envenom"],"picked":"Adrenaline","floor":33},{"not_picked":["Quick Slash+1","Dodge and Roll","Choke+1"],"picked":"SKIP","floor":35}],"player_experience":400384,"relics_obtained":[{"floor":6,"key":"Bag of Marbles"},{"floor":9,"key":"Ancient Tea Set"},{"floor":25,"key":"Tiny Chest"},{"floor":26,"key":"Omamori"},{"floor":27,"key":"Meat on the Bone"}],"event_choices":[{"cards_removed":["Strike_G"],"damage_healed":0,"gold_gain":0,"player_choice":"Purged","damage_taken":0,"max_hp_gain":0,"max_hp_loss":0,"event_name":"Purifier","floor":2,"gold_loss":0},{"damage_healed":0,"gold_gain":75,"player_choice":"Touch","damage_taken":7,"max_hp_gain":0,"max_hp_loss":0,"event_name":"FaceTrader","floor":5,"gold_loss":0},{"damage_healed":0,"gold_gain":0,"player_choice":"Obtained Relic","damage_taken":0,"relics_obtained":["Bag of Preparation"],"max_hp_gain":0,"max_hp_loss":0,"event_name":"Addict","floor":19,"gold_loss":85},{"damage_healed":0,"gold_gain":0,"player_choice":"Read","damage_taken":0,"max_hp_gain":0,"max_hp_loss":0,"event_name":"The Library","floor":20,"gold_loss":0,"cards_obtained":["Well Laid Plans"]},{"damage_healed":0,"gold_gain":99,"player_choice":"Stole From Cult","damage_taken":0,"max_hp_gain":0,"max_hp_loss":0,"event_name":"Nest","floor":21,"gold_loss":0},{"damage_healed":0,"gold_gain":0,"player_choice":"Copied","damage_taken":0,"max_hp_gain":0,"max_hp_loss":0,"event_name":"Duplicator","floor":31,"gold_loss":0,"cards_obtained":["Catalyst"]}],"is_beta":false,"boss_relics":[{"not_picked":["Black Star","HoveringKite"],"picked":"Lizard Tail"},{"not_picked":["Orrery","Runic Pyramid"],"picked":"Snecko Eye"}],"items_purged_floors":[3,10,22],"is_endless":false,"potions_floor_spawned":[4,13,14,24],"killed_by":"3 Darklings","ascension_level":2}