{"gold_per_floor":[362,362,16,16,32,32,65,81,134,162,162,175,195,210,210,287,287,303,317,317,0,17,17,49,49,74,74,124,158,176,146,146,219,219,231,249,269,53,0,0,0,16,62,62,93,112,145,165,165,165,165,165,165,1,28,28],"floor_reached":56,"playtime":3123,"items_purged":["Strike_R+1"],"score":1914,"play_id":"2c5f34a0-d653-449b-938e-81d543888a53","local_time":"20190425155043","is_ascension_mode":true,"campfire_choices":[{"data":"Battle Trance","floor":6,"key":"SMITH"},{"data":"Uppercut","floor":11,"key":"SMITH"},{"data":"Whirlwind","floor":15,"key":"SMITH"},{"data":"Demon Form","floor":23,"key":"SMITH"},{"data":"Shockwave","floor":25,"key":"SMITH"},{"floor":27,"key":"REST"},{"data":"Shrug It Off","floor":32,"key":"SMITH"},{"floor":40,"key":"RECALL"},{"data":"Impervious","floor":49,"key":"SMITH"},{"data":"Flame Barrier","floor":53,"key":"SMITH"}],"neow_cost":"TEN_PERCENT_HP_LOSS","seed_source_timestamp":2459336754066,"circlet_count":0,"master_deck":["AscendersBane","Strike_R+1","Strike_R+1","Defend_R+1","Defend_R+1","Defend_R+1","Defend_R+1","Bash","Pummel","Apotheosis+1","Battle Trance+1","Inflame","Cleave","Shrug It Off+1","Uppercut+1","Whirlwind+1","Demon Form+1","Impervious+1","Shockwave+1","Reaper","Limit Break","Clothesline","Barricade","Flame Barrier+1","Shrug It Off+1","Shrug It Off","Double Tap","True Grit+1","Shockwave","Dual Wield","Shrug It Off"],"relics":["Burning Blood","Vajra","Tiny Chest","Mango","Snecko Eye","Membership Card","Paper Frog","Ancient Tea Set","Nunchaku","Mark of Pain","Art of War","Red Mask","Pear","Orichalcum","Juzu Bracelet","Bottled Lightning","Happy Flower"],"potions_floor_usage":[12,16,36,55,56],"damage_taken":[{"damage":13,"enemies":"Jaw Worm","floor":1,"turns":7},{"damage":4,"enemies":"2 Louse","floor":5,"turns":3},{"damage":12,"enemies":"Lagavulin","floor":7,"turns":7},{"damage":1,"enemies":"Cultist","floor":8,"turns":3},{"damage":26,"enemies":"3 Sentries","floor":10,"turns":7},{"damage":15,"enemies":"Gremlin Gang","floor":12,"turns":4},{"damage":16,"enemies":"3 Louse","floor":13,"turns":3},{"damage":8,"enemies":"Looter","floor":14,"turns":2},{"damage":25,"enemies":"Hexaghost","floor":16,"turns":8},{"damage":12,"enemies":"3 Byrds","floor":18,"turns":3},{"damage":3,"enemies":"Spheric Guardian","floor":19,"turns":4},{"damage":0,"enemies":"Cultist and Chosen","floor":22,"turns":4},{"damage":52,"enemies":"Book of Stabbing","floor":24,"turns":5},{"damage":6,"enemies":"Slavers","floor":29,"turns":2},{"damage":0,"enemies":"Centurion and Healer","floor":30,"turns":3},{"damage":13,"enemies":"Champ","floor":33,"turns":5},{"damage":0,"enemies":"Orb Walker","floor":35,"turns":3},{"damage":0,"enemies":"3 Darklings","floor":36,"turns":4},{"damage":22,"enemies":"Jaw Worm Horde","floor":37,"turns":2},{"damage":14,"enemies":"Maw","floor":42,"turns":7},{"damage":32,"enemies":"Giant Head","floor":45,"turns":6},{"damage":25,"enemies":"Writhing Mass","floor":46,"turns":8},{"damage":9,"enemies":"Nemesis","floor":47,"turns":7},{"damage":4,"enemies":"4 Shapes","floor":48,"turns":6},{"damage":10,"enemies":"Time Eater","floor":50,"turns":11},{"damage":34,"enemies":"Donu and Deca","floor":51,"turns":7},{"damage":76,"enemies":"Shield and Spear","floor":55,"turns":11},{"damage":98,"enemies":"The Heart","floor":56,"turns":6}],"seed_played":"4590097561625955938","potions_obtained":[{"floor":8,"key":"FearPotion"},{"floor":10,"key":"Dexterity Potion"},{"floor":12,"key":"Regen Potion"},{"floor":36,"key":"Fire Potion"}],"is_trial":false,"path_per_floor":["M","?","$","?","M","R","E","M","T","E","R","M","M","M","R","B",null,"M","M","?","$","M","R","E","R","T","R","?","E","M","?","R","B",null,"M","M","M","$","?","R","?","M","T","T","E","M","E","M","R","B","B",null,"R","$","E","B"],"character_chosen":"IRONCLAD","items_purchased":["Apotheosis","Battle Trance","Inflame","Membership Card","Reaper","Explosive Potion","Shrug It Off","Art of War","Double Tap","Energy Potion","Bottled Lightning","Shrug It Off"],"campfire_rested":1,"item_purchase_floors":[3,3,3,21,21,21,38,38,38,38,54,54],"current_hp_per_floor":[61,54,54,54,56,56,50,55,55,49,49,40,30,28,28,24,68,62,65,65,65,82,82,36,36,36,60,60,82,82,82,82,75,80,82,82,66,66,66,66,66,82,82,92,82,92,92,92,92,92,92,92,92,92,86,0],"gold":28,"neow_bonus":"TWO_FIFTY_GOLD","is_prod":false,"is_daily":false,"chose_seed":false,"campfire_upgraded":8,"win_rate":0,"timestamp":1556175043,"path_taken":["M","?","$","?","M","R","E","M","T","E","R","M","M","?","R","BOSS","M","?","?","$","M","R","E","R","T","R","?","E","?","?","R","BOSS","M","M","?","$","?","R","?","?","T","?","E","M","E","M","R","BOSS","BOSS","R","$","E","BOSS"],"build_version":"2019-01-23","purchased_purges":1,"victory":false,"max_hp_per_floor":[68,68,68,68,68,68,68,68,68,82,82,82,82,82,82,82,82,82,82,82,82,82,82,82,82,82,82,82,82,82,82,82,82,82,82,82,82,82,82,82,82,82,82,92,92,92,92,92,92,92,92,92,92,92,92,92],"card_choices":[{"not_picked":["Flex","Thunderclap"],"picked":"Pummel","floor":1},{"not_picked":["Iron Wave","Entrench"],"picked":"Cleave","floor":5},{"not_picked":["Clash","Anger"],"picked":"Shrug It Off","floor":7},{"not_picked":["Perfected Strike","Warcry","Heavy Blade"],"picked":"SKIP","floor":8},{"not_picked":["Sever Soul","Inflame"],"picked":"Uppercut","floor":10},{"not_picked":["Clothesline","Burning Pact","Iron Wave"],"picked":"SKIP","floor":12},{"not_picked":["Twin Strike","Anger"],"picked":"Whirlwind","floor":13},{"not_picked":["Seeing Red","True Grit"],"picked":"Demon Form","floor":14},{"not_picked":["Limit Break","Dark Embrace"],"picked":"Impervious","floor":16},{"not_picked":["Searing Blow","Second Wind","Cleave"],"picked":"SKIP","floor":18},{"not_picked":["Pommel Strike","Heavy Blade"],"picked":"Shockwave","floor":19},{"not_picked":["Perfected Strike","Ghostly Armor","Cleave"],"picked":"SKIP","floor":22},{"not_picked":["Thunderclap","Warcry"],"picked":"Limit Break","floor":24},{"not_picked":["Cleave","Seeing Red","Metallicize"],"picked":"SKIP","floor":29},{"not_picked":["Body Slam","Ghostly Armor"],"picked":"Clothesline","floor":30},{"not_picked":["Dark Embrace","Offering"],"picked":"Barricade","floor":33},{"not_picked":["Twin Strike","Inflame","Flex"],"picked":"SKIP","floor":35},{"not_picked":["Havoc+1","Sword Boomerang+1"],"picked":"Flame Barrier","floor":36},{"not_picked":["Sword Boomerang","Power Through"],"picked":"Shrug It Off+1","floor":37},{"not_picked":["Body Slam","Searing Blow+1"],"picked":"True Grit+1","floor":42},{"not_picked":["Pummel","Power Through","Dropkick"],"picked":"SKIP","floor":45},{"not_picked":["Clothesline+1","Exhume"],"picked":"Shockwave","floor":46},{"not_picked":["Inflame","Pommel Strike","Clothesline"],"picked":"SKIP","floor":47},{"not_picked":["Power Through","Heavy Blade"],"picked":"Dual Wield","floor":48},{"not_picked":["Spot Weakness","Perfected Strike+1","Feel No Pain"],"picked":"SKIP","floor":55}],"player_experience":1086544,"relics_obtained":[{"floor":7,"key":"Vajra"},{"floor":9,"key":"Tiny Chest"},{"floor":10,"key":"Mango"},{"floor":24,"key":"Paper Frog"},{"floor":26,"key":"Ancient Tea Set"},{"floor":29,"key":"Nunchaku"},{"floor":44,"key":"Pear"},{"floor":45,"key":"Orichalcum"},{"floor":47,"key":"Juzu Bracelet"},{"floor":55,"key":"Happy Flower"}],"event_choices":[{"cards_removed":["Strike_R"],"damage_healed":0,"gold_gain":0,"player_choice":"Card Removal","damage_taken":7,"max_hp_gain":0,"max_hp_loss":0,"event_name":"Golden Wing","floor":2,"gold_loss":0},{"damage_healed":0,"gold_gain":0,"player_choice":"Forge","damage_taken":0,"max_hp_gain":0,"max_hp_loss":0,"event_name":"Accursed Blacksmith","floor":4,"gold_loss":0,"cards_upgraded":["Apotheosis"]},{"damage_healed":0,"gold_gain":0,"player_choice":"Simplicity","damage_taken":0,"max_hp_gain":0,"max_hp_loss":0,"event_name":"Back to Basics","floor":20,"gold_loss":0,"cards_upgraded":["Strike_R","Strike_R","Strike_R","Strike_R","Defend_R","Defend_R","Defend_R","Defend_R"]},{"damage_healed":0,"gold_gain":50,"player_choice":"Pray","damage_taken":0,"max_hp_gain":0,"max_hp_loss":0,"event_name":"Golden Shrine","floor":28,"gold_loss":0},{"damage_healed":0,"gold_gain":0,"player_choice":"Bought 2 Potions","damage_taken":0,"max_hp_gain":0,"max_hp_loss":0,"event_name":"The Woman in Blue","floor":31,"gold_loss":0},{"damage_healed":0,"gold_gain":0,"player_choice":"Paid","damage_taken":0,"relics_obtained":["Red Mask"],"max_hp_gain":0,"max_hp_loss":0,"event_name":"Tomb of Lord Red Mask","floor":39,"gold_loss":53},{"cards_removed":["Strike_R"],"damage_healed":0,"gold_gain":0,"player_choice":"Offered Basic","damage_taken":0,"max_hp_gain":0,"max_hp_loss":0,"event_name":"Bonfire Elementals","floor":41,"gold_loss":0}],"is_beta":false,"boss_relics":[{"not_picked":["Runic Pyramid","Runic Dome"],"picked":"Snecko Eye"},{"not_picked":["Empty Cage","Eternal Feather"],"picked":"Mark of Pain"}],"items_purged_floors":[38],"is_endless":false,"potions_floor_spawned":[8,10,12,14,24,29,33,36,45,46,48],"killed_by":"The Heart","ascension_level":20}