{"gold_per_floor":[109,109,109,127,127,161,161,202,225,225,239,164,185,209,209,304,304,304,304,304,165,165,165,165,165,165,165,165,62,62,62,62,62],"floor_reached":33,"playtime":782,"items_purged":["Strike_R"],"score":600,"play_id":"2c69ae2b-a379-404a-9630-74237b69cbc6","local_time":"20190415003757","is_ascension_mode":true,"campfire_choices":[{"data":"Bash","floor":7.0,"key":"SMITH"},{"data":"Immolate","floor":10.0,"key":"SMITH"},{"data":"Entrench","floor":15.0,"key":"SMITH"},{"data":"Warcry","floor":24,"key":"SMITH"},{"floor":28,"key":"REST"},{"data":"Metallicize","floor":30,"key":"SMITH"},{"floor":32,"key":"REST"}],"neow_cost":"NONE","seed_source_timestamp":110301081814600,"circlet_count":0,"master_deck":["AscendersBane","Strike_R","Strike_R","Strike_R","Strike_R","Defend_R","Defend_R","Defend_R","Defend_R","Bash+1","Cleave+1","Headbutt","Immolate+1","Flame Barrier","Entrench+1","Offering","Shrug It Off","Warcry+1","Clothesline","Warcry","Juggernaut","Inflame","Shockwave+1","Shrug It Off","Metallicize+1","RitualDagger"],"special_seed":0,"relics":["Burning Blood","NeowsBlessing","Golden Idol","Art of War","Regal Pillow","Bottled Lightning","Bag of Marbles","Ectoplasm","Lantern","Vajra","Calipers"],"potions_floor_usage":[33,33],"damage_taken":[{"damage":0.0,"enemies":"Jaw Worm","floor":1.0,"turns":1.0},{"damage":0.0,"enemies":"2 Louse","floor":4.0,"turns":1.0},{"damage":0.0,"enemies":"Gremlin Nob","floor":6.0,"turns":1.0},{"damage":31.0,"enemies":"3 Sentries","floor":8.0,"turns":7.0},{"damage":0.0,"enemies":"Cultist","floor":11.0,"turns":2.0},{"damage":2.0,"enemies":"3 Louse","floor":13.0,"turns":2.0},{"damage":0.0,"enemies":"Looter","floor":14.0,"turns":1.0},{"damage":32.0,"enemies":"Slime Boss","floor":16.0,"turns":8.0},{"damage":0,"enemies":"2 Thieves","floor":18,"turns":1},{"damage":0,"enemies":"Chosen","floor":20,"turns":3},{"damage":15,"enemies":"Snake Plant","floor":22,"turns":4},{"damage":20,"enemies":"Gremlin Leader","floor":23,"turns":4},{"damage":44,"enemies":"Shelled Parasite and Fungi","floor":25,"turns":5},{"damage":6,"enemies":"3 Cultists","floor":27,"turns":2},{"damage":92,"enemies":"Collector","floor":33,"turns":9}],"seed_played":"-5224194913296129822","potions_obtained":[{"floor":1.0,"key":"Weak Potion"},{"floor":6.0,"key":"PowerPotion"},{"floor":11.0,"key":"SneckoOil"},{"floor":23,"key":"Poison Potion"},{"floor":25,"key":"Fire Potion"}],"is_trial":false,"path_per_floor":["M","?","?","M","?","E","R","E","T","R","M","$","M","M","R","B",null,"M","?","M","?","M","E","R","M","T","M","R","$","R","?","R","B"],"character_chosen":"IRONCLAD","items_purchased":["Shrug It Off","Metallicize"],"campfire_rested":2,"item_purchase_floors":[29,29],"current_hp_per_floor":[74,48,37,43,43,49,49,24,24,24,30,30,34,40,40,14,60,66,66,72,72,63,49,49,11,11,11,48,48,48,42,75,0],"gold":62,"neow_bonus":"THREE_ENEMY_KILL","is_prod":false,"is_daily":false,"chose_seed":false,"campfire_upgraded":5,"win_rate":0,"timestamp":1555281477,"path_taken":["M","?","?","M","?","E","R","E","T","R","M","$","?","M","R","BOSS","M","?","M","?","M","E","R","?","T","M","R","?","R","?","R","BOSS"],"build_version":"2019-01-23","purchased_purges":1,"victory":false,"max_hp_per_floor":[75,75,75,75,75,75,75,75,75,75,75,75,75,75,75,75,75,75,75,75,75,75,75,75,75,75,75,75,75,75,75,75,75],"card_choices":[{"not_picked":["Infernal Blade","Perfected Strike"],"picked":"Cleave","floor":1.0},{"not_picked":["Body Slam","Flex"],"picked":"Headbutt","floor":4.0},{"not_picked":["Havoc","Anger"],"picked":"Immolate","floor":6.0},{"not_picked":["Clash","Seeing Red","Sever Soul"],"picked":"SKIP","floor":8.0},{"not_picked":["Body Slam","Corruption"],"picked":"Flame Barrier","floor":11.0},{"not_picked":["Headbutt","Thunderclap"],"picked":"Entrench","floor":13.0},{"not_picked":["Twin Strike","Second Wind","Warcry"],"picked":"SKIP","floor":14.0},{"not_picked":["Bludgeon","Feed"],"picked":"Offering","floor":16.0},{"not_picked":["Warcry","Infernal Blade"],"picked":"Shrug It Off","floor":18},{"not_picked":["Cleave","Sever Soul"],"picked":"Clothesline","floor":20},{"not_picked":["Flex+1","Sever Soul"],"picked":"Warcry","floor":22},{"not_picked":["Brutality","Twin Strike"],"picked":"Juggernaut","floor":23},{"not_picked":["Clothesline","Cleave"],"picked":"Inflame","floor":25},{"not_picked":["Havoc","Clothesline"],"picked":"Shockwave+1","floor":27}],"player_experience":557661,"relics_obtained":[{"floor":6.0,"key":"Regal Pillow"},{"floor":8.0,"key":"Bottled Lightning"},{"floor":9.0,"key":"Bag of Marbles"},{"floor":23,"key":"Vajra"},{"floor":26,"key":"Calipers"}],"event_choices":[{"damage_healed":0.0,"max_hp_gain":0.0,"max_hp_loss":0.0,"gold_gain":0.0,"event_name":"Golden Idol","player_choice":"Take Damage","floor":2.0,"gold_loss":0.0,"damage_taken":26.0,"relics_obtained":["Golden Idol"]},{"damage_healed":0.0,"max_hp_gain":0.0,"max_hp_loss":0.0,"gold_gain":0.0,"event_name":"Scrap Ooze","player_choice":"Success","floor":3.0,"gold_loss":0.0,"damage_taken":11.0,"relics_obtained":["Art of War"]},{"damage_healed":0.0,"max_hp_gain":0.0,"max_hp_loss":0.0,"gold_gain":0.0,"event_name":"Accursed Blacksmith","player_choice":"Forge","floor":5.0,"gold_loss":0.0,"damage_taken":0.0,"cards_upgraded":["Cleave"]},{"damage_healed":0,"gold_gain":0,"player_choice":"Read","damage_taken":0,"max_hp_gain":0,"max_hp_loss":0,"event_name":"The Library","floor":19,"gold_loss":0,"cards_obtained":["Warcry"]},{"damage_healed":0,"gold_gain":0,"player_choice":"Paid Gold","damage_taken":0,"relics_obtained":["Lantern"],"max_hp_gain":0,"max_hp_loss":0,"event_name":"WeMeetAgain","floor":21,"gold_loss":139},{"damage_healed":0,"gold_gain":0,"player_choice":"Joined the Cult","damage_taken":6,"max_hp_gain":0,"max_hp_loss":0,"event_name":"Nest","floor":31,"gold_loss":0,"cards_obtained":["RitualDagger"]}],"is_beta":false,"boss_relics":[{"not_picked":["Runic Cube","Tiny House"],"picked":"Ectoplasm"}],"items_purged_floors":[12],"is_endless":false,"potions_floor_spawned":[1,6,11,23,25,27],"killed_by":"Collector","ascension_level":20}