{"gold_per_floor":[114,114,114,124,26,26,39,39,39,39,66,66,97,97,97,97],"floor_reached":16,"playtime":696,"items_purged":["Strike_G"],"score":117,"play_id":"9e8bb3dc-6d61-4f69-b307-f77a36c0a5d3","local_time":"20190203222533","is_ascension_mode":true,"campfire_choices":[{"data":"Tools of the Trade","floor":6,"key":"SMITH"},{"data":"Neutralize","floor":8,"key":"SMITH"},{"floor":12,"key":"REST"},{"floor":15,"key":"REST"}],"neow_cost":"TEN_PERCENT_HP_LOSS","seed_source_timestamp":42163236902138,"circlet_count":0,"master_deck":["Defend_G","Defend_G","Defend_G","Defend_G","Strike_G","Strike_G","Strike_G","Survivor","Neutralize+1","Acrobatics","Tools of the Trade+1","Backflip","Dodge and Roll","Blade Dance","Injury"],"relics":["Ring of the Snake","Bronze Scales","Sundial","Kunai","Vajra","Golden Idol"],"potions_floor_usage":[16],"damage_taken":[{"damage":0,"enemies":"2 Louse","floor":1,"turns":4},{"damage":4,"enemies":"Small Slimes","floor":4,"turns":3},{"damage":0,"enemies":"Cultist","floor":7,"turns":5},{"damage":22,"enemies":"Lagavulin","floor":11,"turns":11},{"damage":43,"enemies":"Gremlin Nob","floor":13,"turns":6},{"damage":28,"enemies":"Slime Boss","floor":16,"turns":10}],"seed_played":"8458851823795992102","potions_obtained":[{"floor":13,"key":"Weak Potion"}],"is_trial":false,"path_per_floor":["M","?","?","M","$","R","M","R","T","$","E","R","E","?","R","B"],"character_chosen":"THE_SILENT","items_purchased":["Dodge and Roll"],"campfire_rested":2,"item_purchase_floors":[5],"current_hp_per_floor":[63,56,56,52,52,52,52,52,52,52,30,48,5,5,23,0],"gold":97,"neow_bonus":"REMOVE_TWO","is_prod":false,"is_daily":false,"chose_seed":false,"campfire_upgraded":2,"win_rate":0,"timestamp":1549203933,"path_taken":["M","?","?","M","$","R","?","R","T","$","E","R","E","?","R","BOSS"],"build_version":"2019-01-23","purchased_purges":1,"victory":false,"max_hp_per_floor":[63,63,63,63,63,63,63,63,63,63,63,63,63,63,63,63],"card_choices":[{"not_picked":["Eviscerate","Sucker Punch"],"picked":"Acrobatics","floor":1},{"not_picked":["Outmaneuver","Accuracy"],"picked":"Backflip","floor":4},{"not_picked":["Tools of the Trade","Dagger Spray","Flying Knee"],"picked":"SKIP","floor":7},{"not_picked":["Masterful Stab","Dagger Spray","Poisoned Stab"],"picked":"SKIP","floor":11},{"not_picked":["Heel Hook","PiercingWail"],"picked":"Blade Dance","floor":13}],"player_experience":392367,"relics_obtained":[{"floor":9,"key":"Sundial"},{"floor":11,"key":"Kunai"},{"floor":13,"key":"Vajra"}],"event_choices":[{"damage_healed":0,"gold_gain":0,"player_choice":"Success","damage_taken":7,"relics_obtained":["Bronze Scales"],"max_hp_gain":0,"max_hp_loss":0,"event_name":"Scrap Ooze","floor":2,"gold_loss":0},{"damage_healed":0,"gold_gain":0,"player_choice":"1 cards matched","damage_taken":0,"max_hp_gain":0,"max_hp_loss":0,"event_name":"Match and Keep!","floor":3,"gold_loss":0,"cards_obtained":["Tools of the Trade"]},{"damage_healed":0,"gold_gain":0,"player_choice":"Take Wound","damage_taken":0,"relics_obtained":["Golden Idol"],"max_hp_gain":0,"max_hp_loss":0,"event_name":"Golden Idol","floor":14,"gold_loss":0,"cards_obtained":["Injury"]}],"is_beta":false,"boss_relics":[],"items_purged_floors":[5],"is_endless":false,"potions_floor_spawned":[13],"killed_by":"Slime Boss","ascension_level":2}