{"gold_per_floor":[116,129,71,32,32,32,61,61,61,89,89,89,106,126,126,199,199,218,238,74,74],"floor_reached":21,"playtime":486,"items_purged":["Regret"],"score":424,"play_id":"abc7f158-d209-4c59-9159-5e03e48ee218","local_time":"20190426233543","is_ascension_mode":true,"campfire_choices":[{"data":"Barrage","floor":6,"key":"SMITH"},{"floor":12,"key":"REST"},{"floor":15,"key":"REST"}],"neow_cost":"NONE","seed_source_timestamp":0,"circlet_count":0,"master_deck":["AscendersBane","Strike_B","Strike_B","Strike_B","Strike_B","Defend_B","Defend_B","Defend_B","Defend_B","Zap","Dualcast","Barrage+1","Rebound","Melter","Fusion","Turbo+1","Undo+1","Hologram+1","Echo Form+1","Steam+1","Redo+1","Glacier+1"],"special_seed":0,"relics":["Cracked Core","NeowsBlessing","Oddly Smooth Stone","Kunai","Ornamental Fan","Frozen Egg 2","Toxic Egg 2","Mercury Hourglass","Velvet Choker"],"potions_floor_usage":[10,14,19],"damage_taken":[{"damage":0,"enemies":"Cultist","floor":1,"turns":1},{"damage":0,"enemies":"Small Slimes","floor":2,"turns":1},{"damage":0,"enemies":"Lagavulin","floor":7,"turns":1},{"damage":60,"enemies":"Gremlin Nob","floor":10,"turns":5},{"damage":1,"enemies":"2 Louse","floor":13,"turns":2},{"damage":3,"enemies":"Red Slaver","floor":14,"turns":3},{"damage":31,"enemies":"Slime Boss","floor":16,"turns":11},{"damage":37,"enemies":"Shell Parasite","floor":18,"turns":5},{"damage":14,"enemies":"Chosen","floor":19,"turns":5},{"damage":6,"enemies":"Centurion and Healer","floor":21,"turns":3}],"seed_played":"-3513060178903070202","potions_obtained":[{"floor":7,"key":"Swift Potion"},{"floor":10,"key":"Block Potion"},{"floor":13,"key":"GamblersBrew"},{"floor":19,"key":"Fire Potion"}],"is_trial":false,"path_per_floor":["M","M","?","$","?","R","E","$","T","E","T","R","M","M","R","B",null,"M","M","$","M"],"character_chosen":"DEFECT","items_purchased":["Melter","Glacier+1"],"campfire_rested":2,"item_purchase_floors":[4,20],"current_hp_per_floor":[64,64,64,64,64,64,64,64,64,4,4,25,24,21,42,11,56,19,5,5,0],"gold":74,"neow_bonus":"THREE_ENEMY_KILL","is_prod":false,"is_daily":false,"chose_seed":false,"campfire_upgraded":1,"win_rate":0,"timestamp":1556314543,"path_taken":["M","M","?","?","?","R","E","$","T","E","?","R","M","M","R","BOSS","M","M","$","M"],"build_version":"2019-01-23","purchased_purges":1,"victory":false,"max_hp_per_floor":[71,71,71,71,71,71,71,71,71,71,71,71,71,71,71,71,71,71,71,71,71],"card_choices":[{"not_picked":["Redo","Turbo"],"picked":"Barrage","floor":1},{"not_picked":["Coolheaded","Sunder"],"picked":"Rebound","floor":2},{"not_picked":["Streamline","Sweeping Beam"],"picked":"Fusion","floor":7},{"not_picked":["Force Field","Rebound"],"picked":"Turbo","floor":10},{"not_picked":["Scrape","Lockon"],"picked":"Undo+1","floor":13},{"not_picked":["Loop+1","Tempest+1"],"picked":"Hologram+1","floor":14},{"not_picked":["Multi-Cast+1","Seek+1"],"picked":"Echo Form+1","floor":16},{"not_picked":["Streamline","Storm+1"],"picked":"Steam+1","floor":18},{"not_picked":["Aggregate+1","Beam Cell"],"picked":"Redo+1","floor":19}],"player_experience":607768,"relics_obtained":[{"floor":7,"key":"Ornamental Fan"},{"floor":9,"key":"Frozen Egg 2"},{"floor":10,"key":"Toxic Egg 2"},{"floor":11,"key":"Mercury Hourglass"}],"event_choices":[{"damage_healed":0,"gold_gain":0,"player_choice":"Paid Gold","damage_taken":0,"relics_obtained":["Oddly Smooth Stone"],"max_hp_gain":0,"max_hp_loss":0,"event_name":"WeMeetAgain","floor":3,"gold_loss":58},{"damage_healed":0,"gold_gain":0,"player_choice":"Box","damage_taken":0,"relics_obtained":["Kunai"],"max_hp_gain":0,"max_hp_loss":0,"event_name":"Big Fish","floor":5,"gold_loss":0,"cards_obtained":["Regret"]}],"is_beta":false,"boss_relics":[{"not_picked":["Ectoplasm","Astrolabe"],"picked":"Velvet Choker"}],"items_purged_floors":[20],"is_endless":false,"potions_floor_spawned":[7,10,13,19],"killed_by":"Centurion and Healer","ascension_level":20}