{"path_per_floor":["M","?","M","?","M","R","M","R","T","M","?","E","M","M","R","B",null,"M","M","M","$","M","R","M","R","T","?","R","?","E","M","R","B",null,"M","?","?","M","M","R","$","?","T","R","M","M","R","M","R","B"],"character_chosen":"THE_SILENT","items_purchased":["Backstab","Omamori","Block Potion","War Paint"],"gold_per_floor":[116,116,135,85,96,96,112,112,136,154,154,185,200,215,215,319,319,335,351,362,6,19,19,39,39,84,84,84,84,115,130,130,227,227,241,289,289,302,320,320,164,164,164,164,175,189,189,203,203,203],"floor_reached":51,"campfire_rested":1,"playtime":4322,"item_purchase_floors":[],"current_hp_per_floor":[72,72,72,72,71,71,69,69,69,68,68,66,65,61,61,41,77,75,72,72,72,69,69,64,64,64,64,64,64,63,61,61,59,77,77,50,50,50,46,46,46,65,65,65,47,46,69,68,68,39],"items_purged":["Strike_G"],"gold":203,"score":623,"play_id":"48c83fe6-f960-4d2c-8457-40b2d7b193b5","local_time":"20180606210743","is_prod":false,"is_daily":false,"chose_seed":false,"is_ascension_mode":false,"campfire_upgraded":10,"win_rate":0.0,"timestamp":1528337263,"campfire_choices":[{"data":"Dagger Spray","floor":6.0,"key":"SMITH"},{"data":"Wraith Form v2","floor":8.0,"key":"SMITH"},{"data":"Skewer","floor":15.0,"key":"SMITH"},{"data":"Backstab","floor":23.0,"key":"SMITH"},{"data":"Backstab","floor":25.0,"key":"SMITH"},{"data":"Wraith Form v2","floor":28.0,"key":"SMITH"},{"data":"Venomology","floor":32.0,"key":"SMITH"},{"data":"A Thousand Cuts","floor":40.0,"key":"SMITH"},{"data":"Jack Of All Trades","floor":44,"key":"SMITH"},{"floor":47,"key":"REST"},{"data":"Wraith Form v2","floor":49,"key":"SMITH"}],"path_taken":["M","?","M","?","M","R","M","R","T","?","?","E","?","M","R","BOSS","M","M","M","$","?","R","M","R","T","?","R","?","E","?","R","BOSS","M","?","?","M","M","R","$","?","T","R","?","M","R","?","R","BOSS"],"build_version":"2018-05-31","seed_source_timestamp":0,"purchased_purges":1,"victory":true,"master_deck":["Defend_G","Defend_G+1","Defend_G+1","Defend_G","Defend_G","Strike_G","Survivor","Neutralize","Terror","Jack Of All Trades+1","Dagger Spray+1","Dagger Spray","Wraith Form v2+1","Footwork+1","Skewer+1","PiercingWail","Wraith Form v2+1","Flying Knee","Blur+1","Backstab+1","Backstab+1","Slice+1","Venomology+1","A Thousand Cuts+1","Slice+1","Finisher+1","Dagger Spray+1","Wraith Form v2+1"],"max_hp_per_floor":[77,77,77,77,77,77,77,77,77,77,77,77,77,77,77,77,77,77,77,77,77,77,77,77,77,77,77,77,77,77,77,77,77,77,77,77,77,77,77,77,77,77,77,77,77,77,77,77,77,77],"relics":["Ring of the Snake","Lantern","Bag of Marbles","Velvet Choker","Omamori","Pen Nib","Mercury Hourglass","Cursed Key","Ice Cream","War Paint","Toolbox"],"card_choices":[{"not_picked":["Underhanded Strike","Infinite Blades"],"picked":"Terror","floor":1.0},{"not_picked":["Riddle With Holes","Prepared"],"picked":"Dagger Spray","floor":3.0},{"not_picked":["Quick Slash","Deflect"],"picked":"Dagger Spray","floor":5.0},{"not_picked":["Underhanded Strike","Quick Slash"],"picked":"Wraith Form v2","floor":7.0},{"not_picked":["Deadly Poison","Backflip"],"picked":"Footwork","floor":10.0},{"not_picked":["Deadly Poison","Underhanded Strike","Poisoned Stab"],"picked":"SKIP","floor":12.0},{"not_picked":["Terror","Quick Slash"],"picked":"Skewer","floor":13.0},{"not_picked":["Poisoned Stab","Bane"],"picked":"PiercingWail","floor":14.0},{"not_picked":["Bullet Time","Corpse Explosion"],"picked":"Wraith Form v2","floor":16.0},{"not_picked":["Leg Sweep+1","Prepared"],"picked":"Flying Knee","floor":18.0},{"not_picked":["Eviscerate","Distraction+1"],"picked":"Blur+1","floor":19.0},{"not_picked":["Malaise","Blur"],"picked":"Backstab","floor":20.0},{"not_picked":["Quick Slash","Deflect"],"picked":"Slice+1","floor":22.0},{"not_picked":["Deflect+1","Flechettes"],"picked":"Venomology","floor":24.0},{"not_picked":["Leg Sweep","Outmaneuver","Quick Slash"],"picked":"SKIP","floor":30.0},{"not_picked":["Acrobatics","Prepared","Bane"],"picked":"SKIP","floor":31.0},{"not_picked":["Burst","Bullet Time"],"picked":"A Thousand Cuts","floor":33.0},{"not_picked":["Distraction+1","Outmaneuver","Eviscerate+1"],"picked":"SKIP","floor":35.0},{"not_picked":["Dodge and Roll","Sucker Punch"],"picked":"Slice+1","floor":38.0},{"not_picked":["All Out Attack","Well Laid Plans"],"picked":"Finisher+1","floor":39.0},{"not_picked":["Deadly Poison+1","Dagger Throw","Deflect+1"],"picked":"SKIP","floor":45},{"not_picked":["Terror+1","Reflex"],"picked":"Dagger Spray+1","floor":46},{"not_picked":["Finisher+1","Caltrops"],"picked":"Wraith Form v2","floor":48}],"player_experience":78117,"potions_floor_usage":[45,45,46,46,50,50],"damage_taken":[{"damage":5.0,"enemies":"Small Slimes","floor":1.0,"turns":4.0},{"damage":0.0,"enemies":"Cultist","floor":3.0,"turns":3.0},{"damage":1.0,"enemies":"Jaw Worm","floor":5.0,"turns":4.0},{"damage":2.0,"enemies":"Looter","floor":7.0,"turns":3.0},{"damage":1.0,"enemies":"Blue Slaver","floor":10.0,"turns":4.0},{"damage":2.0,"enemies":"Gremlin Nob","floor":12.0,"turns":4.0},{"damage":1.0,"enemies":"Red Slaver","floor":13.0,"turns":4.0},{"damage":4.0,"enemies":"Exordium Wildlife","floor":14.0,"turns":5.0},{"damage":20.0,"enemies":"Hexaghost","floor":16.0,"turns":9.0},{"damage":2.0,"enemies":"Chosen","floor":18.0,"turns":6.0},{"damage":3.0,"enemies":"Spheric Guardian","floor":19.0,"turns":4.0},{"damage":0.0,"enemies":"3 Cultists","floor":20.0,"turns":6.0},{"damage":3.0,"enemies":"Snake Plant","floor":22.0,"turns":6.0},{"damage":5.0,"enemies":"Chosen and Byrds","floor":24.0,"turns":6.0},{"damage":1.0,"enemies":"Book of Stabbing","floor":30.0,"turns":5.0},{"damage":2.0,"enemies":"Slaver and Parasite","floor":31.0,"turns":3.0},{"damage":2.0,"enemies":"Champ","floor":33.0,"turns":10.0},{"damage":0.0,"enemies":"3 Shapes","floor":35.0,"turns":2.0},{"damage":27.0,"enemies":"Mysterious Sphere","floor":36.0,"turns":5.0},{"damage":0.0,"enemies":"Orb Walker","floor":38.0,"turns":1.0},{"damage":4.0,"enemies":"4 Shapes","floor":39.0,"turns":5.0},{"damage":18,"enemies":"3 Darklings","floor":45,"turns":3},{"damage":1,"enemies":"Maw","floor":46,"turns":5},{"damage":1,"enemies":"4 Shapes","floor":48,"turns":2},{"damage":29,"enemies":"Awakened One","floor":50,"turns":14}],"relics_obtained":[{"floor":9.0,"key":"Lantern"},{"floor":12.0,"key":"Bag of Marbles"},{"floor":26.0,"key":"Pen Nib"},{"floor":30.0,"key":"Mercury Hourglass"},{"floor":36.0,"key":"Ice Cream"},{"floor":43,"key":"Toolbox"}],"event_choices":[{"event_name":"Match and Keep!","player_choice":"1 cards matched","floor":2.0,"damage_taken":0.0},{"event_name":"The Cleric","player_choice":"Card Removal","floor":4.0,"damage_taken":0.0},{"event_name":"Upgrade Shrine","player_choice":"Upgraded","floor":11.0,"damage_taken":0.0},{"event_name":"Drug Dealer","player_choice":"Ignored","floor":27.0,"damage_taken":0.0},{"event_name":"Purifier","player_choice":"One Purge","floor":29.0,"damage_taken":0.0},{"event_name":"Mysterious Sphere","player_choice":"Fight","floor":36.0,"damage_taken":0.0},{"event_name":"Winding Halls","player_choice":"Writhe","floor":42,"damage_taken":0}],"boss_relics":[],"items_purged_floors":[],"potions_floor_spawned":[3,5,14,16,19,24,30,33,35,38,39],"seed_played":"6490613362915551231","ascension_level":0,"potions_obtained":[{"floor":3.0,"key":"FearPotion"},{"floor":5.0,"key":"SkillPotion"},{"floor":14.0,"key":"Strength Potion"},{"floor":16.0,"key":"PowerPotion"},{"floor":19.0,"key":"AttackPotion"},{"floor":24.0,"key":"SpeedPotion"},{"floor":33.0,"key":"Swift Potion"},{"floor":35.0,"key":"Swift Potion"},{"floor":38.0,"key":"SkillPotion"},{"floor":39.0,"key":"Energy Potion"}],"is_trial":false}