{"gold_per_floor":[119,119,136,149,165,165,194,194,221,221,254,265,265,282,282,377,377,397,397,416,416,261,261],"floor_reached":23,"playtime":1184,"items_purged":["Strike_B"],"score":226,"play_id":"151e5eec-5adc-44d2-bca4-1126f9549165","local_time":"20190421224331","is_ascension_mode":false,"campfire_choices":[{"data":"Go for the Eyes","floor":6,"key":"SMITH"},{"data":"Zap","floor":8,"key":"SMITH"},{"data":"Dualcast","floor":10,"key":"SMITH"},{"floor":15,"key":"REST"}],"neow_cost":"NONE","seed_source_timestamp":27553309128784,"circlet_count":0,"master_deck":["Strike_B","Strike_B","Defend_B","Defend_B","Defend_B","Defend_B","Zap+1","Dualcast+1","Sweeping Beam","Coolheaded","Gash","Go for the Eyes+1","Auto Shields","FTL","Biased Cognition","Hologram","Conserve Battery","Skim"],"relics":["Cracked Core","NeowsBlessing","FaceOfCleric","Bag of Preparation","Vajra","Lizard Tail","Enchiridion"],"potions_floor_usage":[7,23,23,23],"damage_taken":[{"damage":0,"enemies":"Small Slimes","floor":1,"turns":1},{"damage":0,"enemies":"Cultist","floor":3,"turns":1},{"damage":0,"enemies":"Jaw Worm","floor":4,"turns":1},{"damage":9,"enemies":"3 Louse","floor":5,"turns":4},{"damage":18,"enemies":"3 Sentries","floor":7,"turns":8},{"damage":3,"enemies":"Lagavulin","floor":11,"turns":6},{"damage":0,"enemies":"Blue Slaver","floor":12,"turns":2},{"damage":0,"enemies":"Gremlin Gang","floor":14,"turns":4},{"damage":8,"enemies":"The Guardian","floor":16,"turns":12},{"damage":0,"enemies":"Spheric Guardian","floor":18,"turns":3},{"damage":1,"enemies":"Shell Parasite","floor":20,"turns":6},{"damage":102,"enemies":"Gremlin Leader","floor":23,"turns":12}],"seed_played":"-6050574454921229266","potions_obtained":[{"floor":1,"key":"LiquidBronze"},{"floor":4,"key":"EssenceOfSteel"},{"floor":5,"key":"EssenceOfSteel"},{"floor":11,"key":"LiquidBronze"},{"floor":14,"key":"SpeedPotion"}],"is_trial":false,"path_per_floor":["M","?","M","M","M","R","E","R","T","R","E","M","?","M","R","B",null,"M","?","M","?","$","E"],"character_chosen":"DEFECT","items_purchased":["Skim"],"campfire_rested":1,"item_purchase_floors":[22],"current_hp_per_floor":[75,75,76,77,69,69,52,52,52,52,50,51,44,45,69,62,83,84,68,68,52,52,0],"gold":261,"neow_bonus":"THREE_ENEMY_KILL","is_prod":false,"is_daily":false,"chose_seed":false,"campfire_upgraded":3,"win_rate":0,"timestamp":1555901011,"path_taken":["M","?","?","M","M","R","E","R","T","R","E","M","?","M","R","BOSS","M","?","M","?","$","E"],"build_version":"2019-01-23","purchased_purges":1,"victory":false,"max_hp_per_floor":[75,75,76,77,78,78,79,79,79,79,80,81,81,82,82,83,83,84,84,85,90,90,90],"card_choices":[{"not_picked":["Scrape","Leap"],"picked":"Sweeping Beam","floor":1},{"not_picked":["Beam Cell","Leap"],"picked":"Coolheaded","floor":3},{"not_picked":["Rebound","Leap"],"picked":"Gash","floor":4},{"not_picked":["Creative AI","Reinforced Body"],"picked":"Go for the Eyes","floor":5},{"not_picked":["BootSequence","Double Energy"],"picked":"Auto Shields","floor":7},{"not_picked":["Doom and Gloom","Steam Power"],"picked":"FTL","floor":11},{"not_picked":["Sweeping Beam","Force Field","Rebound"],"picked":"SKIP","floor":12},{"not_picked":["Steam","Barrage","Stack"],"picked":"SKIP","floor":14},{"not_picked":["Buffer","Reboot"],"picked":"Biased Cognition","floor":16},{"not_picked":["Steam+1","Streamline"],"picked":"Hologram","floor":18},{"not_picked":["Reinforced Body","Barrage"],"picked":"Conserve Battery","floor":20}],"player_experience":153846,"relics_obtained":[{"floor":7,"key":"Bag of Preparation"},{"floor":11,"key":"Vajra"},{"floor":19,"key":"Enchiridion"}],"event_choices":[{"damage_healed":0,"gold_gain":0,"player_choice":"Trade","damage_taken":0,"relics_obtained":["FaceOfCleric"],"max_hp_gain":0,"max_hp_loss":0,"event_name":"FaceTrader","floor":2,"gold_loss":0},{"cards_removed":["Strike_B"],"damage_healed":0,"gold_gain":0,"player_choice":"Card Removal","damage_taken":7,"max_hp_gain":0,"max_hp_loss":0,"event_name":"Golden Wing","floor":13,"gold_loss":0},{"damage_healed":0,"gold_gain":0,"player_choice":"Obtained Book","damage_taken":16,"max_hp_gain":0,"max_hp_loss":0,"event_name":"Cursed Tome","floor":19,"gold_loss":0},{"damage_healed":0,"gold_gain":0,"player_choice":"Shed Blood","damage_taken":21,"max_hp_gain":5,"max_hp_loss":0,"event_name":"Forgotten Altar","floor":21,"gold_loss":0}],"is_beta":false,"boss_relics":[{"not_picked":["Velvet Choker","Fusion Hammer"],"picked":"Lizard Tail"}],"items_purged_floors":[22],"is_endless":false,"potions_floor_spawned":[1,4,5,11,14,18,20],"killed_by":"Gremlin Leader","ascension_level":0}