{"gold_per_floor":[116,129,148,163,10,10,39,39,65,65,97,109,121,144,156,273,285,222,234,246,258,270,282],"floor_reached":23,"playtime":1866,"items_purged":[],"score":288,"play_id":"4735edd1-34e6-44fb-b411-9edaa54d425b","local_time":"20181208130218","is_ascension_mode":true,"campfire_choices":[{"data":"Neutralize","floor":6.0,"key":"SMITH"},{"data":"Cloak And Dagger","floor":10.0,"key":"SMITH"},{"data":"Caltrops","floor":12.0,"key":"SMITH"},{"data":"Cloak And Dagger","floor":15.0,"key":"SMITH"}],"neow_cost":"NONE","seed_source_timestamp":0,"circlet_count":0,"master_deck":["Defend_G","Defend_G","Defend_G","Defend_G","Survivor","Neutralize+1","Cloak And Dagger+1","Quick Slash","PiercingWail","Cloak And Dagger+1","Footwork","Leg Sweep","Dodge and Roll","Caltrops+1","Dash","A Thousand Cuts","Dodge and Roll","Backflip","Leg Sweep","Backstab","Concentrate","Bite","Bite","Bite","Bite","Bite","Slice","RitualDagger"],"special_seed":0,"relics":["Ring of the Snake","Juzu Bracelet","Lantern","MawBank","Orrery","Blue Candle"],"potions_floor_usage":[],"damage_taken":[{"damage":1.0,"enemies":"Cultist","floor":1.0,"turns":4.0},{"damage":4.0,"enemies":"Small Slimes","floor":2.0,"turns":3.0},{"damage":0.0,"enemies":"Jaw Worm","floor":3.0,"turns":5.0},{"damage":4.0,"enemies":"2 Fungi Beasts","floor":4.0,"turns":5.0},{"damage":15.0,"enemies":"Lagavulin","floor":7.0,"turns":15.0},{"damage":9.0,"enemies":"Gremlin Nob","floor":11.0,"turns":5.0},{"damage":0.0,"enemies":"Exordium Thugs","floor":14.0,"turns":5.0},{"damage":23.0,"enemies":"The Guardian","floor":16.0,"turns":14.0},{"damage":5.0,"enemies":"2 Thieves","floor":18.0,"turns":5.0},{"damage":66,"enemies":"Gremlin Leader","floor":23,"turns":6}],"seed_played":"-9161061520750796673","potions_obtained":[{"floor":1.0,"key":"Poison Potion"},{"floor":4.0,"key":"SpeedPotion"},{"floor":7.0,"key":"Explosive Potion"},{"floor":11.0,"key":"Swift Potion"}],"is_trial":false,"path_per_floor":["M","M","M","M","$","R","E","?","T","R","E","R","?","M","R","B",null,"M","?","T","?","?","E"],"character_chosen":"THE_SILENT","items_purchased":["Footwork","Leg Sweep"],"campfire_rested":0,"item_purchase_floors":[5,5],"current_hp_per_floor":[69,65,65,61,61,61,46,46,46,46,37,37,37,37,37,14,61,56,53,53,53,47,0],"gold":282,"neow_bonus":"TEN_PERCENT_HP_BONUS","is_prod":false,"is_daily":false,"chose_seed":false,"campfire_upgraded":4,"win_rate":0,"timestamp":1544295738,"path_taken":["M","M","M","M","$","R","E","?","T","R","E","R","?","M","R","BOSS","M","?","?","?","?","E"],"build_version":"2018-12-06","purchased_purges":0,"victory":false,"max_hp_per_floor":[77,77,77,77,77,77,77,77,77,77,77,77,77,77,77,77,77,77,53,53,53,53,53],"card_choices":[{"not_picked":["Finisher","Choke"],"picked":"Cloak And Dagger","floor":1.0},{"not_picked":["Dash","Poisoned Stab"],"picked":"Quick Slash","floor":2.0},{"not_picked":["All Out Attack","Choke"],"picked":"PiercingWail","floor":3.0},{"not_picked":["Eviscerate","Wraith Form v2"],"picked":"Cloak And Dagger","floor":4.0},{"not_picked":["PiercingWail","Blade Dance"],"picked":"Dodge and Roll","floor":7.0},{"not_picked":["Tactician","Setup"],"picked":"Caltrops","floor":11.0},{"not_picked":["Cloak And Dagger","Bouncing Flask","Outmaneuver"],"picked":"SKIP","floor":14.0},{"not_picked":["Die Die Die","Venomology"],"picked":"A Thousand Cuts","floor":16.0},{"not_picked":["Flying Knee","Cloak And Dagger"],"picked":"Dodge and Roll","floor":17.0},{"not_picked":["Choke","Leg Sweep"],"picked":"Backflip","floor":17.0},{"not_picked":["Expertise","PiercingWail"],"picked":"Leg Sweep","floor":17.0},{"not_picked":["Prepared","Dodge and Roll"],"picked":"Backstab","floor":17.0},{"not_picked":["Deadly Poison","Poisoned Stab"],"picked":"Concentrate","floor":17.0},{"not_picked":["Dodge and Roll","Outmaneuver","Heel Hook"],"picked":"SKIP","floor":18.0}],"player_experience":279579,"relics_obtained":[{"floor":7.0,"key":"Juzu Bracelet"},{"floor":9.0,"key":"Lantern"},{"floor":11.0,"key":"MawBank"},{"floor":20.0,"key":"Blue Candle"}],"event_choices":[{"damage_healed":0.0,"max_hp_gain":0.0,"max_hp_loss":0.0,"gold_gain":0.0,"event_name":"Scrap Ooze","player_choice":"Fled","floor":8.0,"gold_loss":0.0,"damage_taken":0.0},{"damage_healed":0.0,"max_hp_gain":0.0,"max_hp_loss":0.0,"gold_gain":0.0,"cards_transformed":["Strike_G"],"event_name":"Transmorgrifier","player_choice":"Transformed","floor":13.0,"gold_loss":0.0,"damage_taken":0.0,"cards_obtained":["Dash"]},{"damage_healed":0.0,"max_hp_gain":0.0,"max_hp_loss":24.0,"gold_gain":0.0,"event_name":"Vampires","player_choice":"Became a vampire","floor":19.0,"gold_loss":0.0,"damage_taken":0.0,"cards_obtained":["Bite","Bite","Bite","Bite","Bite"]},{"damage_healed":0.0,"max_hp_gain":0.0,"max_hp_loss":0.0,"gold_gain":0.0,"cards_transformed":["Defend_G"],"event_name":"Transmorgrifier","player_choice":"Transformed","floor":21.0,"gold_loss":0.0,"damage_taken":0.0,"cards_obtained":["Slice"]},{"damage_healed":0.0,"max_hp_gain":0.0,"max_hp_loss":0.0,"gold_gain":0.0,"event_name":"Nest","player_choice":"Joined the Cult","floor":22.0,"gold_loss":0.0,"damage_taken":6.0,"cards_obtained":["RitualDagger"]}],"is_beta":false,"boss_relics":[{"not_picked":["Runic Dome","Black Star"],"picked":"Orrery"}],"items_purged_floors":[],"is_endless":false,"potions_floor_spawned":[1,4,7,11],"killed_by":"Gremlin Leader","ascension_level":7}