{"gold_per_floor":[109,125,125,75,75,75,109,109,109,141,141,157,171,24,24,120,120,137,137,150,160,160,160,160],"floor_reached":24,"playtime":833,"items_purged":["Strike_G"],"score":355,"play_id":"23e973ec-968c-468f-b9e9-236edfb5f52a","local_time":"20190405193301","is_ascension_mode":true,"campfire_choices":[{"data":"Neutralize","floor":6,"key":"SMITH"},{"data":"Bane","floor":8,"key":"SMITH"},{"data":"Dash","floor":11,"key":"SMITH"},{"data":"Dagger Spray","floor":15,"key":"SMITH"},{"floor":23,"key":"REST"}],"neow_cost":"NONE","seed_source_timestamp":1025169506460633,"circlet_count":0,"master_deck":["AscendersBane","Defend_G","Defend_G","Defend_G","Defend_G","Defend_G","Strike_G","Strike_G","Strike_G","Survivor","Neutralize+1","Bane+1","Poisoned Stab","Dash+1","Dagger Spray+1","Accuracy","All Out Attack+1","Blade Dance"],"relics":["Ring of the Serpent","NeowsBlessing","Letter Opener","Paper Crane","Gremlin Horn","Ninja Scroll"],"potions_floor_usage":[10,16,22,22],"damage_taken":[{"damage":0,"enemies":"Cultist","floor":1,"turns":1},{"damage":0,"enemies":"2 Louse","floor":2,"turns":1},{"damage":0,"enemies":"Lagavulin","floor":7,"turns":1},{"damage":22,"enemies":"Gremlin Nob","floor":10,"turns":4},{"damage":0,"enemies":"Jaw Worm","floor":12,"turns":3},{"damage":0,"enemies":"Exordium Thugs","floor":13,"turns":2},{"damage":22,"enemies":"Slime Boss","floor":16,"turns":9},{"damage":0,"enemies":"Chosen","floor":18,"turns":5},{"damage":7,"enemies":"Shell Parasite","floor":20,"turns":5},{"damage":9,"enemies":"Cultist and Chosen","floor":21,"turns":6},{"damage":17,"enemies":"Colosseum Slavers","floor":22,"turns":5},{"damage":61,"enemies":"Gremlin Leader","floor":24,"turns":5}],"seed_played":"52161679667892725","potions_obtained":[{"floor":2,"key":"Fruit Juice"},{"floor":7,"key":"FearPotion"},{"floor":13,"key":"Strength Potion"},{"floor":20,"key":"Regen Potion"}],"is_trial":false,"path_per_floor":["M","M","?","?","T","R","E","R","T","E","R","M","M","$","R","B",null,"M","?","M","M","?","R","E"],"character_chosen":"THE_SILENT","items_purchased":["Accuracy"],"campfire_rested":1,"item_purchase_floors":[14],"current_hp_per_floor":[63,63,56,56,56,56,56,56,56,39,39,39,39,39,39,17,61,61,47,40,31,28,52,0],"gold":160,"neow_bonus":"THREE_ENEMY_KILL","is_prod":false,"is_daily":false,"chose_seed":false,"campfire_upgraded":4,"win_rate":0,"timestamp":1554485581,"path_taken":["M","M","?","?","?","R","E","R","T","E","R","M","M","$","R","BOSS","M","?","M","M","?","R","E"],"build_version":"2019-01-23","purchased_purges":1,"victory":false,"max_hp_per_floor":[70,70,70,70,70,70,70,70,70,75,75,75,75,75,75,75,75,75,80,80,80,80,80,80],"card_choices":[{"not_picked":["Dagger Throw","Deflect"],"picked":"Bane","floor":1},{"not_picked":["Dash","Noxious Fumes"],"picked":"Footwork","floor":2},{"not_picked":["Quick Slash","Concentrate"],"picked":"Poisoned Stab","floor":7},{"not_picked":["Flying Knee","Backflip"],"picked":"Dash","floor":10},{"not_picked":["Infinite Blades","Prepared"],"picked":"Dagger Spray","floor":12},{"not_picked":["PiercingWail","Blade Dance","Quick Slash"],"picked":"SKIP","floor":13},{"not_picked":["Expertise","Dagger Spray","Poisoned Stab"],"picked":"SKIP","floor":18},{"not_picked":["Slice+1","Skewer"],"picked":"All Out Attack+1","floor":20},{"not_picked":["Calculated Gamble","Deflect"],"picked":"Blade Dance","floor":21}],"player_experience":438298,"relics_obtained":[{"floor":5,"key":"Letter Opener"},{"floor":7,"key":"Paper Crane"},{"floor":9,"key":"Gremlin Horn"},{"floor":10,"key":"Ninja Scroll"}],"event_choices":[{"cards_removed":["Footwork"],"damage_healed":0,"gold_gain":0,"player_choice":"Card Removal","damage_taken":7,"max_hp_gain":0,"max_hp_loss":0,"event_name":"Golden Wing","floor":3,"gold_loss":0},{"cards_removed":["Strike_G"],"damage_healed":0,"gold_gain":0,"player_choice":"Card Removal","damage_taken":0,"max_hp_gain":0,"max_hp_loss":0,"event_name":"The Cleric","floor":4,"gold_loss":50},{"damage_healed":0,"gold_gain":0,"player_choice":"Shed Blood","damage_taken":19,"max_hp_gain":5,"max_hp_loss":0,"event_name":"Forgotten Altar","floor":19,"gold_loss":0},{"damage_healed":0,"gold_gain":0,"player_choice":"Fight","damage_taken":0,"max_hp_gain":0,"max_hp_loss":0,"event_name":"Colosseum","floor":22,"gold_loss":0},{"damage_healed":0,"gold_gain":0,"player_choice":"Fled From Nobs","damage_taken":0,"max_hp_gain":0,"max_hp_loss":0,"event_name":"Colosseum","floor":22,"gold_loss":0}],"is_beta":false,"boss_relics":[{"not_picked":["Coffee Dripper","Snecko Eye"],"picked":"Ring of the Serpent"}],"items_purged_floors":[14],"is_endless":false,"potions_floor_spawned":[2,7,13,20],"killed_by":"Gremlin Leader","ascension_level":11}