{"gold_per_floor":[14,14,14,14,14,14,33,33,33,53,64,64,93,110,110,110],"floor_reached":16,"playtime":489,"items_purged":[],"score":200,"play_id":"893a96f1-4cfc-4f51-858e-4c4f344dea84","local_time":"20190219002434","is_ascension_mode":true,"campfire_choices":[{"data":"Ball Lightning","floor":6,"key":"SMITH"},{"data":"Conserve Battery","floor":8,"key":"SMITH"},{"data":"Dualcast","floor":15,"key":"SMITH"}],"neow_cost":"NO_GOLD","seed_source_timestamp":2299367277573357,"circlet_count":0,"master_deck":["AscendersBane","Strike_B","Strike_B","Strike_B","Defend_B","Defend_B","Defend_B","Defend_B","Zap+1","Dualcast+1","Ball Lightning+1","Steam","Conserve Battery+1","Barrage+1","Sweeping Beam+1","Streamline+1","Thunder Strike+1"],"relics":["Cracked Core","Prayer Wheel","Ornamental Fan","Molten Egg 2","Frozen Egg 2","DataDisk"],"potions_floor_usage":[11],"damage_taken":[{"damage":7,"enemies":"Jaw Worm","floor":1,"turns":4},{"damage":0,"enemies":"2 Louse","floor":7,"turns":2},{"damage":0,"enemies":"Cultist","floor":10,"turns":3},{"damage":2,"enemies":"Exordium Thugs","floor":11,"turns":4},{"damage":5,"enemies":"Gremlin Nob","floor":13,"turns":3},{"damage":10,"enemies":"Exordium Wildlife","floor":14,"turns":4},{"damage":33,"enemies":"The Guardian","floor":16,"turns":9}],"seed_played":"-3880767424639053733","potions_obtained":[{"floor":1,"key":"GamblersBrew"},{"floor":10,"key":"EssenceOfSteel"},{"floor":13,"key":"LiquidBronze"}],"is_trial":false,"path_per_floor":["M","?","?","?","$","R","M","R","T","M","M","T","E","M","R","B"],"character_chosen":"DEFECT","items_purchased":[],"campfire_rested":0,"item_purchase_floors":[],"current_hp_per_floor":[57,57,50,50,50,50,50,50,50,50,48,48,43,33,33,0],"gold":110,"neow_bonus":"ONE_RARE_RELIC","is_prod":false,"is_daily":false,"chose_seed":false,"campfire_upgraded":3,"win_rate":0,"timestamp":1550503474,"path_taken":["M","?","?","?","$","R","M","R","T","M","?","?","E","M","R","BOSS"],"build_version":"2019-01-23","purchased_purges":0,"victory":false,"max_hp_per_floor":[71,71,71,71,71,71,71,71,71,71,71,71,71,71,71,71],"card_choices":[{"not_picked":["Go for the Eyes","Coolheaded"],"picked":"Ball Lightning","floor":1},{"not_picked":["Force Field","Scrape"],"picked":"Steam","floor":1},{"not_picked":["Rip and Tear","Double Energy"],"picked":"Conserve Battery","floor":7},{"not_picked":["Heatsinks","Streamline","Storm"],"picked":"SKIP","floor":7},{"not_picked":["Conserve Battery","Compile Driver+1"],"picked":"Barrage+1","floor":10},{"not_picked":["Melter+1","Aggregate"],"picked":"Sweeping Beam+1","floor":10},{"not_picked":["Lockon+1","Blizzard+1"],"picked":"Streamline+1","floor":11},{"not_picked":["Turbo","Chaos","Lockon+1"],"picked":"SKIP","floor":11},{"not_picked":["Leap","Melter+1"],"picked":"Thunder Strike+1","floor":13},{"not_picked":["Barrage+1","Sunder+1","Doom and Gloom+1"],"picked":"SKIP","floor":14},{"not_picked":["Barrage+1","Leap","Genetic Algorithm"],"picked":"SKIP","floor":14}],"player_experience":564412,"relics_obtained":[{"floor":9,"key":"Molten Egg 2"},{"floor":12,"key":"Frozen Egg 2"},{"floor":13,"key":"DataDisk"}],"event_choices":[{"damage_healed":0,"gold_gain":0,"player_choice":"Grow","damage_taken":0,"max_hp_gain":0,"max_hp_loss":0,"event_name":"Living Wall","floor":2,"gold_loss":0,"cards_upgraded":["Zap"]},{"cards_removed":["Strike_B"],"damage_healed":0,"gold_gain":0,"player_choice":"Card Removal","damage_taken":7,"max_hp_gain":0,"max_hp_loss":0,"event_name":"Golden Wing","floor":3,"gold_loss":0},{"damage_healed":0,"gold_gain":0,"player_choice":"Gave Potion","damage_taken":0,"relics_obtained":["Ornamental Fan"],"max_hp_gain":0,"max_hp_loss":0,"event_name":"WeMeetAgain","floor":4,"gold_loss":0}],"is_beta":false,"boss_relics":[],"items_purged_floors":[],"is_endless":false,"potions_floor_spawned":[1,10,13],"killed_by":"The Guardian","ascension_level":20}