{"gold_per_floor":[209,209,359,149,149,174,192,192,216,231,251,162,162,172,172,244,244,257,274,274,291,120,120,137,137,209,226,226,253,263,263,263,337,387,402,68,0,12,12,12,40,40,40,140,156,156,2,22,22,22],"floor_reached":51,"playtime":5348,"items_purged":["Doubt"],"score":1336,"play_id":"7e86d687-d50f-42a5-8dbe-169329e82ca3","local_time":"20190510192113","is_ascension_mode":true,"campfire_choices":[{"data":"Metallicize","floor":8.0,"key":"SMITH"},{"data":"Armaments","floor":13.0,"key":"SMITH"},{"data":"Havoc","floor":15.0,"key":"SMITH"},{"floor":23.0,"key":"REST"},{"floor":25.0,"key":"REST"},{"data":"Barricade","floor":28.0,"key":"SMITH"},{"floor":32.0,"key":"REST"},{"data":"1","floor":40.0,"key":"LIFT"},{"data":"2","floor":46,"key":"LIFT"},{"floor":49,"key":"REST"}],"neow_cost":"NONE","seed_source_timestamp":226784948003761,"circlet_count":0,"master_deck":["AscendersBane","Strike_R","Strike_R","Strike_R","Defend_R","Defend_R","Defend_R","Defend_R","Bash","Warcry","Metallicize+1","Anger","Intimidate","Armaments+1","Clothesline","Havoc+1","Infernal Blade","Battle Trance","Barricade+1","Body Slam","Shrug It Off+1","True Grit","Infernal Blade","Blood for Blood","Blood for Blood+1","Armaments","Mayhem","Headbutt","Flame Barrier+1","Havoc+1","Warcry+1","Pummel"],"special_seed":0,"relics":["Burning Blood","Gambling Chip","Dead Branch","Strawberry","Busted Crown","Happy Flower","Question Card","Bag of Preparation","Tiny House","Girya","Red Mask","Ginger","Toxic Egg 2","Thread and Needle"],"potions_floor_usage":[50,50],"damage_taken":[{"damage":7.0,"enemies":"Small Slimes","floor":1.0,"turns":4.0},{"damage":45.0,"enemies":"Lagavulin","floor":6.0,"turns":8.0},{"damage":6.0,"enemies":"Jaw Worm","floor":7.0,"turns":4.0},{"damage":0.0,"enemies":"Cultist","floor":10.0,"turns":4.0},{"damage":3.0,"enemies":"Exordium Wildlife","floor":11.0,"turns":4.0},{"damage":5.0,"enemies":"3 Louse","floor":14.0,"turns":4.0},{"damage":31.0,"enemies":"Slime Boss","floor":16.0,"turns":14.0},{"damage":3.0,"enemies":"3 Byrds","floor":18.0,"turns":7.0},{"damage":26.0,"enemies":"2 Thieves","floor":19.0,"turns":5.0},{"damage":29.0,"enemies":"Snake Plant","floor":21.0,"turns":4.0},{"damage":24.0,"enemies":"Snecko","floor":24.0,"turns":6.0},{"damage":22.0,"enemies":"Shelled Parasite and Fungi","floor":27.0,"turns":6.0},{"damage":12.0,"enemies":"Gremlin Leader","floor":29.0,"turns":6.0},{"damage":3.0,"enemies":"Cultist and Chosen","floor":30.0,"turns":5.0},{"damage":55.0,"enemies":"Champ","floor":33.0,"turns":10.0},{"damage":15.0,"enemies":"3 Shapes","floor":35.0,"turns":6.0},{"damage":24.0,"enemies":"3 Darklings","floor":38.0,"turns":6.0},{"damage":9,"enemies":"Nemesis","floor":41,"turns":9},{"damage":9,"enemies":"Mind Bloom Boss Battle","floor":44,"turns":5},{"damage":2,"enemies":"Jaw Worm Horde","floor":45,"turns":3},{"damage":9,"enemies":"4 Shapes","floor":48,"turns":5},{"damage":29,"enemies":"Awakened One","floor":50,"turns":12}],"seed_played":"-189612338378358140","potions_obtained":[{"floor":6.0,"key":"SmokeBomb"},{"floor":7.0,"key":"Swift Potion"},{"floor":14.0,"key":"GamblersBrew"},{"floor":16.0,"key":"Energy Potion"},{"floor":19.0,"key":"Strength Potion"},{"floor":21.0,"key":"Strength Potion"},{"floor":29.0,"key":"Fruit Juice"},{"floor":34.0,"key":"Energy Potion"},{"floor":35.0,"key":"Ancient Potion"},{"floor":48,"key":"SkillPotion"}],"is_trial":false,"path_per_floor":["M","?","?","$","?","E","M","R","T","M","M","$","R","M","R","B",null,"M","M","?","M","$","R","M","R","T","M","R","E","M","?","R","B",null,"M","$","?","M","?","R","E","?","T","?","M","R","$","M","R","B",null],"character_chosen":"IRONCLAD","items_purchased":["Metallicize","Anger","Infernal Blade","Happy Flower","Girya","Havoc+1","Warcry+1","Pummel"],"campfire_rested":4,"item_purchase_floors":[4,4,12,22,36,47,47,47],"current_hp_per_floor":[67,62,62,62,67,28,28,28,35,41,44,44,44,45,45,20,70,73,53,53,30,30,56,38,64,64,48,48,42,50,50,77,28,81,72,72,72,54,54,54,51,51,51,48,52,52,52,49,78,55],"gold":22,"neow_bonus":"HUNDRED_GOLD","is_prod":false,"is_daily":false,"chose_seed":false,"campfire_upgraded":4,"win_rate":0,"timestamp":1557541273,"path_taken":["M","?","?","$","?","E","M","R","T","M","M","$","R","M","R","BOSS","M","M","?","M","$","R","M","R","T","M","R","E","M","?","R","BOSS","M","$","?","M","?","R","E","?","T","?","?","R","?","M","R","BOSS"],"build_version":"2019-01-23","purchased_purges":1,"victory":true,"max_hp_per_floor":[75,75,75,75,80,80,80,80,87,87,87,87,87,87,87,87,87,87,87,87,87,87,87,87,87,87,87,87,87,92,92,92,92,97,97,97,97,97,97,97,97,97,97,97,97,97,97,97,97,97],"card_choices":[{"not_picked":["Thunderclap","Wild Strike"],"picked":"Warcry","floor":1.0},{"not_picked":["Perfected Strike","Dropkick"],"picked":"Intimidate","floor":6.0},{"not_picked":["Entrench","Disarm"],"picked":"Armaments","floor":7.0},{"not_picked":["Combust","Rupture"],"picked":"Clothesline","floor":10.0},{"not_picked":["Thunderclap","Clothesline"],"picked":"Havoc","floor":11.0},{"not_picked":["Iron Wave","Body Slam"],"picked":"Battle Trance","floor":14.0},{"not_picked":["Immolate","Exhume"],"picked":"Barricade","floor":16.0},{"not_picked":["Heavy Blade"],"picked":"SKIP","floor":18.0},{"not_picked":["Clash"],"picked":"SKIP","floor":19.0},{"not_picked":[],"picked":"Body Slam","floor":21.0},{"not_picked":[],"picked":"Shrug It Off","floor":24.0},{"not_picked":["Thunderclap"],"picked":"True Grit","floor":27.0},{"not_picked":["Bludgeon"],"picked":"Infernal Blade","floor":29.0},{"not_picked":["Cleave","Thunderclap"],"picked":"SKIP","floor":30.0},{"not_picked":["Combust"],"picked":"Blood for Blood+1","floor":35.0},{"not_picked":["Rampage","Clash"],"picked":"SKIP","floor":38.0},{"not_picked":["Cleave"],"picked":"Armaments","floor":41},{"not_picked":["Madness"],"picked":"Mayhem","floor":42},{"not_picked":["Cleave"],"picked":"Headbutt","floor":44},{"not_picked":["Corruption"],"picked":"Flame Barrier+1","floor":45},{"not_picked":["Twin Strike","Rampage+1"],"picked":"SKIP","floor":48}],"player_experience":669939,"relics_obtained":[{"floor":6.0,"key":"Dead Branch"},{"floor":9.0,"key":"Strawberry"},{"floor":26.0,"key":"Question Card"},{"floor":29.0,"key":"Bag of Preparation"},{"floor":41,"key":"Ginger"},{"floor":43,"key":"Toxic Egg 2"},{"floor":44,"key":"Thread and Needle"}],"event_choices":[{"damage_healed":0.0,"max_hp_gain":0.0,"max_hp_loss":0.0,"gold_gain":0.0,"event_name":"Scrap Ooze","player_choice":"Success","floor":2.0,"gold_loss":0.0,"damage_taken":5.0,"relics_obtained":["Gambling Chip"]},{"damage_healed":0.0,"max_hp_gain":0.0,"max_hp_loss":0.0,"gold_gain":150.0,"event_name":"Liars Game","player_choice":"AGREE","floor":3.0,"gold_loss":0.0,"damage_taken":0.0,"cards_obtained":["Doubt"]},{"damage_healed":0.0,"max_hp_gain":5.0,"max_hp_loss":0.0,"gold_gain":0.0,"event_name":"Big Fish","player_choice":"Donut","floor":5.0,"gold_loss":0.0,"damage_taken":0.0},{"cards_removed":["Strike_R"],"damage_healed":0.0,"max_hp_gain":0.0,"max_hp_loss":0.0,"gold_gain":0.0,"event_name":"Back to Basics","player_choice":"Elegance","floor":20.0,"gold_loss":0.0,"damage_taken":0.0},{"damage_healed":0.0,"max_hp_gain":0.0,"max_hp_loss":0.0,"gold_gain":0.0,"cards_transformed":["Strike_R"],"event_name":"Transmorgrifier","player_choice":"Transformed","floor":31.0,"gold_loss":0.0,"damage_taken":0.0,"cards_obtained":["Blood for Blood"]},{"damage_healed":0.0,"max_hp_gain":0.0,"max_hp_loss":0.0,"gold_gain":0.0,"event_name":"Tomb of Lord Red Mask","player_choice":"Paid","floor":37.0,"gold_loss":68.0,"damage_taken":0.0,"relics_obtained":["Red Mask"]},{"damage_healed":0.0,"max_hp_gain":0.0,"max_hp_loss":0.0,"gold_gain":0.0,"event_name":"Mysterious Sphere","player_choice":"Ignored","floor":39.0,"gold_loss":0.0,"damage_taken":0.0},{"damage_healed":0,"gold_gain":0,"player_choice":"Memory 1","damage_taken":0,"max_hp_gain":0,"max_hp_loss":0,"event_name":"SensoryStone","floor":42,"gold_loss":0},{"damage_healed":0,"gold_gain":0,"player_choice":"Fight","damage_taken":0,"max_hp_gain":0,"max_hp_loss":0,"event_name":"MindBloom","floor":44,"gold_loss":0}],"is_beta":false,"boss_relics":[{"not_picked":["Coffee Dripper","Black Star"],"picked":"Busted Crown"},{"not_picked":["Calling Bell","Empty Cage"],"picked":"Tiny House"}],"items_purged_floors":[4],"is_endless":false,"potions_floor_spawned":[6,7,14,16,19,21,29,35,48],"ascension_level":17}