{"gold_per_floor":[115,125,125,140,215,215,225,225,252,267,112,112,112,185,185,280,280,294,307,98,98,116,116,116,116,116,116,38,38,62,87,87,186,186,205,221,5,338,338,370,385,385,434,464,479,531,23,42,42,42,42,42,42,12,38,38],"floor_reached":57,"playtime":3130,"items_purged":["Pain","Strike_B","Defend_B","Defend_B"],"score":2695,"play_id":"af6278e1-d535-4456-9209-d8c01b199cb3","local_time":"20190512195350","is_ascension_mode":true,"campfire_choices":[{"data":"Sunder","floor":6.0,"key":"SMITH"},{"data":"Defragment","floor":13.0,"key":"SMITH"},{"data":"Zap","floor":15.0,"key":"SMITH"},{"data":"Dualcast","floor":23.0,"key":"SMITH"},{"floor":25.0,"key":"REST"},{"data":"Coolheaded","floor":27.0,"key":"SMITH"},{"data":"Turbo","floor":29.0,"key":"SMITH"},{"data":"Redo","floor":32.0,"key":"SMITH"},{"data":"Fission","floor":42.0,"key":"SMITH"},{"floor":49.0,"key":"RECALL"},{"data":"Heatsinks","floor":53.0,"key":"SMITH"}],"neow_cost":"NONE","seed_source_timestamp":186318692815316,"circlet_count":0,"master_deck":["AscendersBane","Defend_B+1","Defend_B+1","Zap+1","Dualcast+1","Sunder+1","Auto Shields","Beam Cell","Turbo+1","Defragment+1","White Noise","All For One","Loop+1","Seek+1","Darkness+1","Cold Snap","Compile Driver","Glacier","Coolheaded+1","Ghostly","Ghostly","Ghostly","Meteor Strike","Redo+1","Self Repair","Fission+1","Hologram","Recycle","Panacea","Reinforced Body","Defragment+1","Tempest","Heatsinks+1","AscendersBane","Recycle","Machine Learning","Blizzard"],"special_seed":0,"relics":["Cracked Core","War Paint","WarpedTongs","Blood Vial","Tiny Chest","Astrolabe","Nilry\u0027s Codex","Mercury Hourglass","Snecko Eye","The Courier","Anchor","Bottled Lightning","Emotion Chip","DataDisk","DollysMirror","Vajra"],"potions_floor_usage":[55,56],"damage_taken":[{"damage":6.0,"enemies":"Cultist","floor":1.0,"turns":4.0},{"damage":0.0,"enemies":"2 Louse","floor":2.0,"turns":2.0},{"damage":6.0,"enemies":"Jaw Worm","floor":4.0,"turns":2.0},{"damage":15.0,"enemies":"Lots of Slimes","floor":7.0,"turns":3.0},{"damage":3.0,"enemies":"2 Fungi Beasts","floor":10.0,"turns":3.0},{"damage":21.0,"enemies":"Lagavulin","floor":14.0,"turns":5.0},{"damage":3.0,"enemies":"Hexaghost","floor":16.0,"turns":9.0},{"damage":0.0,"enemies":"Chosen","floor":18.0,"turns":3.0},{"damage":15.0,"enemies":"3 Byrds","floor":19.0,"turns":4.0},{"damage":7.0,"enemies":"3 Cultists","floor":22.0,"turns":6.0},{"damage":1.0,"enemies":"Snecko","floor":30.0,"turns":4.0},{"damage":0.0,"enemies":"Centurion and Healer","floor":31.0,"turns":5.0},{"damage":16.0,"enemies":"Collector","floor":33.0,"turns":13.0},{"damage":0.0,"enemies":"3 Darklings","floor":35.0,"turns":5.0},{"damage":20.0,"enemies":"3 Shapes","floor":36.0,"turns":6.0},{"damage":5.0,"enemies":"Nemesis","floor":40.0,"turns":13.0},{"damage":0.0,"enemies":"Maw","floor":41.0,"turns":8.0},{"damage":5.0,"enemies":"Reptomancer","floor":44.0,"turns":8.0},{"damage":0.0,"enemies":"3 Darklings","floor":45.0,"turns":3.0},{"damage":0.0,"enemies":"2 Orb Walkers","floor":46.0,"turns":3.0},{"damage":9.0,"enemies":"Writhing Mass","floor":48.0,"turns":5.0},{"damage":22.0,"enemies":"Donu and Deca","floor":50.0,"turns":7.0},{"damage":5.0,"enemies":"Awakened One","floor":51.0,"turns":8.0},{"damage":3,"enemies":"Shield and Spear","floor":55,"turns":7},{"damage":6,"enemies":"The Heart","floor":56,"turns":14}],"seed_played":"4483716764045318052","potions_obtained":[{"floor":2.0,"key":"AttackPotion"},{"floor":4.0,"key":"SpeedPotion"},{"floor":35.0,"key":"FocusPotion"},{"floor":46.0,"key":"PowerPotion"}],"is_trial":false,"path_per_floor":["M","M","?","M","?","R","M","?","T","M","$","T","R","E","R","B",null,"M","M","$","?","M","R","?","R","T","R","$","R","M","M","R","B",null,"M","M","$","?","?","E","M","R","T","E","M","?","$","M","R","B","B",null,"R","$","E","B",null],"character_chosen":"DEFECT","items_purchased":["Defragment","Glacier","Coolheaded","Meteor Strike","Panacea","DataDisk","DollysMirror","Recycle","Blizzard"],"campfire_rested":1,"item_purchase_floors":[11,20,20,28,37,47,47,47,54],"current_hp_per_floor":[58,58,58,52,41,41,26,26,26,25,25,25,25,6,6,5,49,51,38,38,32,25,25,4,13,13,13,13,13,14,16,16,12,27,32,19,19,19,19,23,32,32,32,27,32,32,32,30,30,17,24,30,30,30,32,32],"gold":38,"neow_bonus":"RANDOM_COMMON_RELIC","is_prod":false,"is_daily":false,"chose_seed":false,"campfire_upgraded":9,"win_rate":0,"timestamp":1557662030,"path_taken":["M","M","?","?","?","R","M","?","T","M","$","?","R","E","R","BOSS","M","M","?","?","M","R","?","R","T","R","$","R","M","M","R","BOSS","M","M","$","?","?","E","M","R","T","E","M","?","$","M","R","BOSS","BOSS","R","$","E","BOSS"],"build_version":"2019-01-23","purchased_purges":4,"victory":true,"max_hp_per_floor":[71,71,71,71,71,71,71,64,64,64,64,64,64,64,64,64,64,64,64,64,32,32,32,32,32,32,32,32,32,32,32,32,32,32,32,32,32,32,32,32,32,32,32,32,32,32,32,32,32,32,32,32,32,32,32,32],"card_choices":[{"not_picked":["Hologram","Hello World"],"picked":"Sunder","floor":1.0},{"not_picked":["Rebound","FTL"],"picked":"Auto Shields","floor":2.0},{"not_picked":["Sweeping Beam","Leap"],"picked":"Ball Lightning","floor":4.0},{"not_picked":["Ball Lightning","Force Field"],"picked":"Beam Cell","floor":7.0},{"not_picked":["Darkness","Barrage"],"picked":"Turbo","floor":10.0},{"not_picked":["Tempest","Leap"],"picked":"White Noise","floor":14.0},{"not_picked":["Multi-Cast","Machine Learning"],"picked":"All For One","floor":16.0},{"not_picked":["Blizzard+1","FTL"],"picked":"Cold Snap","floor":18.0},{"not_picked":["Reinforced Body","Cold Snap"],"picked":"Compile Driver","floor":19.0},{"not_picked":["Consume","Sweeping Beam","Conserve Battery"],"picked":"SKIP","floor":22.0},{"not_picked":["Conserve Battery","Consume"],"picked":"Redo","floor":30.0},{"not_picked":["Steam Power","Steam"],"picked":"Self Repair","floor":31.0},{"not_picked":["Amplify","Hyperbeam"],"picked":"Fission","floor":33.0},{"not_picked":["Sweeping Beam","Go for the Eyes"],"picked":"Hologram","floor":35.0},{"not_picked":["Go for the Eyes","Fusion"],"picked":"Recycle","floor":36.0},{"not_picked":["Reprogram","Compile Driver+1"],"picked":"Reinforced Body","floor":40.0},{"not_picked":["Steam","Stack","BootSequence+1"],"picked":"SKIP","floor":41.0},{"not_picked":["Lockon","Conserve Battery"],"picked":"Defragment+1","floor":44.0},{"not_picked":["Barrage+1","Turbo+1"],"picked":"Tempest","floor":45.0},{"not_picked":["Beam Cell","Self Repair+1"],"picked":"Heatsinks","floor":46.0},{"not_picked":["Gash+1","Barrage"],"picked":"Machine Learning","floor":48.0},{"not_picked":["Rebound","Turbo","Leap"],"picked":"SKIP","floor":55}],"player_experience":1627707,"relics_obtained":[{"floor":9.0,"key":"Blood Vial"},{"floor":14.0,"key":"Tiny Chest"},{"floor":24.0,"key":"Nilry\u0027s Codex"},{"floor":26.0,"key":"Mercury Hourglass"},{"floor":40.0,"key":"The Courier"},{"floor":43.0,"key":"Anchor"},{"floor":44.0,"key":"Bottled Lightning"},{"floor":46.0,"key":"Emotion Chip"},{"floor":55,"key":"Vajra"}],"event_choices":[{"damage_healed":0.0,"max_hp_gain":0.0,"max_hp_loss":0.0,"gold_gain":0.0,"event_name":"Accursed Blacksmith","player_choice":"Rummage","floor":3.0,"gold_loss":0.0,"damage_taken":0.0,"relics_obtained":["WarpedTongs"],"cards_obtained":["Pain"]},{"damage_healed":0.0,"max_hp_gain":0.0,"max_hp_loss":0.0,"gold_gain":75.0,"event_name":"World of Goop","player_choice":"Gather Gold","floor":5.0,"gold_loss":0.0,"damage_taken":11.0},{"damage_healed":0.0,"max_hp_gain":0.0,"max_hp_loss":7.0,"gold_gain":0.0,"event_name":"Golden Idol","player_choice":"Lose Max HP","floor":8.0,"gold_loss":0.0,"damage_taken":0.0,"relics_obtained":["Golden Idol"]},{"damage_healed":0.0,"max_hp_gain":0.0,"max_hp_loss":32.0,"gold_gain":0.0,"event_name":"Ghosts","player_choice":"Became a Ghost","floor":21.0,"gold_loss":0.0,"damage_taken":0.0,"cards_obtained":["Ghostly","Ghostly","Ghostly"]},{"damage_healed":0.0,"max_hp_gain":0.0,"max_hp_loss":0.0,"gold_gain":0.0,"event_name":"Cursed Tome","player_choice":"Obtained Book","floor":24.0,"gold_loss":0.0,"damage_taken":21.0},{"damage_healed":0.0,"max_hp_gain":0.0,"max_hp_loss":0.0,"gold_gain":333.0,"event_name":"The Moai Head","player_choice":"Gave Idol","floor":38.0,"relics_lost":["Golden Idol"],"gold_loss":0.0,"damage_taken":0.0},{"cards_removed":["Ball Lightning"],"damage_healed":0.0,"max_hp_gain":0.0,"max_hp_loss":0.0,"gold_gain":0.0,"event_name":"Falling","player_choice":"Removed Attack","floor":39.0,"gold_loss":0.0,"damage_taken":0.0},{"damage_healed":0.0,"max_hp_gain":0.0,"max_hp_loss":0.0,"gold_gain":0.0,"event_name":"Mysterious Sphere","player_choice":"Fight","floor":46.0,"gold_loss":0.0,"damage_taken":0.0}],"is_beta":false,"boss_relics":[{"not_picked":["FrozenCore","Fusion Hammer"],"picked":"Astrolabe"},{"not_picked":["White Beast Statue","Cursed Key"],"picked":"Snecko Eye"}],"items_purged_floors":[11,20,37,47],"is_endless":false,"potions_floor_spawned":[2,4,10,16,22,31,35,45,46],"ascension_level":20}