{"gold_per_floor":[110,110,285,285,53,53,78,78,78,91,10,44,58,90,90,193,243,260,79,99,99,99,99,198,211,211,243,243,243,243,261,261,261],"floor_reached":33,"playtime":2306,"items_purged":["Strike_G","Strike_G"],"score":456,"play_id":"6ab839c0-f216-4998-af73-7941747e2f77","local_time":"20190331192805","is_ascension_mode":true,"campfire_choices":[{"data":"Crippling Poison","floor":6,"key":"SMITH"},{"data":"Skewer","floor":8,"key":"SMITH"},{"data":"Footwork","floor":15,"key":"SMITH"},{"floor":23,"key":"REST"},{"data":"Accuracy","floor":28,"key":"SMITH"},{"data":"Cloak And Dagger","floor":30,"key":"SMITH"},{"floor":32,"key":"REST"}],"neow_cost":"NONE","seed_source_timestamp":591386543910071,"circlet_count":0,"master_deck":["AscendersBane","Defend_G","Defend_G","Defend_G","Defend_G","Defend_G+1","Strike_G+1","Strike_G+1","Strike_G","Survivor","Neutralize","Skewer+1","Accuracy+1","Crippling Poison+1","Cloak And Dagger+1","Dash","Footwork+1","Blade Dance","Blur","Blade Dance","Well Laid Plans","Dagger Spray+1","Deflect","Deflect","Deflect+1"],"relics":["Ring of the Snake","NeowsBlessing","Bronze Scales","Gremlin Horn","Omamori","Meat on the Bone","Tiny House","MutagenicStrength","Singing Bowl","Blue Candle"],"potions_floor_usage":[14,31,31,31],"damage_taken":[{"damage":0,"enemies":"Small Slimes","floor":1,"turns":1},{"damage":0,"enemies":"Gremlin Nob","floor":7,"turns":1},{"damage":0,"enemies":"Jaw Worm","floor":10,"turns":1},{"damage":18,"enemies":"Lagavulin","floor":12,"turns":8},{"damage":0,"enemies":"Cultist","floor":13,"turns":3},{"damage":6,"enemies":"3 Sentries","floor":14,"turns":6},{"damage":17,"enemies":"The Guardian","floor":16,"turns":15},{"damage":32,"enemies":"2 Thieves","floor":18,"turns":5},{"damage":28,"enemies":"Spheric Guardian","floor":20,"turns":9},{"damage":16,"enemies":"Cultist and Chosen","floor":25,"turns":6},{"damage":31,"enemies":"Gremlin Leader","floor":27,"turns":7},{"damage":13,"enemies":"Snecko","floor":31,"turns":7},{"damage":38,"enemies":"Collector","floor":33,"turns":9}],"seed_played":"6700716723303934508","potions_obtained":[{"floor":1,"key":"Fire Potion"},{"floor":7,"key":"Ancient Potion"},{"floor":10,"key":"Swift Potion"},{"floor":16,"key":"EssenceOfSteel"},{"floor":27,"key":"Block Potion"}],"is_trial":false,"path_per_floor":["M","?","?","?","$","R","E","R","T","M","$","E","M","E","R","B",null,"M","$","M","?","?","R","?","M","T","E","R","?","R","M","R","B"],"character_chosen":"THE_SILENT","items_purchased":["Accuracy","Crippling Poison","Cloak And Dagger","Footwork","Well Laid Plans"],"campfire_rested":2,"item_purchase_floors":[5,5,5,11,19],"current_hp_per_floor":[63,49,49,49,49,49,49,49,49,49,49,31,31,25,25,20,63,43,43,27,27,13,37,37,33,33,14,14,14,14,13,37,0],"gold":261,"neow_bonus":"THREE_ENEMY_KILL","is_prod":false,"is_daily":false,"chose_seed":false,"campfire_upgraded":5,"win_rate":0,"timestamp":1554053285,"path_taken":["M","?","?","?","$","R","E","R","T","M","$","E","M","E","R","BOSS","M","$","M","?","?","R","?","M","T","E","R","?","R","M","R","BOSS"],"build_version":"2019-01-23","purchased_purges":2,"victory":false,"max_hp_per_floor":[70,70,70,70,70,70,70,70,70,70,70,70,70,70,70,70,75,75,75,75,75,80,80,80,80,80,80,80,80,80,80,80,80],"card_choices":[{"not_picked":["Blade Dance","All Out Attack"],"picked":"Skewer","floor":1},{"not_picked":["PiercingWail","Masterful Stab","Skewer"],"picked":"SKIP","floor":7},{"not_picked":["Bane","Poisoned Stab"],"picked":"Dash","floor":10},{"not_picked":["Flying Knee","Prepared","Reflex"],"picked":"SKIP","floor":12},{"not_picked":["Acrobatics","Blade Dance","Accuracy"],"picked":"SKIP","floor":13},{"not_picked":["Acrobatics","Accuracy"],"picked":"Blade Dance","floor":13},{"not_picked":["Sucker Punch","Infinite Blades"],"picked":"Blur","floor":14},{"not_picked":["Slice","Acrobatics"],"picked":"Blade Dance","floor":17},{"not_picked":["Masterful Stab","Flechettes","Quick Slash"],"picked":"SKIP","floor":18},{"not_picked":["Cloak And Dagger","A Thousand Cuts"],"picked":"Dagger Spray+1","floor":20},{"not_picked":["Underhanded Strike","Bane"],"picked":"Deflect","floor":25},{"not_picked":["Concentrate","Sucker Punch+1"],"picked":"Deflect","floor":27},{"not_picked":["Riddle With Holes","Slice"],"picked":"Deflect+1","floor":31}],"player_experience":405722,"relics_obtained":[{"floor":7,"key":"Bronze Scales"},{"floor":9,"key":"Gremlin Horn"},{"floor":12,"key":"Omamori"},{"floor":14,"key":"Meat on the Bone"},{"floor":26,"key":"Singing Bowl"},{"floor":27,"key":"Blue Candle"}],"event_choices":[{"damage_healed":0,"gold_gain":0,"player_choice":"Entered Light","damage_taken":14,"max_hp_gain":0,"max_hp_loss":0,"event_name":"Shining Light","floor":2,"gold_loss":0,"cards_upgraded":["Strike_G","Strike_G"]},{"damage_healed":0,"gold_gain":175,"player_choice":"AGREE","damage_taken":0,"max_hp_gain":0,"max_hp_loss":0,"event_name":"Liars Game","floor":3,"gold_loss":0,"cards_obtained":["Doubt"]},{"cards_removed":["Doubt"],"damage_healed":0,"gold_gain":0,"player_choice":"Purged","damage_taken":0,"max_hp_gain":0,"max_hp_loss":0,"event_name":"Purifier","floor":4,"gold_loss":0},{"damage_healed":0,"gold_gain":0,"player_choice":"Inject Mutagens","damage_taken":0,"relics_obtained":["MutagenicStrength"],"max_hp_gain":0,"max_hp_loss":0,"event_name":"Drug Dealer","floor":21,"gold_loss":0},{"damage_healed":0,"gold_gain":0,"player_choice":"Shed Blood","damage_taken":19,"max_hp_gain":5,"max_hp_loss":0,"event_name":"Forgotten Altar","floor":22,"gold_loss":0},{"damage_healed":0,"gold_gain":99,"player_choice":"Stole From Cult","damage_taken":0,"max_hp_gain":0,"max_hp_loss":0,"event_name":"Nest","floor":24,"gold_loss":0},{"damage_healed":0,"gold_gain":0,"player_choice":"Ignored","damage_taken":0,"max_hp_gain":0,"max_hp_loss":0,"event_name":"The Mausoleum","floor":29,"gold_loss":0}],"is_beta":false,"boss_relics":[{"not_picked":["Coffee Dripper","White Beast Statue"],"picked":"Tiny House"}],"items_purged_floors":[5,19],"is_endless":false,"potions_floor_spawned":[1,7,10,16,27],"killed_by":"Collector","ascension_level":10}