{"gold_per_floor":[109,109,109,109,122,153,153,188,188,217,217,236,22,22,22,94,94,112,112,32,44,44,44,58,89,89,89,100,0,0,0,0,73,73,73],"floor_reached":35,"playtime":1431,"items_purged":["Regret","Shame"],"score":739,"play_id":"c61bf92d-b82a-4b56-8c01-4e2690bf5ce5","local_time":"20190328222859","is_ascension_mode":true,"campfire_choices":[{"data":"Zap","floor":7.0,"key":"SMITH"},{"floor":11.0,"key":"REST"},{"floor":15.0,"key":"REST"},{"floor":23.0,"key":"REST"},{"floor":30,"key":"REST"},{"floor":32,"key":"REST"}],"neow_cost":"NONE","seed_source_timestamp":0,"circlet_count":0,"master_deck":["AscendersBane","Strike_B+1","Strike_B+1","Strike_B+1","Strike_B+1","Defend_B+1","Defend_B+1","Defend_B+1","Defend_B+1","Zap+1","Dualcast+1","Sweeping Beam","Ball Lightning","Sweeping Beam","Defragment","Double Energy","Skim","Coolheaded","Self Repair","Creative AI","Auto Shields","Meteor Strike","Undo","Buffer","Undo","Amplify"],"special_seed":0,"relics":["Cracked Core","Ice Cream","Pen Nib","Oddly Smooth Stone","Thread and Needle","Shuriken","Lizard Tail","Meat on the Bone","Happy Flower","Bag of Preparation","Sozu"],"potions_floor_usage":[25,27,27,27,33],"damage_taken":[{"damage":0.0,"enemies":"Small Slimes","floor":1.0,"turns":2.0},{"damage":2.0,"enemies":"Cultist","floor":5.0,"turns":3.0},{"damage":14.0,"enemies":"Gremlin Nob","floor":6.0,"turns":3.0},{"damage":32.0,"enemies":"3 Sentries","floor":8.0,"turns":6.0},{"damage":17.0,"enemies":"Lagavulin","floor":10.0,"turns":6.0},{"damage":2.0,"enemies":"Jaw Worm","floor":12.0,"turns":3.0},{"damage":48.0,"enemies":"Hexaghost","floor":16.0,"turns":11.0},{"damage":57.0,"enemies":"Shell Parasite","floor":18.0,"turns":9.0},{"damage":17.0,"enemies":"Chosen","floor":21.0,"turns":7.0},{"damage":33.0,"enemies":"Centurion and Healer","floor":24.0,"turns":7.0},{"damage":64,"enemies":"Gremlin Leader","floor":25,"turns":9},{"damage":0,"enemies":"Colosseum Slavers","floor":27,"turns":4},{"damage":31,"enemies":"Chosen and Byrds","floor":28,"turns":7},{"damage":14,"enemies":"Champ","floor":33,"turns":10},{"damage":82,"enemies":"3 Darklings","floor":35,"turns":5}],"seed_played":"6254215950479715309","potions_obtained":[{"floor":4.0,"key":"SteroidPotion"},{"floor":4.0,"key":"SkillPotion"},{"floor":6.0,"key":"FocusPotion"},{"floor":8.0,"key":"SpeedPotion"},{"floor":12.0,"key":"Swift Potion"},{"floor":21.0,"key":"SteroidPotion"},{"floor":25,"key":"EntropicBrew"},{"floor":28,"key":"FocusPotion"},{"floor":33,"key":"Dexterity Potion"}],"is_trial":false,"path_per_floor":["M","?","?","?","M","E","R","E","T","E","R","M","$","?","R","B",null,"M","?","$","M","?","R","M","E","T","?","M","$","R","?","R","B",null,"M"],"character_chosen":"DEFECT","items_purchased":["Coolheaded","Self Repair","Meteor Strike"],"campfire_rested":5,"item_purchase_floors":[13,13,20],"current_hp_per_floor":[71,71,71,71,69,55,55,23,23,6,29,27,27,27,50,9,61,11,27,27,17,17,40,26,26,26,38,26,26,49,49,72,65,75,0],"gold":73,"neow_bonus":"TEN_PERCENT_HP_BONUS","is_prod":false,"is_daily":false,"chose_seed":false,"campfire_upgraded":1,"win_rate":0,"timestamp":1553830139,"path_taken":["M","?","?","?","M","E","R","E","T","E","R","?","$","?","R","BOSS","M","?","$","M","?","R","M","E","T","?","M","$","R","?","R","BOSS","M"],"build_version":"2019-01-23","purchased_purges":2,"victory":false,"max_hp_per_floor":[78,78,78,78,78,78,78,78,78,78,78,78,78,78,78,78,78,78,78,78,78,78,78,78,78,78,78,78,78,78,78,78,78,78,78],"card_choices":[{"not_picked":["Gash","Lockon"],"picked":"Sweeping Beam","floor":1.0},{"not_picked":["Streamline","Loop"],"picked":"Ball Lightning","floor":5.0},{"not_picked":["Melter","Barrage"],"picked":"Sweeping Beam","floor":6.0},{"not_picked":["Stack","Genetic Algorithm"],"picked":"Defragment","floor":8.0},{"not_picked":["Auto Shields","Fusion"],"picked":"Double Energy","floor":10.0},{"not_picked":["Beam Cell","Redo"],"picked":"Skim","floor":12.0},{"not_picked":["Biased Cognition","Electrodynamics"],"picked":"Creative AI","floor":16.0},{"not_picked":["Sweeping Beam","Lockon"],"picked":"Auto Shields","floor":18.0},{"not_picked":["Melter","Streamline"],"picked":"Undo","floor":21.0},{"not_picked":["BootSequence","Rebound+1","Sweeping Beam+1"],"picked":"SKIP","floor":24.0},{"not_picked":["Fusion","Heatsinks"],"picked":"Buffer","floor":25},{"not_picked":["Hello World","Self Repair"],"picked":"Undo","floor":28},{"not_picked":["Buffer","Biased Cognition"],"picked":"Amplify","floor":33}],"player_experience":1184504,"relics_obtained":[{"floor":6.0,"key":"Pen Nib"},{"floor":8.0,"key":"Oddly Smooth Stone"},{"floor":9.0,"key":"Thread and Needle"},{"floor":10.0,"key":"Shuriken"},{"floor":25,"key":"Happy Flower"},{"floor":26,"key":"Bag of Preparation"}],"event_choices":[{"damage_healed":0.0,"max_hp_gain":0.0,"max_hp_loss":0.0,"gold_gain":0.0,"event_name":"Living Wall","player_choice":"Grow","floor":2.0,"gold_loss":0.0,"damage_taken":0.0,"cards_upgraded":["Dualcast"]},{"damage_healed":0.0,"max_hp_gain":0.0,"max_hp_loss":0.0,"gold_gain":0.0,"event_name":"Big Fish","player_choice":"Box","floor":3.0,"gold_loss":0.0,"damage_taken":0.0,"relics_obtained":["Ice Cream"],"cards_obtained":["Regret"]},{"damage_healed":0.0,"max_hp_gain":0.0,"max_hp_loss":0.0,"gold_gain":0.0,"event_name":"Lab","player_choice":"Got Potions","floor":4.0,"gold_loss":0.0,"damage_taken":0.0},{"damage_healed":0.0,"max_hp_gain":0.0,"max_hp_loss":0.0,"gold_gain":0.0,"event_name":"The Cleric","player_choice":"Leave","floor":14.0,"gold_loss":0.0,"damage_taken":0.0},{"damage_healed":16.0,"max_hp_gain":0.0,"max_hp_loss":0.0,"gold_gain":0.0,"event_name":"The Library","player_choice":"Heal","floor":19.0,"gold_loss":0.0,"damage_taken":0.0},{"damage_healed":0.0,"max_hp_gain":0.0,"max_hp_loss":0.0,"gold_gain":0.0,"event_name":"Addict","player_choice":"Stole Relic","floor":22.0,"gold_loss":0.0,"damage_taken":0.0,"relics_obtained":["Meat on the Bone"],"cards_obtained":["Shame"]},{"damage_healed":0,"gold_gain":0,"player_choice":"Fight","damage_taken":0,"max_hp_gain":0,"max_hp_loss":0,"event_name":"Colosseum","floor":27,"gold_loss":0},{"damage_healed":0,"gold_gain":0,"player_choice":"Fled From Nobs","damage_taken":0,"max_hp_gain":0,"max_hp_loss":0,"event_name":"Colosseum","floor":27,"gold_loss":0},{"damage_healed":0,"gold_gain":0,"player_choice":"Simplicity","damage_taken":0,"max_hp_gain":0,"max_hp_loss":0,"event_name":"Back to Basics","floor":31,"gold_loss":0,"cards_upgraded":["Strike_B","Strike_B","Strike_B","Strike_B","Defend_B","Defend_B","Defend_B","Defend_B"]}],"is_beta":false,"boss_relics":[{"not_picked":["Orrery","Black Star"],"picked":"Lizard Tail"},{"not_picked":["Astrolabe","Runic Pyramid"],"picked":"Sozu"}],"items_purged_floors":[13,29],"is_endless":false,"potions_floor_spawned":[6,8,12,21,25,28,33],"killed_by":"3 Darklings","ascension_level":18}