{"gold_per_floor":[113,130,145,220,220,254,270,270,270,282,313,337,349,377,389,401],"floor_reached":16,"playtime":543,"items_purged":[],"score":104,"play_id":"6bbf0fc5-e93f-4a7b-89c9-239faf904b58","local_time":"20190419104945","is_ascension_mode":false,"campfire_choices":[{"data":"Zap","floor":8,"key":"SMITH"},{"data":"Dualcast","floor":10,"key":"SMITH"},{"data":"Hologram","floor":13,"key":"SMITH"},{"floor":15,"key":"REST"}],"neow_cost":"NONE","seed_source_timestamp":5322126891653,"circlet_count":0,"master_deck":["Strike_B","Strike_B","Strike_B","Strike_B","Defend_B","Defend_B","Defend_B","Defend_B","Zap+1","Dualcast+1","Melter","Hologram+1","Chaos","All For One","Turbo","Biased Cognition","Ball Lightning","Gash","Glacier"],"relics":["Cracked Core","PreservedInsect","Symbiotic Virus","MawBank"],"potions_floor_usage":[7,16],"damage_taken":[{"damage":0,"enemies":"2 Louse","floor":1,"turns":1},{"damage":0,"enemies":"Small Slimes","floor":2,"turns":3},{"damage":1,"enemies":"Cultist","floor":3,"turns":3},{"damage":30,"enemies":"Lagavulin","floor":6,"turns":4},{"damage":10,"enemies":"Large Slime","floor":7,"turns":4},{"damage":5,"enemies":"Red Slaver","floor":11,"turns":2},{"damage":0,"enemies":"Exordium Thugs","floor":12,"turns":2},{"damage":4,"enemies":"Looter","floor":14,"turns":2},{"damage":42,"enemies":"The Guardian","floor":16,"turns":11}],"seed_played":"4499788507357356745","potions_obtained":[{"floor":3,"key":"PowerPotion"},{"floor":6,"key":"AttackPotion"},{"floor":7,"key":"LiquidBronze"},{"floor":11,"key":"Weak Potion"},{"floor":14,"key":"AttackPotion"}],"is_trial":false,"path_per_floor":["M","M","M","?","?","E","M","R","T","R","M","M","R","M","R","B"],"character_chosen":"DEFECT","items_purchased":[],"campfire_rested":1,"item_purchase_floors":[],"current_hp_per_floor":[75,75,74,63,63,33,23,23,23,23,18,18,18,14,36,0],"gold":401,"neow_bonus":"THREE_CARDS","is_prod":false,"is_daily":false,"chose_seed":false,"campfire_upgraded":3,"win_rate":0,"timestamp":1555642185,"path_taken":["M","M","M","?","?","E","M","R","T","R","?","M","R","M","R","BOSS"],"build_version":"2019-01-23","purchased_purges":0,"victory":false,"max_hp_per_floor":[75,75,75,75,75,75,75,75,75,75,75,75,75,75,75,75],"card_choices":[{"not_picked":["Redo","Turbo"],"picked":"Melter","floor":0},{"not_picked":["Beam Cell","Go for the Eyes"],"picked":"Hologram","floor":1},{"not_picked":["Turbo","Beam Cell"],"picked":"Chaos","floor":2},{"not_picked":["Stack","BootSequence"],"picked":"All For One","floor":3},{"not_picked":["Redo","Barrage"],"picked":"Turbo","floor":6},{"not_picked":["Beam Cell","Steam"],"picked":"Biased Cognition","floor":7},{"not_picked":["Lockon","Doom and Gloom"],"picked":"Ball Lightning","floor":11},{"not_picked":["Steam","Barrage"],"picked":"Gash","floor":12},{"not_picked":["BootSequence","Steam"],"picked":"Glacier","floor":14}],"player_experience":448942,"relics_obtained":[{"floor":6,"key":"Symbiotic Virus"},{"floor":9,"key":"MawBank"}],"event_choices":[{"damage_healed":0,"gold_gain":75,"player_choice":"Gather Gold","damage_taken":11,"max_hp_gain":0,"max_hp_loss":0,"event_name":"World of Goop","floor":4,"gold_loss":0},{"damage_healed":0,"gold_gain":0,"player_choice":"Gave Potion","damage_taken":0,"relics_obtained":["PreservedInsect"],"max_hp_gain":0,"max_hp_loss":0,"event_name":"WeMeetAgain","floor":5,"gold_loss":0}],"is_beta":false,"boss_relics":[],"items_purged_floors":[],"is_endless":false,"potions_floor_spawned":[3,6,7,11,14],"killed_by":"The Guardian","ascension_level":0}