{"gold_per_floor":[113,131,147,162,180,212,212,212,212,226,238,252,252,284,284,360,360,379,398,59,334,345,345,379,39,39,39,52,52,52,71,71,148,148,158,158,208,223,235,235,249,249],"floor_reached":42,"playtime":3024,"items_purged":["Strike_G","Strike_G"],"score":918,"play_id":"1a9334d8-9e56-4f1c-b158-ec366203a16f","local_time":"20190508215826","is_ascension_mode":true,"campfire_choices":[{"data":"Noxious Fumes","floor":8,"key":"SMITH"},{"data":"All Out Attack","floor":13,"key":"SMITH"},{"data":"Leg Sweep","floor":15,"key":"SMITH"},{"floor":23,"key":"REST"},{"data":"Well Laid Plans","floor":27,"key":"SMITH"},{"data":"Catalyst","floor":30,"key":"SMITH"},{"floor":32,"key":"REST"},{"floor":40,"key":"REST"}],"neow_cost":"NONE","seed_source_timestamp":213323034845300,"circlet_count":0,"master_deck":["AscendersBane","Defend_G","Defend_G","Defend_G","Defend_G","Defend_G","Strike_G","Survivor","Neutralize+1","Poisoned Stab","Leg Sweep+1","All Out Attack+1","Dash","Noxious Fumes+1","Cloak And Dagger","Deadly Poison","Quick Slash","Malaise","Die Die Die","Catalyst+1","Noxious Fumes","Well Laid Plans+1","PiercingWail","Malaise","Blur","Dodge and Roll+1"],"relics":["Ring of the Snake","Omamori","GremlinMask","Pantograph","Strawberry","Empty Cage","Paper Crane","FossilizedHelix","Centennial Puzzle","Cursed Key"],"potions_floor_usage":[14,14,42,42],"damage_taken":[{"damage":1,"enemies":"Cultist","floor":1,"turns":6},{"damage":1,"enemies":"Jaw Worm","floor":2,"turns":4},{"damage":0,"enemies":"2 Louse","floor":3,"turns":4},{"damage":6,"enemies":"Lots of Slimes","floor":4,"turns":2},{"damage":0,"enemies":"2 Fungi Beasts","floor":5,"turns":4},{"damage":16,"enemies":"Lagavulin","floor":6,"turns":8},{"damage":4,"enemies":"Blue Slaver","floor":10,"turns":4},{"damage":0,"enemies":"Large Slime","floor":11,"turns":6},{"damage":2,"enemies":"Exordium Thugs","floor":12,"turns":5},{"damage":10,"enemies":"3 Sentries","floor":14,"turns":8},{"damage":26,"enemies":"The Guardian","floor":16,"turns":11},{"damage":15,"enemies":"3 Byrds","floor":18,"turns":6},{"damage":4,"enemies":"Chosen","floor":19,"turns":6},{"damage":11,"enemies":"Shelled Parasite and Fungi","floor":22,"turns":9},{"damage":23,"enemies":"Gremlin Leader","floor":24,"turns":9},{"damage":0,"enemies":"Snake Plant","floor":28,"turns":7},{"damage":0,"enemies":"Centurion and Healer","floor":31,"turns":6},{"damage":38,"enemies":"Automaton","floor":33,"turns":12},{"damage":0,"enemies":"3 Shapes","floor":35,"turns":6},{"damage":0,"enemies":"Orb Walker","floor":38,"turns":4},{"damage":38,"enemies":"Spire Growth","floor":39,"turns":6},{"damage":0,"enemies":"Maw","floor":41,"turns":9},{"damage":54,"enemies":"Reptomancer","floor":42,"turns":5}],"seed_played":"6195991741907562251","potions_obtained":[{"floor":2,"key":"LiquidBronze"},{"floor":3,"key":"SpeedPotion"},{"floor":10,"key":"Ancient Potion"},{"floor":16,"key":"SneckoOil"},{"floor":18,"key":"LiquidBronze"},{"floor":31,"key":"SteroidPotion"},{"floor":38,"key":"Energy Potion"}],"is_trial":false,"path_per_floor":["M","M","M","M","M","E","?","R","T","M","M","M","R","E","R","B",null,"M","M","$","?","M","R","E","$","T","R","M","$","R","M","R","B",null,"M","?","?","M","M","R","M","E"],"character_chosen":"THE_SILENT","items_purchased":["Paper Crane","Well Laid Plans","Centennial Puzzle"],"campfire_rested":3,"item_purchase_floors":[20,25,25],"current_hp_per_floor":[58,57,57,51,51,35,35,35,35,31,31,29,29,26,26,25,61,46,42,42,42,31,52,29,29,29,29,29,29,29,29,50,35,64,64,64,64,64,26,46,46,0],"gold":249,"neow_bonus":"UPGRADE_CARD","is_prod":false,"is_daily":false,"chose_seed":false,"campfire_upgraded":5,"win_rate":0,"timestamp":1557320306,"path_taken":["M","M","M","M","?","E","?","R","T","M","?","M","R","E","R","BOSS","M","M","$","?","M","R","E","?","T","R","M","$","R","M","R","BOSS","M","?","?","?","M","R","M","E"],"build_version":"2019-01-23","purchased_purges":2,"victory":false,"max_hp_per_floor":[66,66,66,66,66,66,66,66,66,66,66,66,66,73,73,73,73,73,73,73,73,73,73,73,73,73,73,73,73,73,73,73,73,73,73,69,69,69,69,69,69,69],"card_choices":[{"not_picked":["Dagger Throw","Dodge and Roll"],"picked":"Poisoned Stab","floor":1},{"not_picked":["Dodge and Roll","Slice"],"picked":"Leg Sweep","floor":2},{"not_picked":["Dagger Spray","Well Laid Plans"],"picked":"All Out Attack","floor":3},{"not_picked":["Heel Hook","Poisoned Stab"],"picked":"Dash","floor":4},{"not_picked":["Heel Hook","Slice"],"picked":"Noxious Fumes","floor":5},{"not_picked":["Sucker Punch","Venomology","Choke"],"picked":"SKIP","floor":6},{"not_picked":["Terror","Dash"],"picked":"Cloak And Dagger","floor":10},{"not_picked":["Bane","Slice"],"picked":"Deadly Poison","floor":11},{"not_picked":["Backstab","Sucker Punch"],"picked":"Quick Slash","floor":12},{"not_picked":["A Thousand Cuts","Outmaneuver"],"picked":"Malaise","floor":14},{"not_picked":["Tools of the Trade","Envenom"],"picked":"Die Die Die","floor":16},{"not_picked":["Quick Slash+1","Riddle With Holes"],"picked":"Catalyst","floor":18},{"not_picked":["Deflect","Dash","Underhanded Strike"],"picked":"SKIP","floor":19},{"not_picked":["All Out Attack","Underhanded Strike","Catalyst"],"picked":"SKIP","floor":22},{"not_picked":["Sucker Punch","Grand Finale"],"picked":"Noxious Fumes","floor":24},{"not_picked":["Catalyst","Deflect+1"],"picked":"PiercingWail","floor":28},{"not_picked":["Acrobatics","Quick Slash","Flying Knee"],"picked":"SKIP","floor":31},{"not_picked":["Envenom","Unload"],"picked":"Malaise","floor":33},{"not_picked":["Underhanded Strike","Slice"],"picked":"Blur","floor":35},{"not_picked":["Deflect","Cloak And Dagger","Outmaneuver"],"picked":"SKIP","floor":38},{"not_picked":["Masterful Stab+1","Underhanded Strike+1"],"picked":"Dodge and Roll+1","floor":39},{"not_picked":["Accuracy","All Out Attack","Heel Hook"],"picked":"SKIP","floor":41}],"player_experience":1292714,"relics_obtained":[{"floor":6,"key":"Omamori"},{"floor":9,"key":"Pantograph"},{"floor":14,"key":"Strawberry"},{"floor":24,"key":"FossilizedHelix"}],"event_choices":[{"damage_healed":0,"gold_gain":0,"player_choice":"Trade","damage_taken":0,"relics_obtained":["GremlinMask"],"max_hp_gain":0,"max_hp_loss":0,"event_name":"FaceTrader","floor":7,"gold_loss":0},{"damage_healed":0,"gold_gain":275,"player_choice":"Desecrate","damage_taken":0,"max_hp_gain":0,"max_hp_loss":0,"event_name":"Golden Shrine","floor":21,"gold_loss":0,"cards_obtained":["Regret"]},{"damage_healed":0,"gold_gain":0,"player_choice":"Max HP","damage_taken":0,"max_hp_gain":0,"max_hp_loss":4,"event_name":"Winding Halls","floor":36,"gold_loss":0},{"damage_healed":0,"gold_gain":50,"player_choice":"Pray","damage_taken":0,"max_hp_gain":0,"max_hp_loss":0,"event_name":"Golden Shrine","floor":37,"gold_loss":0}],"is_beta":false,"boss_relics":[{"not_picked":["Orrery","Snecko Eye"],"picked":"Empty Cage"},{"not_picked":["Busted Crown","Fusion Hammer"],"picked":"Cursed Key"}],"items_purged_floors":[20,25],"is_endless":false,"potions_floor_spawned":[2,3,10,11,12,16,18,31,38],"killed_by":"Reptomancer","ascension_level":20}