{"gold_per_floor":[111,131,144,94,19,50,50,50,135,153,153,153,178,204,204,335,335,353,268,70,120,74,74,60,60,60,60,75,90,114,190,190,315,315,336,351,1350,1374,260,260,260,295,318,342,365,390,390,408,408,408],"floor_reached":51,"playtime":3489,"items_purged":["Strike_R","Strike_R","Normality"],"score":844,"play_id":"7df75445-22fb-4e7b-96a8-4069732021e3","local_time":"20181011223345","is_ascension_mode":true,"campfire_choices":[{"data":"Flex","floor":7,"key":"SMITH"},{"data":"Twin Strike","floor":11,"key":"SMITH"},{"data":"Clothesline","floor":15,"key":"SMITH"},{"data":"Body Slam","floor":23,"key":"SMITH"},{"data":"Reaper","floor":25,"key":"SMITH"},{"data":"Twin Strike","floor":27,"key":"SMITH"},{"data":"Wild Strike","floor":32,"key":"SMITH"},{"floor":40,"key":"REST"},{"floor":47,"key":"REST"},{"floor":49,"key":"REST"}],"neow_cost":"NONE","seed_source_timestamp":132940413845321,"circlet_count":0,"master_deck":["Strike_R","Strike_R","Defend_R","Defend_R","Defend_R","Defend_R","Bash","Clothesline+1","Flex+1","Twin Strike+1","Impervious","Twin Strike+1","Reaper+1","Anger","Anger","Body Slam+1","Iron Wave","Metallicize","Shrug It Off","Armaments","Armaments","Sentinel","Flex","Wild Strike+1","Battle Trance+1","Heavy Blade+1","Normality","Wild Strike+1","Body Slam","Rage","Demon Form+1","Flex","Shrug It Off","Wild Strike+1","Flame Barrier","Armaments+1"],"relics":["Burning Blood","NeowsBlessing","Regal Pillow","Golden Idol","Tiny Chest","Pen Nib","Orichalcum","Orrery","Matryoshka","Strawberry","Red Skull","Pantograph","Pear","Velvet Choker","Frozen Egg 2","MawBank","Brimstone","Ancient Tea Set","Smiling Mask"],"potions_floor_usage":[29,30,30,38,42,46,46,46,50],"damage_taken":[{"damage":0,"enemies":"Cultist","floor":1,"turns":1},{"damage":0,"enemies":"Small Slimes","floor":2,"turns":1},{"damage":0,"enemies":"Jaw Worm","floor":3,"turns":1},{"damage":30,"enemies":"Lagavulin","floor":6,"turns":8},{"damage":10,"enemies":"3 Louse","floor":10,"turns":3},{"damage":9,"enemies":"Looter","floor":13,"turns":3},{"damage":29,"enemies":"Hexaghost","floor":16,"turns":10},{"damage":34,"enemies":"3 Byrds","floor":18,"turns":7},{"damage":3,"enemies":"2 Thieves","floor":24,"turns":4},{"damage":29,"enemies":"Snake Plant","floor":28,"turns":5},{"damage":28,"enemies":"Snecko","floor":29,"turns":6},{"damage":20,"enemies":"Cultist and Chosen","floor":30,"turns":8},{"damage":83,"enemies":"Champ","floor":33,"turns":13},{"damage":59,"enemies":"3 Darklings","floor":35,"turns":8},{"damage":15,"enemies":"Orb Walker","floor":36,"turns":4},{"damage":32,"enemies":"Sphere and 2 Shapes","floor":38,"turns":5},{"damage":62,"enemies":"Nemesis","floor":42,"turns":7},{"damage":0,"enemies":"Spire Growth","floor":44,"turns":2},{"damage":29,"enemies":"4 Shapes","floor":45,"turns":4},{"damage":35,"enemies":"Reptomancer","floor":46,"turns":3},{"damage":57,"enemies":"Sphere and 2 Shapes","floor":48,"turns":5},{"damage":125,"enemies":"Awakened One","floor":50,"turns":9}],"seed_played":"5409148712458599690","potions_obtained":[{"floor":1,"key":"Regen Potion"},{"floor":10,"key":"SpeedPotion"},{"floor":16,"key":"FearPotion"},{"floor":18,"key":"BloodPotion"},{"floor":24,"key":"FairyPotion"},{"floor":29,"key":"Weak Potion"},{"floor":36,"key":"Regen Potion"},{"floor":38,"key":"Ancient Potion"},{"floor":48,"key":"Strength Potion"}],"is_trial":false,"path_per_floor":["M","M","M","?","$","E","R","?","T","M","R","?","M","T","R","B",null,"M","?","$","?","$","R","M","R","T","R","M","M","M","T","R","B",null,"M","M","?","M","$","R","?","E","T","M","M","M","R","M","R","B"],"character_chosen":"IRONCLAD","items_purchased":["Shrug It Off","Armaments","Armaments","Frozen Egg 2","MawBank","Brimstone","Body Slam","Rage","Demon Form+1","EntropicBrew"],"campfire_rested":3,"item_purchase_floors":[20,20,22,39,39,39,39,39,39,39],"current_hp_per_floor":[80,80,80,80,80,56,56,56,56,52,52,52,49,49,49,26,74,52,52,52,52,52,52,64,64,71,71,48,36,41,51,51,10,91,38,37,37,20,20,62,62,23,23,29,48,19,61,24,66,26],"gold":408,"neow_bonus":"THREE_ENEMY_KILL","is_prod":false,"is_daily":false,"chose_seed":false,"campfire_upgraded":7,"win_rate":0,"timestamp":1539290025,"path_taken":["M","M","M","?","$","E","R","?","T","M","R","?","M","?","R","BOSS","M","?","$","?","$","R","M","R","T","R","?","M","?","?","R","BOSS","M","?","?","?","$","R","?","E","T","M","?","M","R","?","R","BOSS"],"build_version":"2018-10-04v2","purchased_purges":3,"victory":true,"max_hp_per_floor":[80,80,80,80,80,80,80,74,74,74,74,74,74,74,74,74,74,74,74,74,74,74,74,74,74,81,81,81,81,81,91,91,91,91,91,91,91,91,91,91,91,91,91,91,91,91,91,91,91,91],"card_choices":[{"not_picked":["Shockwave","Carnage"],"picked":"Clothesline","floor":1},{"not_picked":["Flame Barrier","Iron Wave"],"picked":"Flex","floor":2},{"not_picked":["Power Through","Seeing Red"],"picked":"Twin Strike","floor":3},{"not_picked":["Second Wind","Headbutt"],"picked":"Impervious","floor":6},{"not_picked":["Clash","Perfected Strike"],"picked":"Twin Strike","floor":10},{"not_picked":["Clash","Feel No Pain","Dropkick"],"picked":"SKIP","floor":13},{"not_picked":["Exhume","Feed"],"picked":"Reaper","floor":16},{"not_picked":["Wild Strike","Thunderclap"],"picked":"Anger","floor":17},{"not_picked":["Blood for Blood","Hemokinesis"],"picked":"Anger","floor":17},{"not_picked":["Iron Wave","Reckless Charge"],"picked":"Body Slam","floor":17},{"not_picked":["Warcry","Rupture"],"picked":"Iron Wave","floor":17},{"not_picked":["Impervious","Warcry+1"],"picked":"Metallicize","floor":18},{"not_picked":["Sever Soul","Twin Strike+1"],"picked":"Sentinel","floor":24},{"not_picked":["Headbutt","Combust"],"picked":"Flex","floor":28},{"not_picked":["Reaper","Disarm"],"picked":"Wild Strike","floor":29},{"not_picked":["Thunderclap","Evolve"],"picked":"Battle Trance+1","floor":30},{"not_picked":["True Grit","Warcry","Evolve"],"picked":"SKIP","floor":35},{"not_picked":["Armaments+1","Twin Strike"],"picked":"Heavy Blade+1","floor":36},{"not_picked":["Perfected Strike","Warcry"],"picked":"Wild Strike+1","floor":38},{"not_picked":["Metallicize+1","Battle Trance+1"],"picked":"Shrug It Off","floor":42},{"not_picked":["Heavy Blade","Armaments+1"],"picked":"Wild Strike+1","floor":44},{"not_picked":["Entrench","Immolate"],"picked":"Flame Barrier","floor":45},{"not_picked":["Combust+1","Shrug It Off"],"picked":"Armaments+1","floor":46},{"not_picked":["Havoc","Carnage","Corruption+1"],"picked":"SKIP","floor":48}],"player_experience":175884,"relics_obtained":[{"floor":6,"key":"Regal Pillow"},{"floor":9,"key":"Tiny Chest"},{"floor":14,"key":"Orichalcum"},{"floor":26,"key":"Strawberry"},{"floor":26,"key":"Red Skull"},{"floor":31,"key":"Pantograph"},{"floor":31,"key":"Pear"},{"floor":42,"key":"Ancient Tea Set"},{"floor":43,"key":"Smiling Mask"}],"event_choices":[{"event_name":"The Cleric","player_choice":"Card Removal","floor":4,"damage_taken":0},{"event_name":"Golden Idol","player_choice":"Lose Max HP","floor":8,"damage_taken":0},{"event_name":"WeMeetAgain","player_choice":"Potion","floor":12,"damage_taken":0},{"event_name":"Addict","player_choice":"Obtained Relic","floor":19,"damage_taken":0},{"event_name":"The Joust","player_choice":"Bet on Murderer","floor":21,"damage_taken":0},{"event_name":"MindBloom","player_choice":"Gold","floor":37,"damage_taken":0},{"event_name":"Match and Keep!","player_choice":"1 cards matched","floor":41,"damage_taken":0}],"is_beta":false,"boss_relics":[{"not_picked":["Runic Dome","Ectoplasm"],"picked":"Orrery"},{"not_picked":["Eternal Feather","Sozu"],"picked":"Velvet Choker"}],"items_purged_floors":[5,20,39],"is_endless":false,"potions_floor_spawned":[1,10,16,18,24,29,36,38,44,48],"ascension_level":2}