{"gold_per_floor":[115,135,135,145,163,163,181,181,181,191,191,211,237,34,34,130,130,148,167,92,112,37,37],"floor_reached":23,"playtime":740,"items_purged":["Strike_B"],"score":195,"play_id":"b5e60c47-11e3-4104-b5b7-6bb441666569","local_time":"20190504114217","is_ascension_mode":false,"campfire_choices":[{"data":"Tempest","floor":6,"key":"SMITH"},{"data":"Defragment","floor":8,"key":"SMITH"},{"floor":15,"key":"REST"}],"neow_cost":"NONE","seed_source_timestamp":64555863567600,"circlet_count":0,"master_deck":["Strike_B","Strike_B","Defend_B","Defend_B","Defend_B","Defend_B","Zap","Dualcast","Gash","Tempest+1","Defragment+1","Leap","Turbo","Seek","Creative AI","Go for the Eyes+1","Redo"],"relics":["Snecko Eye","Pear","Dodecahedron","Symbiotic Virus","MealTicket","Nuclear Battery"],"potions_floor_usage":[16,16,23],"damage_taken":[{"damage":5,"enemies":"2 Louse","floor":1,"turns":4},{"damage":1,"enemies":"Cultist","floor":2,"turns":4},{"damage":14,"enemies":"Jaw Worm","floor":4,"turns":4},{"damage":3,"enemies":"Exordium Wildlife","floor":5,"turns":2},{"damage":0,"enemies":"2 Fungi Beasts","floor":7,"turns":2},{"damage":8,"enemies":"Red Slaver","floor":10,"turns":3},{"damage":6,"enemies":"Large Slime","floor":12,"turns":3},{"damage":18,"enemies":"Gremlin Nob","floor":13,"turns":3},{"damage":46,"enemies":"The Guardian","floor":16,"turns":11},{"damage":10,"enemies":"Spheric Guardian","floor":18,"turns":3},{"damage":12,"enemies":"Shell Parasite","floor":19,"turns":4},{"damage":24,"enemies":"Centurion and Healer","floor":21,"turns":7},{"damage":55,"enemies":"Slavers","floor":23,"turns":4}],"seed_played":"8634370638041774727","potions_obtained":[{"floor":5,"key":"SpeedPotion"},{"floor":10,"key":"SneckoOil"},{"floor":11,"key":"Explosive Potion"},{"floor":11,"key":"Weak Potion"},{"floor":16,"key":"AttackPotion"},{"floor":18,"key":"SteroidPotion"}],"is_trial":false,"path_per_floor":["M","M","?","M","M","R","M","R","T","M","?","M","E","$","R","B",null,"M","M","$","M","?","E"],"character_chosen":"DEFECT","items_purchased":["MealTicket"],"campfire_rested":1,"item_purchase_floors":[14],"current_hp_per_floor":[70,69,72,58,55,55,55,55,55,47,47,41,23,23,48,2,85,75,63,78,54,54,0],"gold":37,"neow_bonus":"BOSS_RELIC","is_prod":false,"is_daily":false,"chose_seed":false,"campfire_upgraded":2,"win_rate":0,"timestamp":1556984537,"path_taken":["M","M","?","M","M","R","M","R","T","M","?","?","E","$","R","BOSS","M","M","$","M","?","E"],"build_version":"2019-01-23","purchased_purges":1,"victory":false,"max_hp_per_floor":[75,75,85,85,85,85,85,85,85,85,85,85,85,85,85,85,85,85,85,85,85,85,85],"card_choices":[{"not_picked":["Hologram","Skim"],"picked":"Gash","floor":1},{"not_picked":["Steam","Turbo","Conserve Battery"],"picked":"SKIP","floor":2},{"not_picked":["Barrage","Hello World"],"picked":"Tempest","floor":4},{"not_picked":["Scrape","Turbo","Aggregate"],"picked":"SKIP","floor":5},{"not_picked":["Hello World","Rip and Tear"],"picked":"Defragment","floor":7},{"not_picked":["Hologram","Rebound"],"picked":"Leap","floor":10},{"not_picked":["Go for the Eyes","Darkness"],"picked":"Turbo","floor":12},{"not_picked":["Sweeping Beam","Gash"],"picked":"Seek","floor":13},{"not_picked":["Amplify","Core Surge"],"picked":"Creative AI","floor":16},{"not_picked":["Sunder","Auto Shields","Static Discharge"],"picked":"SKIP","floor":18},{"not_picked":["Sweeping Beam+1","Gash"],"picked":"Go for the Eyes+1","floor":19},{"not_picked":["Darkness","Steam Power"],"picked":"Redo","floor":21}],"player_experience":83003,"relics_obtained":[{"floor":9,"key":"Dodecahedron"},{"floor":13,"key":"Symbiotic Virus"}],"event_choices":[{"damage_healed":0,"gold_gain":0,"player_choice":"Success","damage_taken":7,"relics_obtained":["Pear"],"max_hp_gain":0,"max_hp_loss":0,"event_name":"Scrap Ooze","floor":3,"gold_loss":0},{"damage_healed":0,"gold_gain":0,"player_choice":"Got Potions","damage_taken":0,"max_hp_gain":0,"max_hp_loss":0,"event_name":"Lab","floor":11,"gold_loss":0},{"cards_removed":["Strike_B"],"damage_healed":0,"gold_gain":0,"player_choice":"Gave Gold","damage_taken":0,"max_hp_gain":0,"max_hp_loss":0,"event_name":"Beggar","floor":22,"gold_loss":75}],"is_beta":false,"boss_relics":[{"not_picked":["Orrery","Calling Bell"],"picked":"Nuclear Battery"}],"items_purged_floors":[20],"is_endless":false,"potions_floor_spawned":[5,10,16,18,19],"killed_by":"Slavers","ascension_level":0}