{"gold_per_floor":[117,128,142,217,233,266,266,294,294,314,341,341,341,355,355,432,432,444,100,120,120,140,140,140,169,195,207,246,533,61,46,46,125,125,144,24,36,81,96,96,116,116,139,151,185,200,200,200,200,200,200,200,200,64,64],"floor_reached":55,"playtime":4319,"items_purged":["Strike_B","Regret","Strike_B"],"score":1965,"play_id":"d3fd36c2-9c12-445e-a837-352c9d8202ed","local_time":"20190508162056","is_ascension_mode":true,"campfire_choices":[{"floor":7,"key":"REST"},{"data":"Zap","floor":12,"key":"SMITH"},{"data":"Defragment","floor":15,"key":"SMITH"},{"data":"Go for the Eyes","floor":23,"key":"SMITH"},{"floor":27,"key":"REST"},{"data":"Apotheosis","floor":32,"key":"SMITH"},{"floor":40,"key":"RECALL"},{"floor":42,"key":"REST"},{"data":"Echo Form","floor":47,"key":"SMITH"},{"data":"Reboot","floor":49,"key":"SMITH"},{"data":"Dualcast","floor":53,"key":"SMITH"}],"neow_cost":"NONE","seed_source_timestamp":191781079484700,"circlet_count":0,"master_deck":["AscendersBane","Defend_B","Defend_B","Defend_B","Defend_B","Zap+1","Dualcast+1","Steam","Glacier","Melter","Capacitor+1","Defragment+1","Echo Form+1","Cold Snap","Defragment+1","Cold Snap","Leap+1","Go for the Eyes+1","Go for the Eyes+1","Self Repair","Apotheosis+1","Reboot+1","Sweeping Beam","Creative AI","Ball Lightning+1","Hologram","Loop","Reprogram+1","Compile Driver","Stack"],"relics":["Cracked Core","Blood Vial","Bag of Preparation","Pen Nib","Odd Mushroom","Sozu","DollysMirror","Darkstone Periapt","MawBank","Juzu Bracelet","Membership Card","Runic Pyramid","Thread and Needle","Art of War","Pantograph"],"potions_floor_usage":[3,6,14,16],"damage_taken":[{"damage":1,"enemies":"Small Slimes","floor":1,"turns":3},{"damage":0,"enemies":"2 Louse","floor":2,"turns":2},{"damage":1,"enemies":"Cultist","floor":3,"turns":5},{"damage":5,"enemies":"Blue Slaver","floor":5,"turns":4},{"damage":25,"enemies":"3 Sentries","floor":6,"turns":13},{"damage":21,"enemies":"Lagavulin","floor":8,"turns":8},{"damage":3,"enemies":"Exordium Wildlife","floor":10,"turns":4},{"damage":11,"enemies":"The Mushroom Lair","floor":11,"turns":5},{"damage":0,"enemies":"Red Slaver","floor":14,"turns":4},{"damage":9,"enemies":"The Guardian","floor":16,"turns":14},{"damage":4,"enemies":"Chosen","floor":18,"turns":8},{"damage":2,"enemies":"Shell Parasite","floor":20,"turns":5},{"damage":0,"enemies":"Snecko","floor":22,"turns":6},{"damage":32,"enemies":"Slavers","floor":25,"turns":11},{"damage":4,"enemies":"Book of Stabbing","floor":28,"turns":8},{"damage":0,"enemies":"Champ","floor":33,"turns":19},{"damage":6,"enemies":"3 Shapes","floor":35,"turns":7},{"damage":11,"enemies":"Orb Walker","floor":37,"turns":5},{"damage":55,"enemies":"2 Orb Walkers","floor":38,"turns":7},{"damage":16,"enemies":"Writhing Mass","floor":39,"turns":9},{"damage":11,"enemies":"4 Shapes","floor":41,"turns":9},{"damage":56,"enemies":"Jaw Worm Horde","floor":44,"turns":9},{"damage":0,"enemies":"Nemesis","floor":45,"turns":11},{"damage":16,"enemies":"Maw","floor":46,"turns":10},{"damage":9,"enemies":"Time Eater","floor":50,"turns":18},{"damage":33,"enemies":"Awakened One","floor":51,"turns":22},{"damage":83,"enemies":"Shield and Spear","floor":55,"turns":5}],"seed_played":"8062812726078814765","potions_obtained":[{"floor":1,"key":"Block Potion"},{"floor":5,"key":"SteroidPotion"},{"floor":8,"key":"Block Potion"},{"floor":10,"key":"SpeedPotion"},{"floor":11,"key":"Weak Potion"}],"is_trial":false,"path_per_floor":["M","M","M","?","M","E","R","E","T","M","?","R","?","M","R","B",null,"M","$","M","?","M","R","?","E","T","R","E","?","$","$","R","B",null,"M","$","M","?","M","R","M","R","T","M","E","M","R","?","R","B","B",null,"R","$","E"],"character_chosen":"DEFECT","items_purchased":["DollysMirror","Cold Snap","Membership Card","Self Repair","Apotheosis","Reboot","Sweeping Beam","Hologram","Loop","Pantograph"],"campfire_rested":3,"item_purchase_floors":[19,19,30,30,30,30,31,36,36,54],"current_hp_per_floor":[70,70,69,58,53,28,51,32,32,31,22,22,22,24,24,17,63,61,61,61,61,63,63,63,33,33,56,54,60,60,60,60,82,84,84,84,84,49,55,55,56,81,81,47,69,75,75,75,75,84,71,81,81,81,0],"gold":64,"neow_bonus":"TEN_PERCENT_HP_BONUS","is_prod":false,"is_daily":false,"chose_seed":false,"campfire_upgraded":7,"win_rate":0,"timestamp":1557300056,"path_taken":["M","M","M","?","M","E","R","E","T","M","?","R","?","M","R","BOSS","M","$","?","?","M","R","?","E","T","R","E","?","?","$","R","BOSS","M","$","M","?","M","R","M","R","T","M","E","M","R","?","R","BOSS","BOSS","R","$","E"],"build_version":"2019-01-23","purchased_purges":3,"victory":false,"max_hp_per_floor":[78,78,78,78,78,78,78,78,78,78,78,78,78,78,78,78,78,78,78,78,78,78,78,78,78,78,78,78,84,84,84,84,84,84,84,84,84,84,84,84,84,84,84,84,84,84,84,84,84,84,84,84,84,84,84],"card_choices":[{"not_picked":["Skim","Hello World","Heatsinks"],"picked":"SKIP","floor":1},{"not_picked":["White Noise","Force Field"],"picked":"Steam","floor":2},{"not_picked":["Rip and Tear","Stack"],"picked":"Glacier","floor":3},{"not_picked":["Beam Cell","Chaos"],"picked":"Melter","floor":5},{"not_picked":["Redo","Turbo","Beam Cell"],"picked":"SKIP","floor":6},{"not_picked":["Fusion","Multi-Cast","Stack"],"picked":"SKIP","floor":8},{"not_picked":["Streamline","Rebound"],"picked":"Capacitor","floor":10},{"not_picked":["Gash","Barrage"],"picked":"Defragment","floor":14},{"not_picked":["Creative AI","Core Surge"],"picked":"Echo Form","floor":16},{"not_picked":["Leap","Storm"],"picked":"Cold Snap","floor":18},{"not_picked":["Skim+1","Reinforced Body"],"picked":"Leap+1","floor":20},{"not_picked":["Gash","Barrage"],"picked":"Go for the Eyes","floor":22},{"not_picked":["Recycle","Hello World"],"picked":"Go for the Eyes+1","floor":25},{"not_picked":["Hello World","Reprogram+1","Scrape+1"],"picked":"SKIP","floor":28},{"not_picked":["All For One","Reboot"],"picked":"Creative AI","floor":33},{"not_picked":["Beam Cell+1","Redo"],"picked":"Ball Lightning+1","floor":35},{"not_picked":["Creative AI","Barrage","Cold Snap"],"picked":"SKIP","floor":37},{"not_picked":["Turbo+1","Undo","Cold Snap+1"],"picked":"SKIP","floor":39},{"not_picked":["Thunder Strike","Chill"],"picked":"Reprogram+1","floor":41},{"not_picked":["Streamline","White Noise"],"picked":"Compile Driver","floor":44},{"not_picked":["Electrodynamics","Rebound"],"picked":"Stack","floor":45},{"not_picked":["Streamline","Turbo","Rebound"],"picked":"SKIP","floor":46}],"player_experience":1281260,"relics_obtained":[{"floor":6,"key":"Blood Vial"},{"floor":8,"key":"Bag of Preparation"},{"floor":9,"key":"Pen Nib"},{"floor":11,"key":"Odd Mushroom"},{"floor":25,"key":"Darkstone Periapt"},{"floor":26,"key":"MawBank"},{"floor":28,"key":"Juzu Bracelet"},{"floor":38,"key":"Thread and Needle"},{"floor":45,"key":"Art of War"}],"event_choices":[{"damage_healed":0,"gold_gain":75,"player_choice":"Gather Gold","damage_taken":11,"max_hp_gain":0,"max_hp_loss":0,"event_name":"World of Goop","floor":4,"gold_loss":0},{"damage_healed":0,"gold_gain":0,"player_choice":"Fought Mushrooms","damage_taken":0,"max_hp_gain":0,"max_hp_loss":0,"event_name":"Mushrooms","floor":11,"gold_loss":0},{"cards_removed":["Strike_B"],"damage_healed":0,"gold_gain":0,"player_choice":"Purged","damage_taken":0,"max_hp_gain":0,"max_hp_loss":0,"event_name":"Purifier","floor":13,"gold_loss":0},{"damage_healed":0,"gold_gain":0,"player_choice":"Ignored","damage_taken":0,"max_hp_gain":0,"max_hp_loss":0,"event_name":"The Mausoleum","floor":21,"gold_loss":0},{"damage_healed":0,"gold_gain":0,"player_choice":"Forge","damage_taken":0,"max_hp_gain":0,"max_hp_loss":0,"event_name":"Accursed Blacksmith","floor":24,"gold_loss":0,"cards_upgraded":["Capacitor"]},{"damage_healed":0,"gold_gain":275,"player_choice":"Desecrate","damage_taken":0,"max_hp_gain":0,"max_hp_loss":0,"event_name":"Golden Shrine","floor":29,"gold_loss":0,"cards_obtained":["Regret"]},{"damage_healed":0,"gold_gain":0,"player_choice":"Fight","damage_taken":0,"max_hp_gain":0,"max_hp_loss":0,"event_name":"Mysterious Sphere","floor":38,"gold_loss":0},{"cards_removed":["Strike_B"],"damage_healed":0,"gold_gain":0,"player_choice":"Offered Basic","damage_taken":0,"max_hp_gain":0,"max_hp_loss":0,"event_name":"Bonfire Elementals","floor":48,"gold_loss":0}],"is_beta":false,"boss_relics":[{"not_picked":["Pandora\u0027s Box","Black Star"],"picked":"Sozu"},{"not_picked":["Orrery","Runic Dome"],"picked":"Runic Pyramid"}],"items_purged_floors":[19,30,36],"is_endless":false,"potions_floor_spawned":[1,5,8,10,11,22,25,35,37,44,45],"killed_by":"Shield and Spear","ascension_level":20}