{"gold_per_floor":[110,110,122,74,89,89,119,119,119,138,153,178,178,195,195,292,292],"floor_reached":17,"playtime":636,"items_purged":[],"score":209,"play_id":"06d98bfe-ffe3-41ce-bcd6-94cc294c8fdd","local_time":"20190407203512","is_ascension_mode":true,"campfire_choices":[{"data":"Fire Breathing","floor":6,"key":"SMITH"},{"data":"Bash","floor":8,"key":"SMITH"},{"data":"True Grit","floor":15,"key":"SMITH"}],"neow_cost":"NONE","seed_source_timestamp":1201900933625853,"circlet_count":0,"master_deck":["Bash+1","Pommel Strike","Fire Breathing+1","Shrug It Off","Cleave","Anger","True Grit+1","Parasite","Feed","Warcry","Body Slam","Ghostly Armor","Clothesline","Entrench","Spot Weakness","Clothesline","Rage"],"relics":["Burning Blood","NeowsBlessing","Singing Bowl","Potion Belt","Ornamental Fan","Pandora\u0027s Box"],"potions_floor_usage":[12,12,16,16],"damage_taken":[{"damage":0,"enemies":"Small Slimes","floor":1,"turns":1},{"damage":0,"enemies":"Cultist","floor":3,"turns":1},{"damage":0,"enemies":"Jaw Worm","floor":5,"turns":1},{"damage":52,"enemies":"Lagavulin","floor":7,"turns":8},{"damage":8,"enemies":"2 Fungi Beasts","floor":10,"turns":4},{"damage":14,"enemies":"Red Slaver","floor":11,"turns":4},{"damage":17,"enemies":"3 Sentries","floor":12,"turns":5},{"damage":9,"enemies":"3 Louse","floor":14,"turns":3},{"damage":45,"enemies":"Slime Boss","floor":16,"turns":11}],"seed_played":"6814465532241378597","potions_obtained":[{"floor":7,"key":"Strength Potion"},{"floor":10,"key":"Explosive Potion"},{"floor":11,"key":"SkillPotion"},{"floor":12,"key":"Regen Potion"},{"floor":16,"key":"AttackPotion"}],"is_trial":false,"path_per_floor":["M","?","M","$","M","R","E","R","T","M","M","E","?","M","R","B",null],"character_chosen":"IRONCLAD","items_purchased":["Shrug It Off"],"campfire_rested":0,"item_purchase_floors":[4],"current_hp_per_floor":[80,80,80,80,80,80,36,36,36,34,26,17,38,37,37,15,15],"gold":292,"neow_bonus":"THREE_ENEMY_KILL","is_prod":false,"is_daily":false,"chose_seed":false,"campfire_upgraded":3,"win_rate":0,"timestamp":1554662112,"path_taken":["M","?","?","$","M","R","E","R","T","M","M","E","?","M","R","BOSS"],"build_version":"2019-01-23","purchased_purges":0,"victory":false,"max_hp_per_floor":[80,80,80,80,80,80,82,82,82,82,82,84,84,86,86,88,88],"card_choices":[{"not_picked":["Sentinel","Wild Strike"],"picked":"Pommel Strike","floor":1},{"not_picked":["Flex","Spot Weakness"],"picked":"Fire Breathing","floor":3},{"not_picked":["Shrug It Off","Perfected Strike"],"picked":"Cleave","floor":5},{"not_picked":["Sever Soul","Fiend Fire","Havoc"],"picked":"Singing Bowl","floor":7},{"not_picked":["Evolve","Warcry"],"picked":"Anger","floor":10},{"not_picked":["Twin Strike","Entrench"],"picked":"True Grit","floor":11},{"not_picked":["Blood for Blood","Warcry","Dropkick"],"picked":"Singing Bowl","floor":12},{"not_picked":["True Grit","Infernal Blade","Sword Boomerang"],"picked":"Singing Bowl","floor":14},{"not_picked":["Dark Embrace","Bludgeon","Feed"],"picked":"Singing Bowl","floor":16}],"player_experience":442545,"relics_obtained":[{"floor":7,"key":"Singing Bowl"},{"floor":9,"key":"Potion Belt"},{"floor":12,"key":"Ornamental Fan"}],"event_choices":[{"damage_healed":0,"gold_gain":0,"player_choice":"Bought 0 Potions","damage_taken":0,"max_hp_gain":0,"max_hp_loss":0,"event_name":"The Woman in Blue","floor":2,"gold_loss":0},{"damage_healed":21,"gold_gain":0,"player_choice":"Healed and dodged fight","damage_taken":0,"max_hp_gain":0,"max_hp_loss":0,"event_name":"Mushrooms","floor":13,"gold_loss":0,"cards_obtained":["Parasite"]}],"is_beta":false,"boss_relics":[{"not_picked":["Philosopher\u0027s Stone","Busted Crown"],"picked":"Pandora\u0027s Box"}],"items_purged_floors":[],"is_endless":false,"potions_floor_spawned":[7,10,11,12,16],"ascension_level":5}