{"gold_per_floor":[115,115,115,140,164,124,124,158,170,182,159,9,43,63,63,158,158,183,183,183,41,67,88,88,104,155,155,24,24,44,85,85,183,183,196,211,227,10,28,28,59,59,59,0,39,39,39,54,54,54,54],"floor_reached":51,"playtime":3196,"items_purged":["Strike_G"],"score":1412,"play_id":"dd30b810-a08e-47e3-a22f-b0c8654a1a80","local_time":"20190507170701","is_ascension_mode":true,"campfire_choices":[{"data":"Dagger Spray","floor":7,"key":"SMITH"},{"floor":10,"key":"REST"},{"data":"Bouncing Flask","floor":15,"key":"SMITH"},{"floor":24,"key":"REST"},{"data":"Well Laid Plans","floor":27,"key":"SMITH"},{"data":"Noxious Fumes","floor":29,"key":"SMITH"},{"data":"Backflip","floor":32,"key":"SMITH"},{"data":"Catalyst","floor":40,"key":"SMITH"},{"floor":42,"key":"REST"},{"floor":46,"key":"RECALL"},{"floor":49,"key":"REST"}],"neow_cost":"NONE","seed_source_timestamp":109254454801400,"circlet_count":0,"master_deck":["AscendersBane","Defend_G","Defend_G+1","Defend_G","Defend_G+1","Defend_G+1","Strike_G","Strike_G","Strike_G","Strike_G","Survivor","Neutralize+1","Dagger Throw","Dodge and Roll","Dagger Spray+1","Adrenaline","Flying Knee","Well Laid Plans+1","Bouncing Flask+1","Malaise","Sucker Punch","Backflip+1","Noxious Fumes+1","Prepared+1","Dodge and Roll","Backflip","Blur","After Image","Deflect","Catalyst+1","Malaise","Venomology","Panacea"],"special_seed":0,"relics":["Ring of the Snake","Golden Idol","MawBank","Ornamental Fan","Oddly Smooth Stone","Matryoshka","Busted Crown","War Paint","Lantern","Snake Skull","Anchor","Boot","Black Star","DollysMirror","Orichalcum","Potion Belt","Red Mask","Kunai","Gambling Chip"],"potions_floor_usage":[5,8,19,31,33,35,37,45,45,48,51,51],"damage_taken":[{"damage":8.0,"enemies":"Jaw Worm","floor":1.0,"turns":7.0},{"damage":0.0,"enemies":"2 Louse","floor":4.0,"turns":2.0},{"damage":1,"enemies":"Small Slimes","floor":5,"turns":4},{"damage":0,"enemies":"Looter","floor":6,"turns":4},{"damage":23,"enemies":"Lagavulin","floor":8,"turns":7},{"damage":10,"enemies":"3 Sentries","floor":13,"turns":7},{"damage":0,"enemies":"2 Fungi Beasts","floor":14,"turns":2},{"damage":21,"enemies":"Hexaghost","floor":16,"turns":9},{"damage":2,"enemies":"Shell Parasite","floor":18,"turns":6},{"damage":22,"enemies":"Colosseum Slavers","floor":19,"turns":8},{"damage":11,"enemies":"2 Thieves","floor":23,"turns":4},{"damage":1,"enemies":"Snake Plant","floor":25,"turns":5},{"damage":0,"enemies":"Snecko","floor":30,"turns":5},{"damage":0,"enemies":"Book of Stabbing","floor":31,"turns":5},{"damage":16,"enemies":"Champ","floor":33,"turns":15},{"damage":0,"enemies":"3 Shapes","floor":35,"turns":6},{"damage":0,"enemies":"Orb Walker","floor":36,"turns":4},{"damage":8,"enemies":"4 Shapes","floor":37,"turns":6},{"damage":0,"enemies":"Spire Growth","floor":39,"turns":8},{"damage":21,"enemies":"Nemesis","floor":41,"turns":7},{"damage":34,"enemies":"Reptomancer","floor":45,"turns":8},{"damage":0,"enemies":"Writhing Mass","floor":48,"turns":5},{"damage":19,"enemies":"Donu and Deca","floor":50,"turns":13},{"damage":32,"enemies":"Awakened One","floor":51,"turns":4}],"seed_played":"-893901777094087905","potions_obtained":[{"floor":0.0,"key":"Fire Potion"},{"floor":0.0,"key":"SkillPotion"},{"floor":5,"key":"Fruit Juice"},{"floor":14,"key":"Swift Potion"},{"floor":25,"key":"GamblersBrew"},{"floor":31,"key":"FearPotion"},{"floor":33,"key":"GhostInAJar"},{"floor":35,"key":"Swift Potion"},{"floor":37,"key":"SpeedPotion"},{"floor":41,"key":"Regen Potion"},{"floor":48,"key":"Explosive Potion"}],"is_trial":false,"path_per_floor":["M","?","?","M","M","M","R","E","T","R","?","$","E","M","R","B",null,"M","?","?","$","T","M","R","M","T","R","$","R","M","E","R","B",null,"M","M","M","$","M","R","E","R","T","?","E","R","?","M","R","B","B"],"character_chosen":"THE_SILENT","items_purchased":["Oddly Smooth Stone","Backflip","Noxious Fumes","Backflip","DollysMirror"],"campfire_rested":4,"item_purchase_floors":[12,21,21,28,38],"current_hp_per_floor":[51,51,33,33,37,37,37,14,14,33,49,49,39,39,39,18,53,51,29,29,29,29,18,37,36,36,36,36,36,36,36,36,20,54,54,54,46,46,46,46,25,44,44,44,25,25,25,25,44,25,0],"gold":54,"neow_bonus":"THREE_SMALL_POTIONS","is_prod":false,"is_daily":false,"chose_seed":false,"campfire_upgraded":6,"win_rate":0,"timestamp":1557216421,"path_taken":["M","?","?","M","M","M","R","E","T","R","?","$","E","M","R","BOSS","M","?","?","$","?","?","R","M","T","R","$","R","M","E","R","BOSS","M","M","M","$","M","R","E","R","T","?","E","R","?","M","R","BOSS","BOSS"],"build_version":"2019-01-23","purchased_purges":1,"victory":false,"max_hp_per_floor":[66,60,60,60,65,65,65,65,65,65,65,65,65,65,65,65,65,65,65,65,65,65,65,65,65,65,65,65,65,65,65,65,65,65,65,65,65,65,65,65,65,65,65,65,65,65,65,65,65,65,65],"card_choices":[{"not_picked":["Prepared","Blur"],"picked":"Dagger Throw","floor":1.0},{"not_picked":["Outmaneuver","Sucker Punch"],"picked":"Dodge and Roll","floor":4.0},{"not_picked":["Deadly Poison","PiercingWail"],"picked":"Dagger Spray","floor":5},{"not_picked":["PiercingWail","Concentrate"],"picked":"Adrenaline","floor":6},{"not_picked":["Slice","Expertise"],"picked":"Flying Knee","floor":8},{"not_picked":["A Thousand Cuts","PiercingWail"],"picked":"Well Laid Plans","floor":13},{"not_picked":["Poisoned Stab","Acrobatics"],"picked":"Bouncing Flask","floor":14},{"not_picked":["Burst","Wraith Form v2"],"picked":"Malaise","floor":16},{"not_picked":[],"picked":"Sucker Punch","floor":18},{"not_picked":[],"picked":"Prepared+1","floor":23},{"not_picked":[],"picked":"Dodge and Roll","floor":25},{"not_picked":[],"picked":"Blur","floor":30},{"not_picked":["Grand Finale"],"picked":"SKIP","floor":31},{"not_picked":[],"picked":"After Image","floor":33},{"not_picked":[],"picked":"Deflect","floor":35},{"not_picked":["Underhanded Strike"],"picked":"SKIP","floor":36},{"not_picked":[],"picked":"Catalyst","floor":37},{"not_picked":["Backstab+1"],"picked":"SKIP","floor":39},{"not_picked":["Masterful Stab+1"],"picked":"SKIP","floor":41},{"not_picked":[],"picked":"Venomology","floor":45},{"not_picked":[],"picked":"Panacea","floor":47},{"not_picked":["Expertise"],"picked":"SKIP","floor":48}],"player_experience":1262320,"relics_obtained":[{"floor":8,"key":"MawBank"},{"floor":9,"key":"Ornamental Fan"},{"floor":13,"key":"Matryoshka"},{"floor":22,"key":"War Paint"},{"floor":22,"key":"Lantern"},{"floor":26,"key":"Snake Skull"},{"floor":26,"key":"Anchor"},{"floor":31,"key":"Boot"},{"floor":41,"key":"Orichalcum"},{"floor":41,"key":"Potion Belt"},{"floor":45,"key":"Kunai"},{"floor":45,"key":"Gambling Chip"}],"event_choices":[{"damage_healed":0.0,"max_hp_gain":0.0,"max_hp_loss":6.0,"gold_gain":0.0,"event_name":"Golden Idol","player_choice":"Lose Max HP","floor":2.0,"gold_loss":0.0,"damage_taken":0.0,"relics_obtained":["Golden Idol"]},{"damage_healed":0.0,"max_hp_gain":0.0,"max_hp_loss":0.0,"gold_gain":0.0,"event_name":"Shining Light","player_choice":"Entered Light","floor":3.0,"gold_loss":0.0,"damage_taken":18.0,"cards_upgraded":["Defend_G","Neutralize"]},{"damage_healed":16,"gold_gain":0,"player_choice":"Healed","damage_taken":0,"max_hp_gain":0,"max_hp_loss":0,"event_name":"The Cleric","floor":11,"gold_loss":35},{"damage_healed":0,"gold_gain":0,"player_choice":"Fight","damage_taken":0,"max_hp_gain":0,"max_hp_loss":0,"event_name":"Colosseum","floor":19,"gold_loss":0},{"damage_healed":0,"gold_gain":0,"player_choice":"Fled From Nobs","damage_taken":0,"max_hp_gain":0,"max_hp_loss":0,"event_name":"Colosseum","floor":19,"gold_loss":0},{"damage_healed":0,"gold_gain":0,"player_choice":"Ignored","damage_taken":0,"max_hp_gain":0,"max_hp_loss":0,"event_name":"Cursed Tome","floor":20,"gold_loss":0},{"damage_healed":0,"gold_gain":0,"player_choice":"Paid","damage_taken":0,"relics_obtained":["Red Mask"],"max_hp_gain":0,"max_hp_loss":0,"event_name":"Tomb of Lord Red Mask","floor":44,"gold_loss":59},{"damage_healed":0,"gold_gain":0,"player_choice":"Memory 1","damage_taken":0,"max_hp_gain":0,"max_hp_loss":0,"event_name":"SensoryStone","floor":47,"gold_loss":0}],"is_beta":false,"boss_relics":[{"not_picked":["WristBlade","Lizard Tail"],"picked":"Busted Crown"},{"not_picked":["Coffee Dripper","Calling Bell"],"picked":"Black Star"}],"items_purged_floors":[28],"is_endless":false,"potions_floor_spawned":[1,5,14,25,31,33,35,37,41,48],"killed_by":"Awakened One","ascension_level":20}