{"gold_per_floor":[14,26,26,26,26,26,60,77,149,166,179,179,199,233,233,307,307,320,595,60,10,25,25,36,36,36,36,36,63,86,98,110,200,212,238,270,282,340,372,384,425,437,449,303,331,342,370,382,382,382,382],"floor_reached":52,"playtime":3978,"items_purged":["Regret","Strike_B"],"score":1915,"play_id":"ad9a2375-6202-4c02-b849-e4597bde9df0","local_time":"20190406202224","is_ascension_mode":true,"campfire_choices":[{"data":"Zap","floor":6,"key":"SMITH"},{"floor":12,"key":"REST"},{"floor":15,"key":"REST"},{"data":"Fission","floor":23,"key":"SMITH"},{"data":"Hologram","floor":25,"key":"SMITH"},{"data":"Consume","floor":27,"key":"SMITH"},{"data":"Defragment","floor":32,"key":"SMITH"},{"floor":40,"key":"RECALL"},{"floor":42,"key":"REST"},{"data":"Fission","floor":49,"key":"SMITH"}],"neow_cost":"NO_GOLD","seed_source_timestamp":730382481232308,"circlet_count":0,"master_deck":["AscendersBane","Strike_B","Strike_B","Defend_B","Defend_B","Defend_B","Defend_B","Zap+1","Dualcast","Steam","Cold Snap","Consume+1","Coolheaded","Glacier","Sweeping Beam","Rebound","Electrodynamics","Fission+1","Ball Lightning","Apotheosis","Hologram+1","Ball Lightning","Glacier","Defragment+1","Capacitor","Fission+1","Self Repair","Sunder+1","Ball Lightning"],"relics":["Cracked Core","Pocketwatch","Happy Flower","Letter Opener","Cables","Snecko Eye","Art of War","Ancient Tea Set","MawBank","Cursed Key","Nunchaku","Bag of Preparation","Girya","Symbiotic Virus"],"potions_floor_usage":[33,38,41,50,51],"damage_taken":[{"damage":11,"enemies":"Small Slimes","floor":1,"turns":3},{"damage":1,"enemies":"Cultist","floor":2,"turns":3},{"damage":18,"enemies":"3 Sentries","floor":7,"turns":9},{"damage":0,"enemies":"Jaw Worm","floor":8,"turns":3},{"damage":6,"enemies":"Exordium Thugs","floor":10,"turns":5},{"damage":0,"enemies":"Red Slaver","floor":11,"turns":4},{"damage":1,"enemies":"2 Fungi Beasts","floor":13,"turns":3},{"damage":30,"enemies":"Gremlin Nob","floor":14,"turns":5},{"damage":20,"enemies":"Slime Boss","floor":16,"turns":12},{"damage":0,"enemies":"Chosen","floor":18,"turns":7},{"damage":0,"enemies":"Shell Parasite","floor":22,"turns":2},{"damage":0,"enemies":"Sentry and Sphere","floor":24,"turns":5},{"damage":5,"enemies":"Book of Stabbing","floor":29,"turns":6},{"damage":0,"enemies":"Cultist and Chosen","floor":30,"turns":4},{"damage":3,"enemies":"Automaton","floor":33,"turns":13},{"damage":6,"enemies":"Orb Walker","floor":35,"turns":4},{"damage":0,"enemies":"3 Darklings","floor":36,"turns":5},{"damage":12,"enemies":"2 Orb Walkers","floor":38,"turns":4},{"damage":0,"enemies":"Sphere and 2 Shapes","floor":39,"turns":5},{"damage":28,"enemies":"Reptomancer","floor":41,"turns":7},{"damage":8,"enemies":"Giant Head","floor":45,"turns":8},{"damage":28,"enemies":"Maw","floor":46,"turns":8},{"damage":0,"enemies":"Reptomancer","floor":47,"turns":5},{"damage":0,"enemies":"Transient","floor":48,"turns":6},{"damage":28,"enemies":"Awakened One","floor":50,"turns":17},{"damage":27,"enemies":"Time Eater","floor":51,"turns":13}],"seed_played":"1662727227045080127","potions_obtained":[{"floor":8,"key":"Swift Potion"},{"floor":10,"key":"GamblersBrew"},{"floor":11,"key":"Dexterity Potion"},{"floor":24,"key":"SkillPotion"},{"floor":33,"key":"GamblersBrew"},{"floor":35,"key":"SkillPotion"},{"floor":39,"key":"SpeedPotion"},{"floor":41,"key":"Strength Potion"},{"floor":46,"key":"LiquidBronze"}],"is_trial":false,"path_per_floor":["M","M","?","$","?","R","E","M","T","M","M","R","M","E","R","B",null,"M","?","$","$","M","R","M","R","T","R","$","E","M","?","R","B",null,"M","M","?","?","M","R","E","R","T","$","E","M","E","M","R","B","B",null],"character_chosen":"DEFECT","items_purchased":["Ball Lightning","Apotheosis","Art of War","AttackPotion","Hologram","Ball Lightning"],"campfire_rested":3,"item_purchase_floors":[20,20,20,20,21,44],"current_hp_per_floor":[53,52,52,52,52,52,34,34,34,28,28,49,48,18,39,19,58,58,58,58,58,58,58,58,58,58,58,58,53,53,53,53,50,66,60,60,60,58,65,65,44,64,64,64,66,45,55,65,65,47,20],"gold":382,"neow_bonus":"ONE_RARE_RELIC","is_prod":false,"is_daily":false,"chose_seed":false,"campfire_upgraded":6,"win_rate":0,"timestamp":1554549744,"path_taken":["M","M","?","$","?","R","E","?","T","M","M","R","M","E","R","BOSS","M","?","?","$","M","R","M","R","T","R","$","E","?","?","R","BOSS","M","M","?","?","M","R","E","R","T","?","E","M","E","M","R","BOSS","BOSS"],"build_version":"2019-01-23","purchased_purges":2,"victory":true,"max_hp_per_floor":[71,71,71,71,71,71,71,71,71,71,71,71,71,71,71,71,71,71,71,71,71,71,71,71,71,71,71,71,71,71,71,71,71,71,71,71,67,67,67,67,67,67,67,67,67,67,67,67,67,67,67],"card_choices":[{"not_picked":["Rebound","Beam Cell"],"picked":"Steam","floor":1},{"not_picked":["Conserve Battery","Heatsinks"],"picked":"Cold Snap","floor":2},{"not_picked":["Chaos","Gash"],"picked":"Consume","floor":7},{"not_picked":["Auto Shields","Barrage"],"picked":"Coolheaded","floor":8},{"not_picked":["Gash","Rebound"],"picked":"Glacier","floor":10},{"not_picked":["Compile Driver","Creative AI"],"picked":"Sweeping Beam","floor":11},{"not_picked":["Blizzard","Redo"],"picked":"Rebound","floor":13},{"not_picked":["Hologram","Ball Lightning"],"picked":"Electrodynamics","floor":14},{"not_picked":["Reboot","Amplify"],"picked":"Fission","floor":16},{"not_picked":["Auto Shields","Coolheaded","Compile Driver"],"picked":"SKIP","floor":18},{"not_picked":["Melter+1","Sweeping Beam"],"picked":"Ball Lightning","floor":22},{"not_picked":["Steam Power","Gash"],"picked":"Glacier","floor":24},{"not_picked":["Barrage","Rebound"],"picked":"Defragment","floor":29},{"not_picked":["Melter","Skim"],"picked":"Capacitor","floor":30},{"not_picked":["Buffer","Thunder Strike"],"picked":"Fission","floor":33},{"not_picked":["Chill+1","Coolheaded"],"picked":"Self Repair","floor":35},{"not_picked":["BootSequence","Turbo","Heatsinks"],"picked":"SKIP","floor":36},{"not_picked":["Rip and Tear","Compile Driver"],"picked":"Sunder+1","floor":38},{"not_picked":["Recycle+1","Glacier","Scrape+1"],"picked":"SKIP","floor":39},{"not_picked":["Creative AI","Beam Cell","Compile Driver"],"picked":"SKIP","floor":41},{"not_picked":["Hologram","Rebound","Storm"],"picked":"SKIP","floor":45},{"not_picked":["Cold Snap+1","Steam Power","Rebound"],"picked":"SKIP","floor":46},{"not_picked":["Hologram","Loop","Gash"],"picked":"SKIP","floor":47},{"not_picked":["Ball Lightning","Sweeping Beam","Static Discharge"],"picked":"SKIP","floor":48}],"player_experience":845541,"relics_obtained":[{"floor":7,"key":"Happy Flower"},{"floor":9,"key":"Letter Opener"},{"floor":14,"key":"Cables"},{"floor":26,"key":"Ancient Tea Set"},{"floor":29,"key":"MawBank"},{"floor":38,"key":"Nunchaku"},{"floor":41,"key":"Bag of Preparation"},{"floor":45,"key":"Girya"},{"floor":47,"key":"Symbiotic Virus"}],"event_choices":[{"damage_healed":0,"gold_gain":0,"player_choice":"Leave","damage_taken":0,"max_hp_gain":0,"max_hp_loss":0,"event_name":"The Cleric","floor":3,"gold_loss":0},{"cards_removed":["Strike_B"],"damage_healed":0,"gold_gain":0,"player_choice":"Offered Basic","damage_taken":0,"max_hp_gain":0,"max_hp_loss":0,"event_name":"Bonfire Elementals","floor":5,"gold_loss":0},{"damage_healed":0,"gold_gain":275,"player_choice":"Desecrate","damage_taken":0,"max_hp_gain":0,"max_hp_loss":0,"event_name":"Golden Shrine","floor":19,"gold_loss":0,"cards_obtained":["Regret"]},{"damage_healed":0,"gold_gain":0,"player_choice":"Ignored","damage_taken":0,"max_hp_gain":0,"max_hp_loss":0,"event_name":"The Mausoleum","floor":31,"gold_loss":0},{"damage_healed":0,"gold_gain":0,"player_choice":"Max HP","damage_taken":0,"max_hp_gain":0,"max_hp_loss":4,"event_name":"Winding Halls","floor":37,"gold_loss":0},{"damage_healed":0,"gold_gain":0,"player_choice":"Fight","damage_taken":0,"max_hp_gain":0,"max_hp_loss":0,"event_name":"Mysterious Sphere","floor":38,"gold_loss":0}],"is_beta":false,"boss_relics":[{"not_picked":["Black Star","Velvet Choker"],"picked":"Snecko Eye"},{"not_picked":["Empty Cage","Fusion Hammer"],"picked":"Cursed Key"}],"items_purged_floors":[20,44],"is_endless":false,"potions_floor_spawned":[8,10,11,16,24,33,35,39,41,46],"ascension_level":20}