{"gold_per_floor":[117,117,137,137,148,148,165,165,191,191,208,234,234,267,267,341,341,358,358,358,358,358,358,388,388,388,34,34,34],"floor_reached":29,"playtime":1415,"items_purged":[],"score":494,"play_id":"5a49a5bb-fdb5-4362-a7ef-079348bc79b3","local_time":"20190422234704","is_ascension_mode":true,"campfire_choices":[{"data":"Zap","floor":6,"key":"SMITH"},{"data":"Creative AI","floor":10,"key":"SMITH"},{"floor":13,"key":"REST"},{"data":"Defragment","floor":15,"key":"SMITH"},{"data":"Reinforced Body","floor":23,"key":"SMITH"},{"data":"Sunder","floor":28,"key":"SMITH"}],"neow_cost":"TEN_PERCENT_HP_LOSS","seed_source_timestamp":314179459445035,"circlet_count":0,"master_deck":["AscendersBane","Strike_B+1","Strike_B+1","Strike_B+1","Defend_B+1","Defend_B+1","Defend_B+1","Defend_B+1","Zap+1","Dualcast","Creative AI+1","Double Energy","Conserve Battery","Reinforced Body+1","Sunder+1","Defragment+1","Electrodynamics","Auto Shields","RitualDagger","Compile Driver","Cold Snap","Undo"],"relics":["Cracked Core","Happy Flower","Omamori","Anchor","Inserter","Gremlin Horn","Potion Belt","Strawberry"],"potions_floor_usage":[12,14,14,16,16,24],"damage_taken":[{"damage":2,"enemies":"Jaw Worm","floor":1,"turns":4},{"damage":7,"enemies":"Cultist","floor":3,"turns":4},{"damage":0,"enemies":"2 Louse","floor":5,"turns":3},{"damage":8,"enemies":"Large Slime","floor":7,"turns":7},{"damage":1,"enemies":"2 Fungi Beasts","floor":11,"turns":4},{"damage":10,"enemies":"3 Sentries","floor":12,"turns":7},{"damage":20,"enemies":"Gremlin Nob","floor":14,"turns":4},{"damage":12,"enemies":"The Guardian","floor":16,"turns":8},{"damage":7,"enemies":"3 Byrds","floor":18,"turns":4},{"damage":25,"enemies":"Slavers","floor":24,"turns":5},{"damage":25,"enemies":"Spheric Guardian","floor":29,"turns":3}],"seed_played":"5203182678951055640","potions_obtained":[{"floor":1,"key":"SteroidPotion"},{"floor":5,"key":"AttackPotion"},{"floor":11,"key":"Block Potion"},{"floor":12,"key":"Swift Potion"},{"floor":14,"key":"EntropicBrew"}],"is_trial":false,"path_per_floor":["M","?","M","?","M","R","M","?","T","R","M","E","R","E","R","B",null,"M","?","?","?","T","R","E","?","T","$","R","M"],"character_chosen":"DEFECT","items_purchased":["Dexterity Potion","Undo","Strawberry","Strength Potion"],"campfire_rested":1,"item_purchase_floors":[27,27,27,27],"current_hp_per_floor":[62,62,55,48,48,48,40,40,40,40,39,29,48,28,28,16,52,45,39,39,39,39,39,14,14,14,21,21,0],"gold":34,"neow_bonus":"THREE_RARE_CARDS","is_prod":false,"is_daily":false,"chose_seed":false,"campfire_upgraded":5,"win_rate":0,"timestamp":1555944424,"path_taken":["M","?","?","?","M","R","M","?","T","R","M","E","R","E","R","BOSS","M","?","?","?","?","R","E","?","T","$","R","M"],"build_version":"2019-01-23","purchased_purges":0,"victory":false,"max_hp_per_floor":[64,64,64,64,64,64,64,64,64,64,64,64,64,64,64,64,64,64,64,64,64,64,64,64,64,64,71,71,71],"card_choices":[{"not_picked":["Rainbow","Machine Learning"],"picked":"Creative AI","floor":0},{"not_picked":["Chill","Reprogram"],"picked":"Double Energy","floor":1},{"not_picked":["Beam Cell","Stack"],"picked":"Conserve Battery","floor":3},{"not_picked":["Scrape","Stack"],"picked":"Reinforced Body","floor":5},{"not_picked":["Go for the Eyes","Leap","Rebound"],"picked":"SKIP","floor":7},{"not_picked":["Conserve Battery","Steam Power"],"picked":"Sunder","floor":11},{"not_picked":["Gash","Heatsinks","Steam"],"picked":"SKIP","floor":12},{"not_picked":["Self Repair","Ball Lightning"],"picked":"Defragment","floor":14},{"not_picked":["Machine Learning","Fission"],"picked":"Electrodynamics","floor":16},{"not_picked":["Darkness+1","Gash"],"picked":"Auto Shields","floor":18},{"not_picked":["Go for the Eyes","Double Energy"],"picked":"Compile Driver","floor":24}],"player_experience":1053106,"relics_obtained":[{"floor":9,"key":"Happy Flower"},{"floor":12,"key":"Omamori"},{"floor":14,"key":"Anchor"},{"floor":22,"key":"Gremlin Horn"},{"floor":24,"key":"Potion Belt"}],"event_choices":[{"damage_healed":0,"gold_gain":0,"player_choice":"0 cards matched","damage_taken":0,"max_hp_gain":0,"max_hp_loss":0,"event_name":"Match and Keep!","floor":2,"gold_loss":0,"cards_obtained":[]},{"cards_removed":["Strike_B"],"damage_healed":0,"gold_gain":0,"player_choice":"Card Removal","damage_taken":7,"max_hp_gain":0,"max_hp_loss":0,"event_name":"Golden Wing","floor":4,"gold_loss":0},{"damage_healed":0,"gold_gain":0,"player_choice":"Ignored","damage_taken":0,"max_hp_gain":0,"max_hp_loss":0,"event_name":"Liars Game","floor":8,"gold_loss":0},{"damage_healed":0,"gold_gain":0,"player_choice":"Joined the Cult","damage_taken":6,"max_hp_gain":0,"max_hp_loss":0,"event_name":"Nest","floor":19,"gold_loss":0,"cards_obtained":["RitualDagger"]},{"damage_healed":0,"gold_gain":0,"player_choice":"Ignored","damage_taken":0,"max_hp_gain":0,"max_hp_loss":0,"event_name":"Cursed Tome","floor":20,"gold_loss":0},{"damage_healed":0,"gold_gain":0,"player_choice":"Simplicity","damage_taken":0,"max_hp_gain":0,"max_hp_loss":0,"event_name":"Back to Basics","floor":21,"gold_loss":0,"cards_upgraded":["Strike_B","Strike_B","Strike_B","Defend_B","Defend_B","Defend_B","Defend_B"]},{"damage_healed":0,"gold_gain":0,"player_choice":"Read","damage_taken":0,"max_hp_gain":0,"max_hp_loss":0,"event_name":"The Library","floor":25,"gold_loss":0,"cards_obtained":["Cold Snap"]}],"is_beta":false,"boss_relics":[{"not_picked":["FrozenCore","Runic Dome"],"picked":"Inserter"}],"items_purged_floors":[],"is_endless":false,"potions_floor_spawned":[1,5,11,12,14],"killed_by":"Spheric Guardian","ascension_level":20}