{"gold_per_floor":[115,115,115,115,165,165,165,194,218,218,237,255,266,277,277,372,372,386,421,346,68,68,95,95,126,152,152,152,152,180,196,196,292,292,311,311,533,545,591,604,638,658,658,505,515,26,26,41,41,41],"floor_reached":50,"playtime":3961,"items_purged":["Strike_G","Clumsy","Defend_G"],"score":658,"play_id":"dcf8950e-c298-46d7-a988-1d9010e79bc6","local_time":"20190503203622","is_ascension_mode":true,"campfire_choices":[{"data":"Survivor","floor":6.0,"key":"SMITH"},{"data":"Flying Knee","floor":10.0,"key":"SMITH"},{"data":"Strike_G","floor":15.0,"key":"SMITH"},{"data":"After Image","floor":24.0,"key":"SMITH"},{"floor":27.0,"key":"REST"},{"floor":29.0,"key":"RECALL"},{"floor":32.0,"key":"REST"},{"data":"Envenom","floor":47,"key":"SMITH"},{"data":"Caltrops","floor":49,"key":"SMITH"}],"neow_cost":"NONE","seed_source_timestamp":0,"circlet_count":0,"master_deck":["Defend_G+1","Defend_G+1","Defend_G","Strike_G+1","Strike_G+1","Strike_G+1","Survivor+1","Neutralize+1","Flying Knee+1","Adrenaline+1","Setup+1","PiercingWail+1","Cloak And Dagger+1","After Image+1","Blade Dance+1","Deadly Poison+1","Cloak And Dagger+1","Acrobatics+1","Backflip+1","Blade Dance+1","Burst+1","Deflect+1","Poisoned Stab+1","Backstab+1","Caltrops+1","Envenom+1","Prepared+1","Outmaneuver+1","Backflip+1","Blade Dance+1","Dark Shackles+1","Endless Agony+1","Underhanded Strike+1"],"special_seed":0,"relics":["Ring of the Snake","NeowsBlessing","Blood Vial","Toxic Egg 2","War Paint","Whetstone","Philosopher\u0027s Stone","Red Mask","Oddly Smooth Stone","Ancient Tea Set","Snake Skull","Molten Egg 2","Anchor","Unceasing Top","Cursed Key","Tough Bandages","Dodecahedron","Vajra"],"potions_floor_usage":[38,50,50],"damage_taken":[{"damage":0.0,"enemies":"Jaw Worm","floor":1.0,"turns":1.0},{"damage":0.0,"enemies":"2 Louse","floor":3.0,"turns":1.0},{"damage":0.0,"enemies":"Lagavulin","floor":8.0,"turns":1.0},{"damage":0.0,"enemies":"Small Slimes","floor":11.0,"turns":2.0},{"damage":0.0,"enemies":"Looter","floor":12.0,"turns":3.0},{"damage":0.0,"enemies":"3 Louse","floor":13.0,"turns":4.0},{"damage":0.0,"enemies":"Exordium Wildlife","floor":14.0,"turns":3.0},{"damage":36.0,"enemies":"The Guardian","floor":16.0,"turns":19.0},{"damage":0.0,"enemies":"Shell Parasite","floor":18.0,"turns":6.0},{"damage":2.0,"enemies":"Masked Bandits","floor":19.0,"turns":7.0},{"damage":3.0,"enemies":"Slavers","floor":23.0,"turns":6.0},{"damage":28.0,"enemies":"Gremlin Leader","floor":25.0,"turns":9.0},{"damage":13.0,"enemies":"Slavers","floor":30.0,"turns":6.0},{"damage":0.0,"enemies":"2 Thieves","floor":31.0,"turns":4.0},{"damage":25.0,"enemies":"Champ","floor":33.0,"turns":14.0},{"damage":0,"enemies":"Orb Walker","floor":35,"turns":3},{"damage":0,"enemies":"3 Shapes","floor":38,"turns":5},{"damage":10,"enemies":"2 Orb Walkers","floor":39,"turns":6},{"damage":0,"enemies":"3 Darklings","floor":40,"turns":6},{"damage":0,"enemies":"Reptomancer","floor":41,"turns":6},{"damage":0,"enemies":"Spire Growth","floor":42,"turns":3},{"damage":0,"enemies":"Maw","floor":45,"turns":5},{"damage":0,"enemies":"Jaw Worm Horde","floor":48,"turns":2},{"damage":80,"enemies":"Time Eater","floor":50,"turns":8}],"seed_played":"-8524040440088797644","potions_obtained":[{"floor":1.0,"key":"Explosive Potion"},{"floor":12.0,"key":"SpeedPotion"},{"floor":13.0,"key":"Weak Potion"},{"floor":16.0,"key":"Fire Potion"},{"floor":23.0,"key":"Energy Potion"},{"floor":25.0,"key":"Regen Potion"},{"floor":35,"key":"Fruit Juice"},{"floor":40,"key":"Poison Potion"},{"floor":45,"key":"LiquidBronze"},{"floor":48,"key":"Explosive Potion"}],"is_trial":false,"path_per_floor":["M","?","M","?","T","R","?","E","T","R","M","M","M","M","R","B",null,"M","?","?","$","?","E","R","E","T","R","?","R","E","M","R","B",null,"M","?","?","M","?","M","E","M","T","$","M","$","R","M","R","B"],"character_chosen":"THE_SILENT","items_purchased":["Oddly Smooth Stone","Cloak And Dagger+1","Outmaneuver+1","Vajra","Blade Dance+1","Dark Shackles+1","Endless Agony+1"],"campfire_rested":2,"item_purchase_floors":[21,21,44,46,46,46,46],"current_hp_per_floor":[70,63,63,63,63,63,51,53,53,53,55,57,59,61,61,27,70,70,68,68,68,68,67,67,41,41,62,49,49,53,55,75,50,75,75,75,75,80,70,72,74,76,76,76,78,78,78,80,80,0],"gold":41,"neow_bonus":"THREE_ENEMY_KILL","is_prod":false,"is_daily":false,"chose_seed":false,"campfire_upgraded":6,"win_rate":0,"timestamp":1556886982,"path_taken":["M","?","M","?","?","R","?","E","T","R","M","M","M","M","R","BOSS","M","?","?","$","?","E","R","E","T","R","?","R","E","?","R","BOSS","M","?","?","M","?","M","E","M","T","$","M","$","R","M","R","BOSS"],"build_version":"2019-01-23","purchased_purges":3,"victory":false,"max_hp_per_floor":[70,70,70,70,70,70,70,70,70,70,70,70,70,70,70,70,70,70,70,70,70,70,70,70,70,70,70,75,75,75,75,75,75,75,75,75,75,80,80,80,80,80,80,80,80,80,80,80,80,80],"card_choices":[{"not_picked":["Setup","Poisoned Stab"],"picked":"Flying Knee","floor":1.0},{"not_picked":["Dodge and Roll","Deadly Poison","Flying Knee"],"picked":"SKIP","floor":3.0},{"not_picked":["Flying Knee","Finisher"],"picked":"Adrenaline+1","floor":8.0},{"not_picked":["Poisoned Stab","Terror+1","Flechettes"],"picked":"SKIP","floor":11.0},{"not_picked":["Eviscerate","Crippling Poison+1"],"picked":"Setup+1","floor":12.0},{"not_picked":["Flying Knee","Dagger Spray"],"picked":"PiercingWail+1","floor":13.0},{"not_picked":["Outmaneuver+1","PiercingWail+1"],"picked":"Cloak And Dagger+1","floor":14.0},{"not_picked":["Malaise+1","Phantasmal Killer+1"],"picked":"After Image","floor":16.0},{"not_picked":["Dodge and Roll+1","Deflect+1"],"picked":"Blade Dance+1","floor":18.0},{"not_picked":["Backflip+1","Flechettes+1"],"picked":"Deadly Poison+1","floor":19.0},{"not_picked":["PiercingWail+1","Finisher"],"picked":"Acrobatics+1","floor":23.0},{"not_picked":["Poisoned Stab","Dagger Throw"],"picked":"Backflip+1","floor":25.0},{"not_picked":["Dash+1","Deadly Poison+1"],"picked":"Cloak And Dagger+1","floor":30.0},{"not_picked":["Quick Slash+1","Wraith Form v2"],"picked":"Blade Dance+1","floor":31.0},{"not_picked":["Tools of the Trade","After Image"],"picked":"Burst+1","floor":33.0},{"not_picked":["Tactician+1","Dagger Spray+1"],"picked":"Deflect+1","floor":35},{"not_picked":["Quick Slash+1","Leg Sweep+1"],"picked":"Poisoned Stab+1","floor":38},{"not_picked":["Dagger Spray+1","Flying Knee+1"],"picked":"Backstab+1","floor":39},{"not_picked":["Dagger Throw+1","Sucker Punch+1"],"picked":"Caltrops","floor":40},{"not_picked":["Poisoned Stab+1","Flechettes+1"],"picked":"Envenom","floor":41},{"not_picked":["Poisoned Stab+1","Flying Knee+1"],"picked":"Prepared+1","floor":42},{"not_picked":["Flechettes+1","Poisoned Stab+1"],"picked":"Backflip+1","floor":45},{"not_picked":["Bane+1","Acrobatics+1"],"picked":"Underhanded Strike+1","floor":48}],"player_experience":475768,"relics_obtained":[{"floor":5.0,"key":"Blood Vial"},{"floor":8.0,"key":"War Paint"},{"floor":9.0,"key":"Whetstone"},{"floor":19.0,"key":"Red Mask"},{"floor":23.0,"key":"Snake Skull"},{"floor":25.0,"key":"Molten Egg 2"},{"floor":26.0,"key":"Anchor"},{"floor":30.0,"key":"Unceasing Top"},{"floor":39,"key":"Tough Bandages"},{"floor":41,"key":"Dodecahedron"}],"event_choices":[{"cards_removed":["Strike_G"],"damage_healed":0.0,"max_hp_gain":0.0,"max_hp_loss":0.0,"gold_gain":0.0,"event_name":"Golden Wing","player_choice":"Card Removal","floor":2.0,"gold_loss":0.0,"damage_taken":7.0},{"damage_healed":0.0,"max_hp_gain":0.0,"max_hp_loss":0.0,"gold_gain":0.0,"event_name":"Living Wall","player_choice":"Grow","floor":4.0,"gold_loss":0.0,"damage_taken":0.0,"cards_upgraded":["Neutralize"]},{"damage_healed":0.0,"max_hp_gain":0.0,"max_hp_loss":0.0,"gold_gain":0.0,"event_name":"Scrap Ooze","player_choice":"Success","floor":7.0,"gold_loss":0.0,"damage_taken":12.0,"relics_obtained":["Toxic Egg 2"]},{"damage_healed":0.0,"max_hp_gain":0.0,"max_hp_loss":0.0,"gold_gain":0.0,"event_name":"Masked Bandits","player_choice":"Fought Bandits","floor":19.0,"gold_loss":0.0,"damage_taken":0.0},{"cards_removed":["Defend_G"],"damage_healed":0.0,"max_hp_gain":0.0,"max_hp_loss":0.0,"gold_gain":0.0,"event_name":"Beggar","player_choice":"Gave Gold","floor":20.0,"gold_loss":75.0,"damage_taken":0.0},{"damage_healed":0.0,"max_hp_gain":0.0,"max_hp_loss":0.0,"gold_gain":0.0,"event_name":"The Mausoleum","player_choice":"Opened","floor":22.0,"gold_loss":0.0,"damage_taken":0.0,"relics_obtained":["Ancient Tea Set"]},{"damage_healed":0.0,"max_hp_gain":5.0,"max_hp_loss":0.0,"gold_gain":0.0,"event_name":"Forgotten Altar","player_choice":"Shed Blood","floor":28.0,"gold_loss":0.0,"damage_taken":18.0},{"cards_removed":["Cloak And Dagger"],"damage_healed":0,"gold_gain":0,"player_choice":"Removed Skill","damage_taken":0,"max_hp_gain":0,"max_hp_loss":0,"event_name":"Falling","floor":36,"gold_loss":0},{"damage_healed":0,"gold_gain":222,"player_choice":"Wore Mask","damage_taken":0,"max_hp_gain":0,"max_hp_loss":0,"event_name":"Tomb of Lord Red Mask","floor":37,"gold_loss":0},{"damage_healed":0,"gold_gain":0,"player_choice":"Fight","damage_taken":0,"max_hp_gain":0,"max_hp_loss":0,"event_name":"Mysterious Sphere","floor":39,"gold_loss":0}],"is_beta":false,"boss_relics":[{"not_picked":["Coffee Dripper","Astrolabe"],"picked":"Philosopher\u0027s Stone"},{"not_picked":["Busted Crown","Fusion Hammer"],"picked":"Cursed Key"}],"items_purged_floors":[21,44,46],"is_endless":false,"potions_floor_spawned":[1,3,12,13,16,23,25,35,40,45,48],"killed_by":"Time Eater","ascension_level":1}