{"gold_per_floor":[18,92,102,102,118,118,158,158,158,35,79,95,20,20,20,116,116,130,148,148,148],"floor_reached":21,"playtime":818,"items_purged":[],"score":327,"play_id":"eab4feb0-ce5c-43d6-a887-a2742a629290","local_time":"20190415122017","is_ascension_mode":true,"campfire_choices":[{"data":"Zap","floor":6.0,"key":"SMITH"},{"data":"Dualcast","floor":8.0,"key":"SMITH"},{"floor":15,"key":"REST"}],"neow_cost":"NO_GOLD","seed_source_timestamp":0,"circlet_count":0,"master_deck":["AscendersBane","Strike_B","Strike_B","Strike_B","Defend_B","Defend_B","Defend_B","Defend_B","Zap+1","Dualcast+1","All For One","Steam","Cold Snap","Compile Driver","Chill","Chill","Beam Cell","Seek","Go for the Eyes","Hologram"],"special_seed":0,"relics":["Cracked Core","The Courier","Golden Idol","Torii","Art of War","Strawberry","Happy Flower","Sozu"],"potions_floor_usage":[16,20],"damage_taken":[{"damage":1.0,"enemies":"Cultist","floor":1.0,"turns":3.0},{"damage":8.0,"enemies":"Small Slimes","floor":3.0,"turns":4.0},{"damage":0.0,"enemies":"2 Louse","floor":5.0,"turns":2.0},{"damage":29.0,"enemies":"Gremlin Nob","floor":7.0,"turns":4.0},{"damage":15.0,"enemies":"Lagavulin","floor":11.0,"turns":7.0},{"damage":1.0,"enemies":"Blue Slaver","floor":12.0,"turns":3.0},{"damage":33,"enemies":"Slime Boss","floor":16,"turns":12},{"damage":13,"enemies":"3 Byrds","floor":18,"turns":5},{"damage":17,"enemies":"2 Thieves","floor":19,"turns":4},{"damage":15,"enemies":"Colosseum Slavers","floor":20,"turns":4},{"damage":12,"enemies":"Masked Bandits","floor":21,"turns":2}],"seed_played":"8617916435289714590","potions_obtained":[{"floor":5.0,"key":"Energy Potion"},{"floor":7.0,"key":"Dexterity Potion"},{"floor":12,"key":"Poison Potion"}],"is_trial":false,"path_per_floor":["M","T","M","?","M","R","E","R","T","$","E","M","?","$","R","B",null,"M","M","?","?"],"character_chosen":"DEFECT","items_purchased":["Strawberry"],"campfire_rested":1,"item_purchase_floors":[10],"current_hp_per_floor":[63,63,55,55,55,55,26,26,26,33,18,17,17,17,38,5,55,42,25,10,0],"gold":148,"neow_bonus":"THREE_RARE_CARDS","is_prod":false,"is_daily":false,"chose_seed":false,"campfire_upgraded":2,"win_rate":0,"timestamp":1555323617,"path_taken":["M","?","M","?","M","R","E","R","T","$","E","M","?","$","R","BOSS","M","M","?","?"],"build_version":"2019-01-23","purchased_purges":0,"victory":false,"max_hp_per_floor":[71,71,71,64,64,64,64,64,64,71,71,71,71,71,71,71,71,71,71,71,71],"card_choices":[{"not_picked":["Fission","Meteor Strike"],"picked":"All For One","floor":0.0},{"not_picked":["Steam Power","Redo"],"picked":"Steam","floor":1.0},{"not_picked":["Compile Driver","White Noise"],"picked":"Cold Snap","floor":3.0},{"not_picked":["Scrape","Auto Shields"],"picked":"Compile Driver","floor":5.0},{"not_picked":["Streamline","Loop"],"picked":"Chill","floor":7.0},{"not_picked":["Rebound","Leap"],"picked":"Chill","floor":11.0},{"not_picked":["Lockon","Fusion"],"picked":"Beam Cell","floor":12},{"not_picked":["Machine Learning","Rainbow"],"picked":"Seek","floor":16},{"not_picked":["Coolheaded","Sweeping Beam"],"picked":"Go for the Eyes","floor":18},{"not_picked":["Stack","Steam"],"picked":"Hologram","floor":19}],"player_experience":628385,"relics_obtained":[{"floor":2.0,"key":"The Courier"},{"floor":7.0,"key":"Torii"},{"floor":9.0,"key":"Art of War"},{"floor":11.0,"key":"Happy Flower"}],"event_choices":[{"damage_healed":0.0,"max_hp_gain":0.0,"max_hp_loss":7.0,"gold_gain":0.0,"event_name":"Golden Idol","player_choice":"Lose Max HP","floor":4.0,"gold_loss":0.0,"damage_taken":0.0,"relics_obtained":["Golden Idol"]},{"cards_removed":["Strike_B"],"damage_healed":0,"gold_gain":0,"player_choice":"Card Removal","damage_taken":0,"max_hp_gain":0,"max_hp_loss":0,"event_name":"The Cleric","floor":13,"gold_loss":75},{"damage_healed":0,"gold_gain":0,"player_choice":"Fight","damage_taken":0,"max_hp_gain":0,"max_hp_loss":0,"event_name":"Colosseum","floor":20,"gold_loss":0},{"damage_healed":0,"gold_gain":0,"player_choice":"Fled From Nobs","damage_taken":0,"max_hp_gain":0,"max_hp_loss":0,"event_name":"Colosseum","floor":20,"gold_loss":0},{"damage_healed":0,"gold_gain":0,"player_choice":"Fought Bandits","damage_taken":0,"max_hp_gain":0,"max_hp_loss":0,"event_name":"Masked Bandits","floor":21,"gold_loss":0}],"is_beta":false,"boss_relics":[{"not_picked":["Coffee Dripper","Eternal Feather"],"picked":"Sozu"}],"items_purged_floors":[],"is_endless":false,"potions_floor_spawned":[5,7,12,19,20],"killed_by":"Masked Bandits","ascension_level":15}