{"gold_per_floor":[216,229,33,33,52,52,86,86,131,10,43,60,78,94,94,94],"floor_reached":16,"playtime":638,"items_purged":["Strike_B"],"score":162,"play_id":"df0043fa-be3a-44f2-9d9e-8d320bcd2ccc","local_time":"20190424115637","is_ascension_mode":true,"campfire_choices":[{"data":"Go for the Eyes","floor":6,"key":"SMITH"},{"floor":8,"key":"REST"},{"floor":15,"key":"REST"}],"neow_cost":"NONE","seed_source_timestamp":46452438171952,"circlet_count":0,"master_deck":["Strike_B+1","Strike_B","Strike_B+1","Defend_B","Defend_B","Defend_B","Defend_B","Zap","Dualcast","Go for the Eyes+1","Lockon","Hologram","Melter","Steam","Sunder","Cold Snap","Ball Lightning"],"relics":["Cracked Core","Bronze Scales","Whetstone","Potion Belt"],"potions_floor_usage":[7,13],"damage_taken":[{"damage":3,"enemies":"Small Slimes","floor":1,"turns":4},{"damage":1,"enemies":"Cultist","floor":2,"turns":3},{"damage":0,"enemies":"2 Louse","floor":5,"turns":2},{"damage":42,"enemies":"3 Sentries","floor":7,"turns":9},{"damage":27,"enemies":"Lagavulin","floor":11,"turns":5},{"damage":2,"enemies":"Red Slaver","floor":12,"turns":2},{"damage":0,"enemies":"3 Louse","floor":13,"turns":1},{"damage":2,"enemies":"Blue Slaver","floor":14,"turns":2},{"damage":36,"enemies":"Hexaghost","floor":16,"turns":9}],"seed_played":"1887193991285595344","potions_obtained":[{"floor":1,"key":"PowerPotion"},{"floor":4,"key":"Block Potion"},{"floor":4,"key":"Explosive Potion"},{"floor":11,"key":"Explosive Potion"}],"is_trial":false,"path_per_floor":["M","M","$","?","M","R","E","R","T","$","E","M","M","M","R","B"],"character_chosen":"DEFECT","items_purchased":["Lockon","Hologram","Sunder","Cold Snap"],"campfire_rested":2,"item_purchase_floors":[3,3,10,10],"current_hp_per_floor":[65,64,64,64,64,64,22,44,44,44,17,15,15,13,35,0],"gold":94,"neow_bonus":"HUNDRED_GOLD","is_prod":false,"is_daily":false,"chose_seed":false,"campfire_upgraded":1,"win_rate":0,"timestamp":1556099797,"path_taken":["M","M","$","?","M","R","E","R","T","?","E","M","M","M","R","BOSS"],"build_version":"2019-01-23","purchased_purges":1,"victory":false,"max_hp_per_floor":[75,75,75,75,75,75,75,75,75,75,75,75,75,75,75,75],"card_choices":[{"not_picked":["Undo","Blizzard"],"picked":"Go for the Eyes","floor":1},{"not_picked":["Fusion","Stack","Steam"],"picked":"SKIP","floor":2},{"not_picked":["Genetic Algorithm","Compile Driver"],"picked":"Melter","floor":5},{"not_picked":["Seek","Rip and Tear"],"picked":"Steam","floor":7},{"not_picked":["Amplify","Scrape","Fission"],"picked":"SKIP","floor":11},{"not_picked":["Hologram","Skim","White Noise"],"picked":"SKIP","floor":12},{"not_picked":["Melter","Aggregate","Go for the Eyes"],"picked":"SKIP","floor":13},{"not_picked":["Capacitor","Reinforced Body"],"picked":"Ball Lightning","floor":14}],"player_experience":474563,"relics_obtained":[{"floor":7,"key":"Bronze Scales"},{"floor":9,"key":"Whetstone"},{"floor":11,"key":"Potion Belt"}],"event_choices":[{"damage_healed":0,"gold_gain":0,"player_choice":"Got Potions","damage_taken":0,"max_hp_gain":0,"max_hp_loss":0,"event_name":"Lab","floor":4,"gold_loss":0}],"is_beta":false,"boss_relics":[],"items_purged_floors":[3],"is_endless":false,"potions_floor_spawned":[1,5,11],"killed_by":"Hexaghost","ascension_level":9}