{"gold_per_floor":[110,122,32,32,32,61,61,91,91,91,109,137,137,102,102,207,207,220,208,208,94,94],"floor_reached":22,"playtime":1016,"items_purged":["Choke"],"score":338,"play_id":"466994df-b07c-4421-8062-c5e674a2607c","local_time":"20190402193848","is_ascension_mode":true,"campfire_choices":[{"data":"Cloak And Dagger","floor":7,"key":"SMITH"},{"data":"Footwork","floor":10,"key":"SMITH"},{"data":"Accuracy","floor":15,"key":"SMITH"}],"neow_cost":"NONE","seed_source_timestamp":766126225302294,"circlet_count":0,"master_deck":["AscendersBane","Survivor","Neutralize","Quick Slash","Cloak And Dagger+1","Deadly Poison","Footwork+1","Deadly Poison","Infinite Blades","Expertise","Crippling Poison","Infinite Blades","Accuracy","Backstab","Deadly Poison","Finisher","Masterful Stab","Bouncing Flask","Deflect","Footwork"],"relics":["Ring of the Snake","NeowsBlessing","Pen Nib","Bird Faced Urn","Bag of Preparation","Singing Bowl","The Specimen","Pandora\u0027s Box","Strawberry"],"potions_floor_usage":[12,16,16],"damage_taken":[{"damage":0,"enemies":"Cultist","floor":1,"turns":1},{"damage":0,"enemies":"Jaw Worm","floor":2,"turns":1},{"damage":0,"enemies":"3 Sentries","floor":6,"turns":2},{"damage":17,"enemies":"Lagavulin","floor":8,"turns":7},{"damage":0,"enemies":"2 Louse","floor":11,"turns":3},{"damage":29,"enemies":"Gremlin Nob","floor":12,"turns":4},{"damage":25,"enemies":"Hexaghost","floor":16,"turns":11},{"damage":15,"enemies":"Chosen","floor":18,"turns":4},{"damage":30,"enemies":"2 Thieves","floor":19,"turns":4},{"damage":49,"enemies":"3 Cultists","floor":22,"turns":5}],"seed_played":"5648432415336146456","potions_obtained":[{"floor":2,"key":"AttackPotion"},{"floor":8,"key":"Poison Potion"},{"floor":11,"key":"Ancient Potion"},{"floor":12,"key":"SteroidPotion"},{"floor":19,"key":"SkillPotion"}],"is_trial":false,"path_per_floor":["M","M","$","?","$","E","R","E","T","R","M","E","?","?","R","B",null,"M","M","?","$","M"],"character_chosen":"THE_SILENT","items_purchased":["Deadly Poison","Footwork","Footwork"],"campfire_rested":0,"item_purchase_floors":[3,3,21],"current_hp_per_floor":[63,63,63,63,63,63,63,48,48,48,50,25,25,42,42,25,60,51,29,36,36,0],"gold":94,"neow_bonus":"THREE_ENEMY_KILL","is_prod":false,"is_daily":false,"chose_seed":false,"campfire_upgraded":3,"win_rate":0,"timestamp":1554226728,"path_taken":["M","?","$","?","?","E","R","E","T","R","M","E","?","?","R","BOSS","M","M","?","$","?"],"build_version":"2019-01-23","purchased_purges":1,"victory":false,"max_hp_per_floor":[70,70,70,70,70,70,70,70,70,70,70,70,70,70,70,72,72,72,74,81,81,81],"card_choices":[{"not_picked":["Underhanded Strike","Terror"],"picked":"Quick Slash","floor":1},{"not_picked":["PiercingWail","Outmaneuver"],"picked":"Cloak And Dagger","floor":2},{"not_picked":["Storm of Steel","Setup","Quick Slash"],"picked":"SKIP","floor":6},{"not_picked":["Backflip","Escape Plan"],"picked":"Deadly Poison","floor":8},{"not_picked":["Poisoned Stab","Leg Sweep"],"picked":"Accuracy","floor":11},{"not_picked":["Unload","Concentrate"],"picked":"Infinite Blades","floor":12},{"not_picked":["Doppelganger","A Thousand Cuts","Bullet Time"],"picked":"Singing Bowl","floor":16},{"not_picked":["Dodge and Roll","Bane"],"picked":"Deflect","floor":18},{"not_picked":["Outmaneuver","Slice+1","Expertise"],"picked":"Singing Bowl","floor":19}],"player_experience":420643,"relics_obtained":[{"floor":4,"key":"Pen Nib"},{"floor":6,"key":"Bird Faced Urn"},{"floor":8,"key":"Bag of Preparation"},{"floor":9,"key":"Singing Bowl"},{"floor":12,"key":"The Specimen"}],"event_choices":[{"damage_healed":0,"gold_gain":0,"player_choice":"Relic","damage_taken":0,"max_hp_gain":0,"max_hp_loss":0,"event_name":"Wheel of Change","floor":4,"gold_loss":0},{"damage_healed":0,"gold_gain":0,"player_choice":"Ignored","damage_taken":0,"max_hp_gain":0,"max_hp_loss":0,"event_name":"Shining Light","floor":13,"gold_loss":0},{"damage_healed":17,"gold_gain":0,"player_choice":"Healed","damage_taken":0,"max_hp_gain":0,"max_hp_loss":0,"event_name":"The Cleric","floor":14,"gold_loss":35},{"cards_removed":["Accuracy"],"damage_healed":0,"gold_gain":0,"player_choice":"Gave Card","damage_taken":0,"relics_obtained":["Strawberry"],"max_hp_gain":0,"max_hp_loss":0,"event_name":"WeMeetAgain","floor":20,"gold_loss":0}],"is_beta":false,"boss_relics":[{"not_picked":["Busted Crown","Eternal Feather"],"picked":"Pandora\u0027s Box"}],"items_purged_floors":[21],"is_endless":false,"potions_floor_spawned":[2,8,11,12,19],"killed_by":"3 Cultists","ascension_level":10}