{"gold_per_floor":[119,44,63,78,78,105,105,12,64,64,77,90,90,103,103,200,200,220,220,230,250,148,148,168,168,224,224,239,188,198,42,42,42],"floor_reached":33,"playtime":1085,"items_purged":["Decay"],"score":249,"play_id":"9d3032c1-59ec-44d5-8435-6c4dbe64845e","local_time":"20190210025358","is_ascension_mode":false,"campfire_choices":[{"data":"Shockwave","floor":7,"key":"SMITH"},{"data":"Offering","floor":10,"key":"SMITH"},{"data":"Bash","floor":13,"key":"SMITH"},{"data":"Whirlwind","floor":15,"key":"SMITH"},{"floor":23,"key":"REST"},{"data":"Carnage","floor":27,"key":"SMITH"},{"data":"Metallicize","floor":32,"key":"SMITH"}],"neow_cost":"CURSE","seed_source_timestamp":1530133119753713,"circlet_count":0,"master_deck":["Strike_R+1","Strike_R+1","Strike_R","Strike_R","Strike_R","Defend_R","Defend_R","Defend_R","Defend_R","Bash+1","Clash","Shockwave+1","Offering+1","Finesse","Whirlwind+1","Limit Break","Perfected Strike+1","Ghostly Armor+1","Shrug It Off","Carnage+1","Warcry","Metallicize+1"],"relics":["Burning Blood","Magic Flower","Whetstone","Potion Belt","White Beast Statue","Tiny Chest","Happy Flower"],"potions_floor_usage":[6,16,24,24,30,33,33,33,33],"damage_taken":[{"damage":7,"enemies":"Small Slimes","floor":1,"turns":4},{"damage":10,"enemies":"Jaw Worm","floor":3,"turns":4},{"damage":0,"enemies":"2 Louse","floor":4,"turns":2},{"damage":28,"enemies":"Gremlin Nob","floor":6,"turns":4},{"damage":12,"enemies":"Exordium Wildlife","floor":11,"turns":3},{"damage":8,"enemies":"Looter","floor":12,"turns":2},{"damage":1,"enemies":"3 Louse","floor":14,"turns":3},{"damage":30,"enemies":"Slime Boss","floor":16,"turns":6},{"damage":28,"enemies":"Spheric Guardian","floor":18,"turns":4},{"damage":18,"enemies":"Chosen","floor":20,"turns":5},{"damage":28,"enemies":"Centurion and Healer","floor":21,"turns":5},{"damage":6,"enemies":"3 Cultists","floor":24,"turns":5},{"damage":1,"enemies":"Snecko","floor":28,"turns":3},{"damage":27,"enemies":"Chosen and Byrds","floor":30,"turns":5},{"damage":100,"enemies":"Automaton","floor":33,"turns":12}],"seed_played":"-6778889735716006853","potions_obtained":[{"floor":1,"key":"FearPotion"},{"floor":3,"key":"Dexterity Potion"},{"floor":6,"key":"Swift Potion"},{"floor":14,"key":"Poison Potion"},{"floor":18,"key":"LiquidBronze"},{"floor":20,"key":"Fire Potion"},{"floor":21,"key":"Fire Potion"},{"floor":24,"key":"Weak Potion"},{"floor":28,"key":"Weak Potion"},{"floor":30,"key":"EssenceOfSteel"}],"is_trial":false,"path_per_floor":["M","$","M","M","?","E","R","$","T","R","M","M","R","M","R","B",null,"M","?","M","M","$","R","M","?","T","R","M","$","M","$","R","B"],"character_chosen":"IRONCLAD","items_purchased":["Finesse","Shrug It Off","Carnage","Warcry","Happy Flower"],"campfire_rested":1,"item_purchase_floors":[8,22,22,29,31],"current_hp_per_floor":[80,80,79,80,80,61,61,61,61,61,58,59,59,67,67,46,80,61,46,37,18,18,43,46,74,74,74,82,82,64,64,64,0],"gold":42,"neow_bonus":"ONE_RARE_RELIC","is_prod":false,"is_daily":false,"chose_seed":false,"campfire_upgraded":6,"win_rate":0,"timestamp":1549734838,"path_taken":["M","$","M","M","?","E","R","$","T","R","M","M","R","M","R","BOSS","M","?","M","M","$","R","M","?","T","R","M","$","M","?","R","BOSS"],"build_version":"2019-01-23","purchased_purges":1,"victory":false,"max_hp_per_floor":[80,80,80,80,80,80,80,80,80,80,80,80,80,80,80,80,80,80,85,85,85,85,85,85,85,85,85,85,85,85,85,85,85],"card_choices":[{"not_picked":["Havoc","Heavy Blade","Infernal Blade"],"picked":"SKIP","floor":1},{"not_picked":["Wild Strike","True Grit"],"picked":"Clash","floor":3},{"not_picked":["Iron Wave","Thunderclap"],"picked":"Shockwave","floor":4},{"not_picked":["Exhume","Armaments"],"picked":"Offering","floor":6},{"not_picked":["Iron Wave","Havoc","Blood for Blood"],"picked":"SKIP","floor":11},{"not_picked":["Armaments","Pommel Strike","Warcry"],"picked":"SKIP","floor":12},{"not_picked":["Pummel","Dual Wield"],"picked":"Whirlwind","floor":14},{"not_picked":["Barricade","Brutality"],"picked":"Limit Break","floor":16},{"not_picked":["Headbutt","Infernal Blade","Anger"],"picked":"SKIP","floor":18},{"not_picked":["Dual Wield","Rupture+1"],"picked":"Perfected Strike+1","floor":20},{"not_picked":["Brutality","Searing Blow"],"picked":"Ghostly Armor+1","floor":21},{"not_picked":["Anger","Ghostly Armor","Twin Strike"],"picked":"SKIP","floor":24},{"not_picked":["Rampage","Havoc","Headbutt"],"picked":"SKIP","floor":28},{"not_picked":["Warcry+1","Rampage"],"picked":"Metallicize","floor":30}],"player_experience":508235,"relics_obtained":[{"floor":6,"key":"Whetstone"},{"floor":9,"key":"Potion Belt"},{"floor":26,"key":"Tiny Chest"}],"event_choices":[{"damage_healed":0,"gold_gain":0,"player_choice":"Ignored","damage_taken":0,"max_hp_gain":0,"max_hp_loss":0,"event_name":"Liars Game","floor":5,"gold_loss":0},{"damage_healed":0,"gold_gain":0,"player_choice":"Shed Blood","damage_taken":20,"max_hp_gain":5,"max_hp_loss":0,"event_name":"Forgotten Altar","floor":19,"gold_loss":0},{"damage_healed":28,"gold_gain":0,"player_choice":"Heal","damage_taken":0,"max_hp_gain":0,"max_hp_loss":0,"event_name":"The Library","floor":25,"gold_loss":0}],"is_beta":false,"boss_relics":[{"not_picked":["Orrery","Pandora\u0027s Box"],"picked":"White Beast Statue"}],"items_purged_floors":[2],"is_endless":false,"potions_floor_spawned":[1,3,6,14,18,20,21,24,28,30],"killed_by":"Automaton","ascension_level":0}