{"gold_per_floor":[117,117,133,152,152,152,227,77,100,100,100,114,146,46,46,149,149,166,265,265,175],"floor_reached":21,"playtime":898,"items_purged":["Strike_G","Strike_G"],"score":210,"play_id":"7b868bee-df8d-4b18-8d92-8ca1f7b27f3a","local_time":"20181020202909","is_ascension_mode":true,"campfire_choices":[{"data":"Neutralize","floor":6,"key":"SMITH"},{"data":"After Image","floor":11,"key":"SMITH"},{"data":"Dash","floor":15,"key":"SMITH"}],"neow_cost":"NONE","seed_source_timestamp":381795791659620,"circlet_count":0,"master_deck":["Defend_G","Defend_G","Defend_G","Defend_G","Defend_G","Strike_G","Survivor","Neutralize+1","Dagger Spray","Deadly Poison","Cloak And Dagger","Catalyst","After Image+1","Dash+1","Bouncing Flask","Corpse Explosion"],"relics":["Ring of the Serpent","Art of War","Peace Pipe"],"potions_floor_usage":[],"damage_taken":[{"damage":5,"enemies":"Small Slimes","floor":1,"turns":4},{"damage":0,"enemies":"2 Louse","floor":3,"turns":3},{"damage":2,"enemies":"Jaw Worm","floor":4,"turns":4},{"damage":4,"enemies":"Lots of Slimes","floor":12,"turns":3},{"damage":10,"enemies":"3 Sentries","floor":13,"turns":9},{"damage":13,"enemies":"The Guardian","floor":16,"turns":9},{"damage":14,"enemies":"Spheric Guardian","floor":18,"turns":4},{"damage":40,"enemies":"Colosseum Slavers","floor":20,"turns":6},{"damage":21,"enemies":"2 Thieves","floor":21,"turns":3}],"seed_played":"-685988673714709635","potions_obtained":[{"floor":13,"key":"GamblersBrew"},{"floor":16,"key":"AttackPotion"},{"floor":18,"key":"Swift Potion"}],"is_trial":false,"path_per_floor":["M","?","M","M","?","R","?","$","T","?","R","M","E","$","R","B",null,"M","?","?"],"character_chosen":"THE_SILENT","items_purchased":["After Image"],"campfire_rested":0,"item_purchase_floors":[8],"current_hp_per_floor":[65,65,65,63,63,63,56,56,56,61,61,57,47,47,47,34,75,61,61,21,0],"gold":175,"neow_bonus":"THREE_CARDS","is_prod":false,"is_daily":false,"chose_seed":false,"campfire_upgraded":3,"win_rate":0,"timestamp":1540060149,"path_taken":["M","?","?","M","?","R","?","$","T","?","R","?","E","$","R","BOSS","M","?","?","?"],"build_version":"2018-10-18","purchased_purges":2,"victory":false,"max_hp_per_floor":[70,70,70,70,70,70,70,70,70,75,75,75,75,75,75,75,75,75,75,75,75],"card_choices":[{"not_picked":["Expertise","Blade Dance"],"picked":"Dagger Spray","floor":0},{"not_picked":["Sucker Punch","Accuracy"],"picked":"Deadly Poison","floor":1},{"not_picked":["Blade Dance","Acrobatics"],"picked":"Cloak And Dagger","floor":3},{"not_picked":["Dagger Throw","Prepared"],"picked":"Catalyst","floor":4},{"not_picked":["Acrobatics","Malaise"],"picked":"Dash","floor":12},{"not_picked":["Slice","Concentrate"],"picked":"Bouncing Flask","floor":13},{"not_picked":["Burst","Tools of the Trade"],"picked":"Corpse Explosion","floor":16},{"not_picked":["Slice+1","Quick Slash","Caltrops"],"picked":"SKIP","floor":18}],"player_experience":220238,"relics_obtained":[{"floor":9,"key":"Art of War"},{"floor":13,"key":"Peace Pipe"}],"event_choices":[{"cards_removed":["Strike_G"],"damage_healed":0,"gold_gain":0,"player_choice":"Forget","damage_taken":0,"max_hp_gain":0,"max_hp_loss":0,"event_name":"Living Wall","floor":2,"gold_loss":0},{"cards_removed":["Strike_G"],"damage_healed":0,"gold_gain":0,"player_choice":"Offered Basic","damage_taken":0,"max_hp_gain":0,"max_hp_loss":0,"event_name":"Bonfire Elementals","floor":5,"gold_loss":0},{"damage_healed":0,"gold_gain":75,"player_choice":"Touch","damage_taken":7,"max_hp_gain":0,"max_hp_loss":0,"event_name":"FaceTrader","floor":7,"gold_loss":0},{"damage_healed":0,"gold_gain":0,"player_choice":"Donut","damage_taken":0,"max_hp_gain":5,"max_hp_loss":0,"event_name":"Big Fish","floor":10,"gold_loss":0},{"damage_healed":0,"gold_gain":99,"player_choice":"Stole From Cult","damage_taken":0,"max_hp_gain":0,"max_hp_loss":0,"event_name":"Nest","floor":19,"gold_loss":0},{"damage_healed":0,"gold_gain":0,"player_choice":"Fight","damage_taken":0,"max_hp_gain":0,"max_hp_loss":0,"event_name":"Colosseum","floor":20,"gold_loss":0},{"damage_healed":0,"gold_gain":0,"player_choice":"Fled From Nobs","damage_taken":0,"max_hp_gain":0,"max_hp_loss":0,"event_name":"Colosseum","floor":20,"gold_loss":0}],"is_beta":false,"boss_relics":[{"not_picked":["Cursed Key","Calling Bell"],"picked":"Ring of the Serpent"}],"items_purged_floors":[8,14],"is_endless":false,"potions_floor_spawned":[13,16,18],"killed_by":"2 Thieves","ascension_level":4}