{"gold_per_floor":[113,113,113,132,3,35,51,66,66,66,105,5,26,62,62,151,151,169,169,188,213,229,229,267,283,310,310,310,353,367,386,386,386],"floor_reached":33,"playtime":1484,"items_purged":["Strike_R","Injury"],"score":718,"play_id":"4073781c-aa54-4c6e-b914-9c642882498c","local_time":"20190425001214","is_ascension_mode":true,"campfire_choices":[{"floor":15.0,"key":"REST"},{"floor":23.0,"key":"REST"},{"floor":28,"key":"REST"},{"floor":32,"key":"REST"}],"neow_cost":"NONE","seed_source_timestamp":15782830325600,"circlet_count":0,"master_deck":["AscendersBane","Strike_R+1","Strike_R+1","Strike_R+1","Strike_R+1","Defend_R+1","Defend_R+1","Defend_R+1","Bash","Armaments","Body Slam","Shrug It Off","Clothesline","Disarm","Disarm","Whirlwind","Juggernaut","Feed+1","Armaments+1","Bludgeon+1","Pommel Strike+1","Shrug It Off","Warcry","Battle Trance"],"special_seed":0,"relics":["Burning Blood","NeowsBlessing","Singing Bowl","Mango","Prayer Wheel","Golden Idol","Incense Burner","Molten Egg 2","Busted Crown","Matryoshka","Bag of Preparation","Dream Catcher","GremlinMask","Omamori"],"potions_floor_usage":[24,29,30],"damage_taken":[{"damage":0.0,"enemies":"2 Louse","floor":1.0,"turns":1.0},{"damage":0.0,"enemies":"Jaw Worm","floor":4.0,"turns":1.0},{"damage":0.0,"enemies":"3 Sentries","floor":6.0,"turns":2.0},{"damage":5.0,"enemies":"Small Slimes","floor":7.0,"turns":4.0},{"damage":12.0,"enemies":"Blue Slaver","floor":8.0,"turns":4.0},{"damage":31.0,"enemies":"Gremlin Nob","floor":11.0,"turns":4.0},{"damage":27.0,"enemies":"Exordium Thugs","floor":13.0,"turns":8.0},{"damage":21.0,"enemies":"Lagavulin","floor":14.0,"turns":11.0},{"damage":34.0,"enemies":"Slime Boss","floor":16.0,"turns":10.0},{"damage":8.0,"enemies":"Shell Parasite","floor":18.0,"turns":10.0},{"damage":12.0,"enemies":"3 Byrds","floor":20.0,"turns":4.0},{"damage":18.0,"enemies":"Snake Plant","floor":21.0,"turns":5.0},{"damage":35.0,"enemies":"Chosen and Byrds","floor":22.0,"turns":8.0},{"damage":40,"enemies":"Gremlin Leader","floor":24,"turns":6},{"damage":13,"enemies":"Snecko","floor":25,"turns":5},{"damage":64,"enemies":"Slavers","floor":29,"turns":8},{"damage":8,"enemies":"3 Cultists","floor":30,"turns":6},{"damage":3,"enemies":"Sentry and Sphere","floor":31,"turns":4},{"damage":95,"enemies":"Automaton","floor":33,"turns":10}],"seed_played":"578512403358713116","potions_obtained":[{"floor":1.0,"key":"SneckoOil"},{"floor":4.0,"key":"Swift Potion"},{"floor":11.0,"key":"LiquidBronze"},{"floor":14.0,"key":"AttackPotion"},{"floor":18.0,"key":"EssenceOfSteel"},{"floor":22.0,"key":"Block Potion"},{"floor":29,"key":"FearPotion"}],"is_trial":false,"path_per_floor":["M","?","?","M","$","E","M","M","T","?","E","$","M","E","R","B",null,"M","?","M","M","M","R","E","M","T","?","R","E","M","M","R","B"],"character_chosen":"IRONCLAD","items_purchased":["Shrug It Off"],"campfire_rested":4,"item_purchase_floors":[5],"current_hp_per_floor":[74,67,62,68,68,88,91,87,87,87,62,62,41,26,53,25,76,80,80,76,72,49,83,51,50,50,50,88,32,34,41,83,0],"gold":386,"neow_bonus":"THREE_ENEMY_KILL","is_prod":false,"is_daily":false,"chose_seed":false,"campfire_upgraded":0,"win_rate":0,"timestamp":1556143934,"path_taken":["M","?","?","M","$","E","M","M","T","?","E","?","?","E","R","BOSS","M","?","M","M","M","R","E","M","T","?","R","E","M","?","R","BOSS"],"build_version":"2019-01-23","purchased_purges":2,"victory":false,"max_hp_per_floor":[75,75,75,75,75,89,91,93,93,93,93,93,93,93,93,93,93,99,99,101,109,115,115,117,123,123,123,125,127,131,135,137,137],"card_choices":[{"not_picked":["Combust","True Grit"],"picked":"Armaments","floor":1.0},{"not_picked":["Thunderclap","Reckless Charge"],"picked":"Body Slam","floor":4.0},{"not_picked":["Clash","Rage"],"picked":"Clothesline","floor":6.0},{"not_picked":["Clash","Havoc","Combust"],"picked":"Singing Bowl","floor":7.0},{"not_picked":["Flex","Second Wind","Twin Strike"],"picked":"Singing Bowl","floor":8.0},{"not_picked":["Burning Pact","Shrug It Off"],"picked":"Disarm","floor":11.0},{"not_picked":["Flame Barrier","Whirlwind"],"picked":"Disarm","floor":13.0},{"not_picked":["Fiend Fire","Thunderclap"],"picked":"Whirlwind","floor":13.0},{"not_picked":["Searing Blow","Sword Boomerang"],"picked":"Juggernaut","floor":14.0},{"not_picked":["Limit Break","Immolate+1"],"picked":"Feed+1","floor":16.0},{"not_picked":[],"picked":"Armaments+1","floor":18.0},{"not_picked":["Twin Strike+1"],"picked":"Singing Bowl","floor":18.0},{"not_picked":["Clothesline+1"],"picked":"Singing Bowl","floor":20.0},{"not_picked":[],"picked":"Bludgeon+1","floor":20.0},{"not_picked":["Anger+1"],"picked":"Singing Bowl","floor":21.0},{"not_picked":["Hemokinesis+1"],"picked":"Singing Bowl","floor":21.0},{"not_picked":["Perfected Strike+1"],"picked":"Singing Bowl","floor":22.0},{"not_picked":[],"picked":"Pommel Strike+1","floor":22.0},{"not_picked":["Armaments"],"picked":"Singing Bowl","floor":24},{"not_picked":["Whirlwind+1"],"picked":"Singing Bowl","floor":25},{"not_picked":[],"picked":"Shrug It Off","floor":25},{"not_picked":["Perfected Strike+1"],"picked":"Singing Bowl","floor":28},{"not_picked":["Flex"],"picked":"Singing Bowl","floor":29},{"not_picked":[],"picked":"Warcry","floor":30},{"not_picked":[],"picked":"Battle Trance","floor":30},{"not_picked":["Rupture"],"picked":"Singing Bowl","floor":31},{"not_picked":["Whirlwind+1"],"picked":"Singing Bowl","floor":31},{"not_picked":["Armaments"],"picked":"Singing Bowl","floor":32}],"player_experience":597042,"relics_obtained":[{"floor":6.0,"key":"Mango"},{"floor":9.0,"key":"Prayer Wheel"},{"floor":11.0,"key":"Incense Burner"},{"floor":14.0,"key":"Molten Egg 2"},{"floor":24,"key":"Matryoshka"},{"floor":26,"key":"Bag of Preparation"},{"floor":26,"key":"Dream Catcher"},{"floor":29,"key":"Omamori"}],"event_choices":[{"cards_removed":["Defend_R"],"damage_healed":0.0,"max_hp_gain":0.0,"max_hp_loss":0.0,"gold_gain":0.0,"event_name":"Golden Wing","player_choice":"Card Removal","floor":2.0,"gold_loss":0.0,"damage_taken":7.0},{"damage_healed":0.0,"max_hp_gain":0.0,"max_hp_loss":0.0,"gold_gain":0.0,"event_name":"Scrap Ooze","player_choice":"Success","floor":3.0,"gold_loss":0.0,"damage_taken":5.0,"relics_obtained":["Singing Bowl"]},{"damage_healed":0.0,"max_hp_gain":0.0,"max_hp_loss":0.0,"gold_gain":0.0,"event_name":"Golden Idol","player_choice":"Take Wound","floor":10.0,"gold_loss":0.0,"damage_taken":0.0,"relics_obtained":["Golden Idol"],"cards_obtained":["Injury"]},{"damage_healed":0.0,"max_hp_gain":0.0,"max_hp_loss":0.0,"gold_gain":0.0,"event_name":"Back to Basics","player_choice":"Simplicity","floor":19.0,"gold_loss":0.0,"damage_taken":0.0,"cards_upgraded":["Strike_R","Strike_R","Strike_R","Strike_R","Defend_R","Defend_R","Defend_R"]},{"damage_healed":0,"gold_gain":0,"player_choice":"Trade","damage_taken":0,"relics_obtained":["GremlinMask"],"max_hp_gain":0,"max_hp_loss":0,"event_name":"FaceTrader","floor":27,"gold_loss":0}],"is_beta":false,"boss_relics":[{"not_picked":["Lizard Tail","Eternal Feather"],"picked":"Busted Crown"}],"items_purged_floors":[5,12],"is_endless":false,"potions_floor_spawned":[1,4,8,11,14,18,22,29],"killed_by":"Automaton","ascension_level":20}