{"gold_per_floor":[109,128,8,8,8,37,49,82,82,82,101,119,154,154,154,257,257,269,15,34,34,52,80,80,80,104,122,139,139,155,182,182,182],"floor_reached":33,"playtime":2127,"items_purged":["Strike_G","Strike_G"],"score":498,"play_id":"0a9cf063-af5f-4827-832d-2ca1bd9bfa00","local_time":"20190331204246","is_ascension_mode":true,"campfire_choices":[{"data":"Storm of Steel","floor":10,"key":"SMITH"},{"data":"Bane","floor":15,"key":"SMITH"},{"data":"Well Laid Plans","floor":24,"key":"SMITH"},{"floor":29,"key":"REST"},{"floor":32,"key":"REST"}],"neow_cost":"NONE","seed_source_timestamp":596047479331968,"circlet_count":0,"master_deck":["AscendersBane","Defend_G","Defend_G","Defend_G","Defend_G","Defend_G","Survivor","Neutralize","Deadly Poison","Deadly Poison","Cloak And Dagger","Storm of Steel+1","Bane+1","Deflect","Well Laid Plans+1","Blur","Burst","PiercingWail","Dash+1","Slice+1","Poisoned Stab+1","Blur","Footwork"],"relics":["Ring of the Snake","NeowsBlessing","Paper Crane","The Courier","Pocketwatch","Pear","Omamori","Molten Egg 2","Cursed Key","Oddly Smooth Stone","Ninja Scroll","Potion Belt","Smiling Mask"],"potions_floor_usage":[8,13,16,23,28,31,33,33],"damage_taken":[{"damage":0,"enemies":"Cultist","floor":1,"turns":1},{"damage":0,"enemies":"Jaw Worm","floor":2,"turns":1},{"damage":0,"enemies":"Lagavulin","floor":6,"turns":1},{"damage":0,"enemies":"Small Slimes","floor":7,"turns":3},{"damage":18,"enemies":"Gremlin Nob","floor":8,"turns":4},{"damage":9,"enemies":"2 Fungi Beasts","floor":11,"turns":3},{"damage":4,"enemies":"Blue Slaver","floor":12,"turns":4},{"damage":10,"enemies":"3 Sentries","floor":13,"turns":6},{"damage":8,"enemies":"Hexaghost","floor":16,"turns":9},{"damage":19,"enemies":"2 Thieves","floor":18,"turns":5},{"damage":4,"enemies":"Shell Parasite","floor":20,"turns":6},{"damage":0,"enemies":"Snecko","floor":22,"turns":5},{"damage":5,"enemies":"Book of Stabbing","floor":23,"turns":6},{"damage":0,"enemies":"Centurion and Healer","floor":27,"turns":7},{"damage":6,"enemies":"Shelled Parasite and Fungi","floor":28,"turns":5},{"damage":0,"enemies":"Snake Plant","floor":30,"turns":5},{"damage":47,"enemies":"Gremlin Leader","floor":31,"turns":9},{"damage":31,"enemies":"Collector","floor":33,"turns":3}],"seed_played":"6965427965938667950","potions_obtained":[{"floor":1,"key":"GamblersBrew"},{"floor":6,"key":"SpeedPotion"},{"floor":11,"key":"Energy Potion"},{"floor":12,"key":"Fire Potion"},{"floor":18,"key":"SkillPotion"},{"floor":22,"key":"GhostInAJar"},{"floor":27,"key":"Strength Potion"},{"floor":28,"key":"Explosive Potion"},{"floor":31,"key":"Ancient Potion"}],"is_trial":false,"path_per_floor":["M","M","$","?","?","E","M","E","T","R","M","M","E","T","R","B",null,"M","$","M","?","M","E","R","$","T","M","M","R","M","E","R","B"],"character_chosen":"THE_SILENT","items_purchased":["Cloak And Dagger","Oddly Smooth Stone","Dash+1"],"campfire_rested":2,"item_purchase_floors":[3,19,19],"current_hp_per_floor":[63,63,63,56,56,56,56,38,48,48,39,35,25,25,25,17,64,45,45,41,41,41,36,36,36,36,36,30,54,54,7,31,0],"gold":182,"neow_bonus":"THREE_ENEMY_KILL","is_prod":false,"is_daily":false,"chose_seed":false,"campfire_upgraded":3,"win_rate":0,"timestamp":1554057766,"path_taken":["M","M","$","?","?","E","?","E","T","R","M","M","E","?","R","BOSS","M","$","M","?","M","E","R","$","T","M","M","R","M","E","R","BOSS"],"build_version":"2019-01-23","purchased_purges":2,"victory":false,"max_hp_per_floor":[70,70,70,70,70,70,70,70,80,80,80,80,80,80,80,80,80,80,80,80,80,80,80,80,80,80,80,80,80,80,80,80,80],"card_choices":[{"not_picked":["Endless Agony","Flying Knee"],"picked":"Deadly Poison","floor":1},{"not_picked":["Quick Slash","Flying Knee"],"picked":"Deadly Poison","floor":2},{"not_picked":["Poisoned Stab","Expertise","Flechettes"],"picked":"SKIP","floor":6},{"not_picked":["Poisoned Stab","Expertise","Flying Knee"],"picked":"SKIP","floor":7},{"not_picked":["Calculated Gamble","Blade Dance"],"picked":"Bane","floor":8},{"not_picked":["Blade Dance","PiercingWail"],"picked":"Deflect","floor":11},{"not_picked":["Phantasmal Killer","Expertise"],"picked":"Well Laid Plans","floor":12},{"not_picked":["Calculated Gamble","Bullet Time"],"picked":"Blur","floor":13},{"not_picked":["Tools of the Trade","Die Die Die+1"],"picked":"Burst","floor":16},{"not_picked":["Infinite Blades","Slice+1"],"picked":"PiercingWail","floor":18},{"not_picked":["Dash+1","Eviscerate+1","Poisoned Stab+1"],"picked":"SKIP","floor":20},{"not_picked":["Outmaneuver+1","Slice+1","Prepared"],"picked":"SKIP","floor":22},{"not_picked":["Dodge and Roll+1","Prepared"],"picked":"Blur","floor":23},{"not_picked":["Poisoned Stab+1","Acrobatics","Escape Plan"],"picked":"SKIP","floor":27},{"not_picked":["Prepared","Outmaneuver","Choke+1"],"picked":"SKIP","floor":28},{"not_picked":["Poisoned Stab+1","Wraith Form v2","Slice+1"],"picked":"SKIP","floor":30},{"not_picked":["Dagger Throw+1","Night Terror"],"picked":"Footwork","floor":31}],"player_experience":410218,"relics_obtained":[{"floor":6,"key":"The Courier"},{"floor":8,"key":"Pocketwatch"},{"floor":9,"key":"Pear"},{"floor":13,"key":"Omamori"},{"floor":14,"key":"Molten Egg 2"},{"floor":23,"key":"Ninja Scroll"},{"floor":26,"key":"Potion Belt"},{"floor":31,"key":"Smiling Mask"}],"event_choices":[{"damage_healed":0,"gold_gain":0,"player_choice":"Success","damage_taken":7,"relics_obtained":["Paper Crane"],"max_hp_gain":0,"max_hp_loss":0,"event_name":"Scrap Ooze","floor":4,"gold_loss":0},{"damage_healed":0,"gold_gain":0,"cards_transformed":["Strike_G"],"player_choice":"Transformed","damage_taken":0,"max_hp_gain":0,"max_hp_loss":0,"event_name":"Transmorgrifier","floor":5,"gold_loss":0,"cards_obtained":["Storm of Steel"]},{"damage_healed":0,"gold_gain":0,"cards_transformed":["Strike_G","Strike_G"],"player_choice":"Became Test Subject","damage_taken":0,"max_hp_gain":0,"max_hp_loss":0,"event_name":"Drug Dealer","floor":21,"gold_loss":0,"cards_obtained":["Slice","Poisoned Stab"]}],"is_beta":false,"boss_relics":[{"not_picked":["Calling Bell","Eternal Feather"],"picked":"Cursed Key"}],"items_purged_floors":[3,19],"is_endless":false,"potions_floor_spawned":[1,6,11,12,18,22,27,28,31],"killed_by":"Collector","ascension_level":10}