{"gold_per_floor":[117,129,141,154,170,170,202,202,202,202,238,253,253,278,278,278],"floor_reached":16,"playtime":997,"items_purged":[],"score":148,"play_id":"b74ff63d-be7f-4cf6-9f1b-b6a9dfaab9d9","local_time":"20190312193130","is_ascension_mode":true,"campfire_choices":[{"data":"Zap","floor":6,"key":"SMITH"},{"data":"Dualcast","floor":15,"key":"SMITH"}],"neow_cost":"NONE","seed_source_timestamp":2149431146180922,"circlet_count":0,"master_deck":["Strike_B","Strike_B","Strike_B","Strike_B","Defend_B","Defend_B","Defend_B","Defend_B","Zap+1","Dualcast+1","Genetic Algorithm","Self Repair","Compile Driver","Go for the Eyes","Go for the Eyes","Glacier","Capacitor","Sunder"],"relics":["Cracked Core","Singing Bowl","Golden Idol","Bronze Scales","Potion Belt"],"potions_floor_usage":[5,7,7,16,16],"damage_taken":[{"damage":0,"enemies":"Cultist","floor":1,"turns":4},{"damage":1,"enemies":"Small Slimes","floor":2,"turns":3},{"damage":2,"enemies":"2 Louse","floor":3,"turns":3},{"damage":30,"enemies":"Large Slime","floor":4,"turns":7},{"damage":5,"enemies":"3 Louse","floor":5,"turns":3},{"damage":23,"enemies":"3 Sentries","floor":7,"turns":6},{"damage":26,"enemies":"Gremlin Nob","floor":11,"turns":5},{"damage":0,"enemies":"Exordium Wildlife","floor":12,"turns":3},{"damage":3,"enemies":"Blue Slaver","floor":14,"turns":3},{"damage":48,"enemies":"Slime Boss","floor":16,"turns":10}],"seed_played":"-4558146024481207239","potions_obtained":[{"floor":0,"key":"AttackPotion"},{"floor":0,"key":"SpeedPotion"},{"floor":0,"key":"SteroidPotion"},{"floor":4,"key":"Block Potion"},{"floor":11,"key":"Block Potion"},{"floor":12,"key":"GamblersBrew"},{"floor":14,"key":"FocusPotion"}],"is_trial":false,"path_per_floor":["M","M","M","M","M","R","E","?","T","?","E","M","?","M","R","B"],"character_chosen":"DEFECT","items_purchased":[],"campfire_rested":0,"item_purchase_floors":[],"current_hp_per_floor":[68,67,72,49,44,44,28,28,28,28,11,11,34,38,38,0],"gold":278,"neow_bonus":"THREE_SMALL_POTIONS","is_prod":false,"is_daily":false,"chose_seed":false,"campfire_upgraded":2,"win_rate":0,"timestamp":1552433490,"path_taken":["M","M","?","M","M","R","E","?","T","?","E","M","?","M","R","BOSS"],"build_version":"2019-01-23","purchased_purges":0,"victory":false,"max_hp_per_floor":[75,75,75,75,75,75,75,69,69,69,71,71,71,71,71,71],"card_choices":[{"not_picked":["Coolheaded","Ball Lightning"],"picked":"Genetic Algorithm","floor":1},{"not_picked":["Streamline","Consume"],"picked":"Self Repair","floor":2},{"not_picked":["Stack","Rebound"],"picked":"Compile Driver","floor":3},{"not_picked":["Self Repair","Hologram"],"picked":"Go for the Eyes","floor":4},{"not_picked":["Thunder Strike","Barrage"],"picked":"Go for the Eyes","floor":5},{"not_picked":["Static Discharge","Recycle"],"picked":"Glacier","floor":7},{"not_picked":["Barrage","Go for the Eyes","Hyperbeam"],"picked":"Singing Bowl","floor":11},{"not_picked":["Beam Cell","Streamline"],"picked":"Capacitor","floor":12},{"not_picked":["Blizzard","Streamline"],"picked":"Sunder","floor":14}],"player_experience":158719,"relics_obtained":[{"floor":7,"key":"Singing Bowl"},{"floor":9,"key":"Bronze Scales"},{"floor":11,"key":"Potion Belt"}],"event_choices":[{"damage_healed":0,"gold_gain":0,"player_choice":"Lose Max HP","damage_taken":0,"relics_obtained":["Golden Idol"],"max_hp_gain":0,"max_hp_loss":6,"event_name":"Golden Idol","floor":8,"gold_loss":0},{"damage_healed":0,"gold_gain":0,"player_choice":"Ignored","damage_taken":0,"max_hp_gain":0,"max_hp_loss":0,"event_name":"Liars Game","floor":10,"gold_loss":0},{"damage_healed":23,"gold_gain":0,"player_choice":"Banana","damage_taken":0,"max_hp_gain":0,"max_hp_loss":0,"event_name":"Big Fish","floor":13,"gold_loss":0}],"is_beta":false,"boss_relics":[],"items_purged_floors":[],"is_endless":false,"potions_floor_spawned":[4,11,12,14],"killed_by":"Slime Boss","ascension_level":6}