{"gold_per_floor":[114,12,24,24,37,37,71,71,97,172,182,213,226,260,260,363,363,380,394,394,423,423,423,442,442],"floor_reached":25,"playtime":1147,"items_purged":["Defend_B"],"score":221,"play_id":"5e90ac13-0268-4b29-b027-e76e9272d7a1","local_time":"20190418122103","is_ascension_mode":false,"campfire_choices":[{"data":"Zap","floor":6.0,"key":"SMITH"},{"data":"Hologram","floor":8.0,"key":"SMITH"},{"data":"Streamline","floor":15,"key":"SMITH"},{"floor":23,"key":"DIG"}],"neow_cost":"NONE","seed_source_timestamp":0,"circlet_count":0,"master_deck":["Strike_B","Strike_B","Strike_B","Defend_B","Defend_B","Defend_B","Zap+1","Dualcast","Hologram+1","Self Repair","Cold Snap","Coolheaded","Streamline+1","Reboot","Rebound","Gash","Meteor Strike","Conserve Battery","Rainbow"],"special_seed":0,"relics":["Cracked Core","Pen Nib","Art of War","Anchor","Shovel","Girya","Cursed Key","Red Mask","DataDisk"],"potions_floor_usage":[14,14],"damage_taken":[{"damage":1.0,"enemies":"Jaw Worm","floor":1.0,"turns":3.0},{"damage":5.0,"enemies":"Small Slimes","floor":3.0,"turns":3.0},{"damage":4.0,"enemies":"2 Louse","floor":5.0,"turns":4.0},{"damage":19.0,"enemies":"Gremlin Nob","floor":7.0,"turns":4.0},{"damage":0.0,"enemies":"Gremlin Gang","floor":11.0,"turns":6.0},{"damage":14,"enemies":"3 Sentries","floor":12,"turns":9},{"damage":0,"enemies":"Exordium Wildlife","floor":13,"turns":3},{"damage":9,"enemies":"Lagavulin","floor":14,"turns":5},{"damage":20,"enemies":"The Guardian","floor":16,"turns":12},{"damage":0,"enemies":"Spheric Guardian","floor":18,"turns":2},{"damage":7,"enemies":"Chosen","floor":19,"turns":5},{"damage":30,"enemies":"Masked Bandits","floor":21,"turns":4},{"damage":36,"enemies":"Snake Plant","floor":24,"turns":4},{"damage":24,"enemies":"Shelled Parasite and Fungi","floor":25,"turns":2}],"seed_played":"3162058807151533477","potions_obtained":[{"floor":1.0,"key":"Weak Potion"},{"floor":7.0,"key":"FocusPotion"},{"floor":13,"key":"Energy Potion"},{"floor":18,"key":"FearPotion"},{"floor":24,"key":"FearPotion"}],"is_trial":false,"path_per_floor":["M","$","M","?","M","R","E","R","T","?","M","E","M","E","R","B",null,"M","M","?","?","?","R","M","M"],"character_chosen":"DEFECT","items_purchased":["Hologram"],"campfire_rested":0,"item_purchase_floors":[2],"current_hp_per_floor":[74,74,69,44,47,47,35,35,35,24,31,24,31,29,29,16,75,75,75,75,52,52,52,23,0],"gold":442,"neow_bonus":"REMOVE_CARD","is_prod":false,"is_daily":false,"chose_seed":false,"campfire_upgraded":3,"win_rate":0,"timestamp":1555561263,"path_taken":["M","$","M","?","M","R","E","R","T","?","M","E","M","E","R","BOSS","M","M","?","?","?","R","M","M"],"build_version":"2019-01-23","purchased_purges":1,"victory":false,"max_hp_per_floor":[75,75,75,75,75,75,75,75,75,75,75,75,75,75,75,75,75,75,75,75,75,75,75,75,75],"card_choices":[{"not_picked":["Rebound","Scrape","Force Field"],"picked":"SKIP","floor":1.0},{"not_picked":["Auto Shields","Steam"],"picked":"Self Repair","floor":3.0},{"not_picked":["Steam","Blizzard"],"picked":"Cold Snap","floor":5.0},{"not_picked":["Lockon","Static Discharge"],"picked":"Coolheaded","floor":7.0},{"not_picked":["Leap","Conserve Battery"],"picked":"Streamline","floor":11},{"not_picked":["Fission","Melter"],"picked":"Reboot","floor":12},{"not_picked":["Beam Cell","Auto Shields"],"picked":"Rebound","floor":13},{"not_picked":["Biased Cognition","Self Repair"],"picked":"Gash","floor":14},{"not_picked":["Amplify","Electrodynamics"],"picked":"Meteor Strike","floor":16},{"not_picked":["Steam","Conserve Battery","Barrage"],"picked":"SKIP","floor":18},{"not_picked":["Compile Driver","Barrage+1","Static Discharge"],"picked":"SKIP","floor":19},{"not_picked":["Recycle","Streamline"],"picked":"Conserve Battery","floor":21},{"not_picked":["Recycle+1","Barrage"],"picked":"Rainbow","floor":24}],"player_experience":436276,"relics_obtained":[{"floor":7.0,"key":"Art of War"},{"floor":9.0,"key":"Anchor"},{"floor":12,"key":"Shovel"},{"floor":14,"key":"Girya"},{"floor":21,"key":"Red Mask"},{"floor":23,"key":"DataDisk"}],"event_choices":[{"damage_healed":0.0,"max_hp_gain":0.0,"max_hp_loss":0.0,"gold_gain":0.0,"event_name":"Scrap Ooze","player_choice":"Success","floor":4.0,"gold_loss":0.0,"damage_taken":25.0,"relics_obtained":["Pen Nib"]},{"damage_healed":0.0,"max_hp_gain":0.0,"max_hp_loss":0.0,"gold_gain":75.0,"event_name":"World of Goop","player_choice":"Gather Gold","floor":10.0,"gold_loss":0.0,"damage_taken":11.0},{"damage_healed":0,"gold_gain":0,"player_choice":"Ignored","damage_taken":0,"max_hp_gain":0,"max_hp_loss":0,"event_name":"Vampires","floor":20,"gold_loss":0},{"damage_healed":0,"gold_gain":0,"player_choice":"Fought Bandits","damage_taken":0,"max_hp_gain":0,"max_hp_loss":0,"event_name":"Masked Bandits","floor":21,"gold_loss":0},{"damage_healed":0,"gold_gain":0,"player_choice":"Ignored","damage_taken":0,"max_hp_gain":0,"max_hp_loss":0,"event_name":"Ghosts","floor":22,"gold_loss":0}],"is_beta":false,"boss_relics":[{"not_picked":["Velvet Choker","Fusion Hammer"],"picked":"Cursed Key"}],"items_purged_floors":[2],"is_endless":false,"potions_floor_spawned":[1,7,13,18,24],"killed_by":"Shelled Parasite and Fungi","ascension_level":0}