{"gold_per_floor":[363,363,377,377,90,90,121,121,121,121,86,121,153,197,209,299,311,336,91,91,13,26,26,39,39,66,66,80,115,115,126,126,126],"floor_reached":33,"playtime":1253,"items_purged":["Strike_G"],"score":562,"play_id":"a270e4a7-54fc-441c-9c48-ca119bba8416","local_time":"20190323140839","is_ascension_mode":true,"campfire_choices":[{"floor":6,"key":"REST"},{"data":"Die Die Die","floor":8,"key":"SMITH"},{"data":"Skewer","floor":10,"key":"SMITH"},{"data":"Neutralize","floor":15,"key":"SMITH"},{"data":"Die Die Die","floor":23,"key":"SMITH"},{"floor":27,"key":"REST"},{"floor":30,"key":"REST"},{"floor":32,"key":"REST"}],"neow_cost":"TEN_PERCENT_HP_LOSS","seed_source_timestamp":386081260724392,"circlet_count":0,"master_deck":["AscendersBane","Defend_G","Defend_G","Defend_G","Defend_G","Defend_G","Strike_G","Strike_G","Strike_G+1","Survivor","Neutralize+1","Cloak And Dagger","Deadly Poison+1","Die Die Die+1","Skewer+1","Dodge and Roll","Poisoned Stab","Malaise","Predator","Die Die Die+1","Crippling Poison","Infinite Blades","Backflip","Dodge and Roll+1"],"relics":["Ring of the Snake","CultistMask","Mercury Hourglass","Turnip","MawBank","Pocketwatch","Runic Dome","Chemical X","Pen Nib","Potion Belt"],"potions_floor_usage":[7,12,16,24,29,33,33],"damage_taken":[{"damage":13,"enemies":"Jaw Worm","floor":1,"turns":9},{"damage":0,"enemies":"Cultist","floor":3,"turns":4},{"damage":9,"enemies":"3 Sentries","floor":7,"turns":6},{"damage":13,"enemies":"Lagavulin","floor":12,"turns":4},{"damage":0,"enemies":"2 Louse","floor":13,"turns":1},{"damage":7,"enemies":"3 Sentries","floor":14,"turns":4},{"damage":10,"enemies":"Hexaghost","floor":16,"turns":9},{"damage":0,"enemies":"Chosen","floor":18,"turns":3},{"damage":7,"enemies":"Shell Parasite","floor":22,"turns":4},{"damage":9,"enemies":"Shelled Parasite and Fungi","floor":24,"turns":4},{"damage":23,"enemies":"Centurion and Healer","floor":28,"turns":4},{"damage":4,"enemies":"Book of Stabbing","floor":29,"turns":5},{"damage":1,"enemies":"3 Cultists","floor":31,"turns":3},{"damage":66,"enemies":"Champ","floor":33,"turns":10}],"seed_played":"-4604613726483941454","potions_obtained":[{"floor":3,"key":"FearPotion"},{"floor":12,"key":"SkillPotion"},{"floor":13,"key":"Block Potion"},{"floor":16,"key":"SkillPotion"},{"floor":24,"key":"Energy Potion"},{"floor":29,"key":"Fire Potion"}],"is_trial":false,"path_per_floor":["M","?","M","?","$","R","E","R","T","R","?","E","M","E","R","B",null,"M","$","?","$","M","R","M","?","T","R","M","E","R","M","R","B"],"character_chosen":"THE_SILENT","items_purchased":["Die Die Die","Strength Potion","Skewer","Chemical X","Predator","Die Die Die"],"campfire_rested":4,"item_purchase_floors":[5,5,5,19,19,21],"current_hp_per_floor":[46,46,46,28,28,46,37,37,37,37,52,39,39,32,32,22,51,51,51,51,51,44,44,35,35,35,53,30,26,44,43,60,0],"gold":126,"neow_bonus":"TWO_FIFTY_GOLD","is_prod":false,"is_daily":false,"chose_seed":false,"campfire_upgraded":4,"win_rate":0,"timestamp":1553317719,"path_taken":["M","?","?","?","$","R","E","R","T","R","?","E","M","E","R","BOSS","M","$","?","$","M","R","M","?","T","R","M","E","R","?","R","BOSS"],"build_version":"2019-01-23","purchased_purges":1,"victory":false,"max_hp_per_floor":[60,60,60,60,60,60,60,60,60,60,60,60,60,60,60,60,60,60,60,60,60,60,60,60,60,60,60,60,60,60,60,60,60],"card_choices":[{"not_picked":["Deflect","Quick Slash"],"picked":"Cloak And Dagger","floor":1},{"not_picked":["Underhanded Strike","Finisher"],"picked":"Deadly Poison","floor":3},{"not_picked":["Tactician","Underhanded Strike"],"picked":"Dodge and Roll","floor":7},{"not_picked":["Blade Dance","Catalyst"],"picked":"Poisoned Stab","floor":12},{"not_picked":["Deflect","Quick Slash","Endless Agony"],"picked":"SKIP","floor":13},{"not_picked":["Phantasmal Killer","Blade Dance","Tactician"],"picked":"SKIP","floor":14},{"not_picked":["Grand Finale","Die Die Die"],"picked":"Malaise","floor":16},{"not_picked":["Deadly Poison","Slice","Accuracy"],"picked":"SKIP","floor":18},{"not_picked":["Quick Slash","Dagger Throw","Distraction"],"picked":"SKIP","floor":22},{"not_picked":["Sucker Punch+1","Deflect"],"picked":"Crippling Poison","floor":24},{"not_picked":["Concentrate","Dagger Throw"],"picked":"Backflip","floor":28},{"not_picked":["Outmaneuver","Predator","Deflect"],"picked":"SKIP","floor":29},{"not_picked":["Dagger Spray+1","Poisoned Stab"],"picked":"Dodge and Roll+1","floor":31}],"player_experience":777789,"relics_obtained":[{"floor":7,"key":"Mercury Hourglass"},{"floor":9,"key":"Turnip"},{"floor":12,"key":"MawBank"},{"floor":14,"key":"Pocketwatch"},{"floor":26,"key":"Pen Nib"},{"floor":29,"key":"Potion Belt"}],"event_choices":[{"damage_healed":0,"gold_gain":0,"player_choice":"Trade","damage_taken":0,"relics_obtained":["CultistMask"],"max_hp_gain":0,"max_hp_loss":0,"event_name":"FaceTrader","floor":2,"gold_loss":0},{"damage_healed":0,"gold_gain":0,"player_choice":"Entered Light","damage_taken":18,"max_hp_gain":0,"max_hp_loss":0,"event_name":"Shining Light","floor":4,"gold_loss":0,"cards_upgraded":["Deadly Poison","Strike_G"]},{"damage_healed":15,"gold_gain":0,"player_choice":"Healed","damage_taken":0,"max_hp_gain":0,"max_hp_loss":0,"event_name":"The Cleric","floor":11,"gold_loss":35},{"damage_healed":0,"gold_gain":0,"player_choice":"Ignored","damage_taken":0,"max_hp_gain":0,"max_hp_loss":0,"event_name":"Ghosts","floor":20,"gold_loss":0},{"damage_healed":0,"gold_gain":0,"cards_transformed":["Strike_G"],"player_choice":"Transformed","damage_taken":0,"max_hp_gain":0,"max_hp_loss":0,"event_name":"Transmorgrifier","floor":25,"gold_loss":0,"cards_obtained":["Infinite Blades"]}],"is_beta":false,"boss_relics":[{"not_picked":["Philosopher\u0027s Stone","HoveringKite"],"picked":"Runic Dome"}],"items_purged_floors":[5],"is_endless":false,"potions_floor_spawned":[3,12,13,16,24,29],"killed_by":"Champ","ascension_level":20}