{"gold_per_floor":[118,137,156,176,176,176,190,206,233,249,249,260,260,224,224,224],"floor_reached":16,"playtime":750,"items_purged":[],"score":192,"play_id":"d0e7132d-4b22-4f42-9408-95d078da86fb","local_time":"20190418222213","is_ascension_mode":true,"campfire_choices":[{"floor":6,"key":"REST"},{"floor":11,"key":"REST"},{"data":"Uppercut","floor":13,"key":"SMITH"},{"data":"Bash","floor":15,"key":"SMITH"}],"neow_cost":"PERCENT_DAMAGE","seed_source_timestamp":1777590282566188,"circlet_count":0,"master_deck":["AscendersBane","Strike_R","Strike_R","Strike_R","Defend_R","Defend_R","Defend_R","Defend_R","Bash+1","Uppercut+1","Combust","Shrug It Off","Rampage","Shrug It Off","Feed","Shrug It Off"],"relics":["Burning Blood","Boot"],"potions_floor_usage":[10,10,16],"damage_taken":[{"damage":13,"enemies":"Cultist","floor":1,"turns":5},{"damage":10,"enemies":"2 Louse","floor":2,"turns":4},{"damage":15,"enemies":"Jaw Worm","floor":3,"turns":4},{"damage":15,"enemies":"3 Louse","floor":4,"turns":4},{"damage":30,"enemies":"Exordium Wildlife","floor":7,"turns":8},{"damage":14,"enemies":"Large Slime","floor":8,"turns":6},{"damage":11,"enemies":"Lots of Slimes","floor":10,"turns":3},{"damage":1,"enemies":"2 Fungi Beasts","floor":12,"turns":6},{"damage":44,"enemies":"Hexaghost","floor":16,"turns":9}],"seed_played":"6713372473269272935","potions_obtained":[{"floor":7,"key":"Weak Potion"},{"floor":8,"key":"Weak Potion"},{"floor":10,"key":"EssenceOfSteel"}],"is_trial":false,"path_per_floor":["M","M","M","M","?","R","M","M","T","M","R","M","R","?","R","B"],"character_chosen":"IRONCLAD","items_purchased":[],"campfire_rested":2,"item_purchase_floors":[],"current_hp_per_floor":[43,39,30,21,21,43,19,11,11,9,32,40,40,40,40,0],"gold":224,"neow_bonus":"TRANSFORM_TWO_CARDS","is_prod":false,"is_daily":false,"chose_seed":false,"campfire_upgraded":2,"win_rate":0,"timestamp":1555593733,"path_taken":["M","M","M","?","?","R","M","M","T","M","R","M","R","?","R","BOSS"],"build_version":"2019-01-23","purchased_purges":0,"victory":false,"max_hp_per_floor":[75,75,75,75,75,75,75,75,75,78,78,81,81,81,81,81],"card_choices":[{"not_picked":["Perfected Strike","Armaments","Corruption"],"picked":"SKIP","floor":1},{"not_picked":["Clash","Metallicize"],"picked":"Shrug It Off","floor":2},{"not_picked":["Flex","Reckless Charge","Pummel"],"picked":"SKIP","floor":3},{"not_picked":["Flex","True Grit"],"picked":"Rampage","floor":4},{"not_picked":["Intimidate","Headbutt"],"picked":"Shrug It Off","floor":7},{"not_picked":["Thunderclap","Shrug It Off"],"picked":"Feed","floor":8},{"not_picked":["Iron Wave","Dual Wield"],"picked":"Shrug It Off","floor":10},{"not_picked":["Reckless Charge","Clash","Wild Strike"],"picked":"SKIP","floor":12}],"player_experience":972974,"relics_obtained":[{"floor":9,"key":"Boot"}],"event_choices":[{"damage_healed":0,"gold_gain":0,"player_choice":"Fled","damage_taken":0,"max_hp_gain":0,"max_hp_loss":0,"event_name":"Scrap Ooze","floor":5,"gold_loss":0},{"damage_healed":0,"gold_gain":0,"player_choice":"Left Gold","damage_taken":0,"max_hp_gain":0,"max_hp_loss":0,"event_name":"World of Goop","floor":14,"gold_loss":36}],"is_beta":false,"boss_relics":[],"items_purged_floors":[],"is_endless":false,"potions_floor_spawned":[7,8,10],"killed_by":"Hexaghost","ascension_level":20}