{"gold_per_floor":[110,126,126,126,137,137,62,74,74,109,109,142,9,9,9,104,104,118,118,118,118,18,18,37,78,104,104,104,104,125,145,145,238,238,254,278,278,49,67,67,91,91],"floor_reached":42,"playtime":1967,"items_purged":["Strike_B","Strike_B+1","Strike_B+1"],"score":852,"play_id":"1e46b70a-a733-4980-92ce-dcbe2a6ab8bd","local_time":"20190408154924","is_ascension_mode":true,"campfire_choices":[{"data":"Zap","floor":6,"key":"SMITH"},{"data":"Doom and Gloom","floor":11,"key":"SMITH"},{"data":"Defragment","floor":15,"key":"SMITH"},{"floor":23,"key":"REST"},{"data":"Multi-Cast","floor":27,"key":"SMITH"},{"floor":32,"key":"REST"},{"floor":40,"key":"REST"}],"neow_cost":"NONE","seed_source_timestamp":888812347430618,"circlet_count":0,"master_deck":["AscendersBane","Defend_B+1","Defend_B+1","Defend_B+1","Defend_B+1","Zap+1","Dualcast","Capacitor","Doom and Gloom+1","Coolheaded+1","Leap","Defragment+1","Hologram","Multi-Cast+1","Compile Driver","RitualDagger","Defragment+1","Coolheaded","Barrage"],"relics":["Cracked Core","Strawberry","Pocketwatch","Meat on the Bone","Oddly Smooth Stone","Shuriken","Golden Idol","Busted Crown","Orichalcum","Ancient Tea Set","Fusion Hammer"],"potions_floor_usage":[10,25,29,30,33,33,41,42],"damage_taken":[{"damage":0,"enemies":"2 Louse","floor":1,"turns":2},{"damage":3,"enemies":"Small Slimes","floor":2,"turns":4},{"damage":2,"enemies":"Jaw Worm","floor":5,"turns":4},{"damage":1,"enemies":"2 Fungi Beasts","floor":8,"turns":4},{"damage":24,"enemies":"3 Sentries","floor":10,"turns":7},{"damage":13,"enemies":"Lagavulin","floor":12,"turns":6},{"damage":16,"enemies":"Hexaghost","floor":16,"turns":8},{"damage":18,"enemies":"2 Thieves","floor":18,"turns":4},{"damage":7,"enemies":"Colosseum Slavers","floor":20,"turns":5},{"damage":0,"enemies":"Spheric Guardian","floor":24,"turns":5},{"damage":24,"enemies":"Book of Stabbing","floor":25,"turns":5},{"damage":0,"enemies":"Shelled Parasite and Fungi","floor":29,"turns":1},{"damage":4,"enemies":"3 Cultists","floor":30,"turns":3},{"damage":1,"enemies":"Centurion and Healer","floor":31,"turns":4},{"damage":52,"enemies":"Champ","floor":33,"turns":9},{"damage":0,"enemies":"3 Shapes","floor":35,"turns":5},{"damage":14,"enemies":"Orb Walker","floor":36,"turns":4},{"damage":18,"enemies":"4 Shapes","floor":39,"turns":8},{"damage":31,"enemies":"Transient","floor":41,"turns":6},{"damage":49,"enemies":"Reptomancer","floor":42,"turns":2}],"seed_played":"-271127499296022650","potions_obtained":[{"floor":1,"key":"LiquidBronze"},{"floor":2,"key":"SmokeBomb"},{"floor":24,"key":"Weak Potion"},{"floor":25,"key":"FearPotion"},{"floor":30,"key":"LiquidBronze"},{"floor":31,"key":"FocusPotion"},{"floor":35,"key":"SkillPotion"}],"is_trial":false,"path_per_floor":["M","M","?","?","M","R","?","M","T","E","R","E","$","?","R","B",null,"M","?","?","?","$","R","M","E","T","R","?","M","M","M","R","B",null,"M","M","?","$","M","R","M","E"],"character_chosen":"DEFECT","items_purchased":["Hologram","FocusPotion","Coolheaded"],"campfire_rested":3,"item_purchase_floors":[13,38,38],"current_hp_per_floor":[71,68,63,68,66,66,66,65,65,53,53,52,52,52,52,48,68,50,44,49,49,49,71,71,47,47,47,47,47,43,42,64,24,62,62,48,48,48,42,64,45,0],"gold":91,"neow_bonus":"RANDOM_COMMON_RELIC","is_prod":false,"is_daily":false,"chose_seed":false,"campfire_upgraded":4,"win_rate":0,"timestamp":1554706164,"path_taken":["M","M","?","?","M","R","?","M","T","E","R","E","$","?","R","BOSS","M","?","?","?","?","R","M","E","T","R","?","?","?","M","R","BOSS","M","M","?","$","?","R","M","E"],"build_version":"2019-01-23","purchased_purges":3,"victory":false,"max_hp_per_floor":[78,78,78,83,83,83,83,83,83,83,83,83,83,75,75,75,75,75,75,75,75,75,75,75,75,75,75,75,75,75,75,75,75,75,75,75,75,75,75,75,75,75],"card_choices":[{"not_picked":["Gash","Lockon"],"picked":"Capacitor","floor":1},{"not_picked":["Compile Driver","Redo"],"picked":"Doom and Gloom","floor":2},{"not_picked":["Static Discharge","White Noise"],"picked":"Coolheaded","floor":5},{"not_picked":["Stack","Recycle"],"picked":"Leap","floor":8},{"not_picked":["Melter","Turbo","BootSequence"],"picked":"SKIP","floor":10},{"not_picked":["Conserve Battery","Compile Driver"],"picked":"Defragment","floor":12},{"not_picked":["Thunder Strike","Meteor Strike"],"picked":"Multi-Cast","floor":16},{"not_picked":[],"picked":"Compile Driver","floor":18},{"not_picked":["Compile Driver"],"picked":"SKIP","floor":24},{"not_picked":["Leap"],"picked":"SKIP","floor":25},{"not_picked":["Leap"],"picked":"SKIP","floor":25},{"not_picked":["Streamline"],"picked":"SKIP","floor":30},{"not_picked":["Recycle"],"picked":"SKIP","floor":31},{"not_picked":["Storm"],"picked":"SKIP","floor":35},{"not_picked":["Gash+1"],"picked":"SKIP","floor":36},{"not_picked":[],"picked":"Barrage","floor":39},{"not_picked":["Steam"],"picked":"SKIP","floor":41}],"player_experience":862996,"relics_obtained":[{"floor":9,"key":"Meat on the Bone"},{"floor":10,"key":"Oddly Smooth Stone"},{"floor":12,"key":"Shuriken"},{"floor":25,"key":"Orichalcum"},{"floor":26,"key":"Ancient Tea Set"}],"event_choices":[{"damage_healed":0,"gold_gain":0,"player_choice":"Success","damage_taken":5,"relics_obtained":["Pocketwatch"],"max_hp_gain":0,"max_hp_loss":0,"event_name":"Scrap Ooze","floor":3,"gold_loss":0},{"damage_healed":0,"gold_gain":0,"player_choice":"Donut","damage_taken":0,"max_hp_gain":5,"max_hp_loss":0,"event_name":"Big Fish","floor":4,"gold_loss":0},{"cards_removed":["Strike_B"],"damage_healed":0,"gold_gain":0,"player_choice":"Card Removal","damage_taken":0,"max_hp_gain":0,"max_hp_loss":0,"event_name":"The Cleric","floor":7,"gold_loss":75},{"damage_healed":0,"gold_gain":0,"player_choice":"Lose Max HP","damage_taken":0,"relics_obtained":["Golden Idol"],"max_hp_gain":0,"max_hp_loss":8,"event_name":"Golden Idol","floor":14,"gold_loss":0},{"damage_healed":0,"gold_gain":0,"player_choice":"Joined the Cult","damage_taken":6,"max_hp_gain":0,"max_hp_loss":0,"event_name":"Nest","floor":19,"gold_loss":0,"cards_obtained":["RitualDagger"]},{"damage_healed":0,"gold_gain":0,"player_choice":"Fight","damage_taken":0,"max_hp_gain":0,"max_hp_loss":0,"event_name":"Colosseum","floor":20,"gold_loss":0},{"damage_healed":0,"gold_gain":0,"player_choice":"Fled From Nobs","damage_taken":0,"max_hp_gain":0,"max_hp_loss":0,"event_name":"Colosseum","floor":20,"gold_loss":0},{"damage_healed":0,"gold_gain":0,"player_choice":"Simplicity","damage_taken":0,"max_hp_gain":0,"max_hp_loss":0,"event_name":"Back to Basics","floor":21,"gold_loss":0,"cards_upgraded":["Strike_B","Strike_B","Defend_B","Defend_B","Defend_B","Defend_B"]},{"damage_healed":0,"gold_gain":0,"player_choice":"Upgraded","damage_taken":0,"max_hp_gain":0,"max_hp_loss":0,"event_name":"Upgrade Shrine","floor":28,"gold_loss":0,"cards_upgraded":["Coolheaded"]},{"damage_healed":0,"gold_gain":0,"player_choice":"Copied","damage_taken":0,"max_hp_gain":0,"max_hp_loss":0,"event_name":"Duplicator","floor":37,"gold_loss":0,"cards_obtained":["Defragment"]}],"is_beta":false,"boss_relics":[{"not_picked":["Philosopher\u0027s Stone","Eternal Feather"],"picked":"Busted Crown"},{"not_picked":["Pandora\u0027s Box","Empty Cage"],"picked":"Fusion Hammer"}],"items_purged_floors":[13,22,38],"is_endless":false,"potions_floor_spawned":[1,2,8,20,24,25,30,31,35],"killed_by":"Reptomancer","ascension_level":20}