{"gold_per_floor":[20,0,15,28,46,46,76,94,94,94,109,109,56,69,69,145,145,157,77],"floor_reached":19,"playtime":852,"items_purged":[],"score":342,"play_id":"1de2ef8a-d168-4bdd-8372-4031deec2e81","local_time":"20190504210301","is_ascension_mode":true,"campfire_choices":[{"data":"Zap","floor":6,"key":"SMITH"},{"floor":12,"key":"REST"},{"data":"Conserve Battery","floor":15,"key":"SMITH"}],"neow_cost":"NO_GOLD","seed_source_timestamp":489264167034400,"circlet_count":0,"master_deck":["AscendersBane","Strike_B","Strike_B","Strike_B","Strike_B","Defend_B","Defend_B","Defend_B","Defend_B","Zap+1","Dualcast","Rebound","Gash","Seek","Sweeping Beam","Gash","FTL","Gash","Conserve Battery+1","Coolheaded","Electrodynamics"],"relics":["Cracked Core","Du-Vu Doll","Dream Catcher","Bottled Lightning","Fusion Hammer"],"potions_floor_usage":[11,16,16],"damage_taken":[{"damage":14,"enemies":"Jaw Worm","floor":1,"turns":4},{"damage":3,"enemies":"2 Louse","floor":3,"turns":3},{"damage":1,"enemies":"Cultist","floor":4,"turns":3},{"damage":4,"enemies":"Red Slaver","floor":5,"turns":3},{"damage":20,"enemies":"3 Sentries","floor":7,"turns":6},{"damage":17,"enemies":"Exordium Thugs","floor":8,"turns":3},{"damage":0,"enemies":"3 Louse","floor":11,"turns":1},{"damage":4,"enemies":"Looter","floor":14,"turns":2},{"damage":14,"enemies":"The Guardian","floor":16,"turns":14},{"damage":39,"enemies":"Shell Parasite","floor":18,"turns":5},{"damage":24,"enemies":"2 Thieves","floor":19,"turns":2}],"seed_played":"6972203879316735477","potions_obtained":[{"floor":8,"key":"Explosive Potion"},{"floor":11,"key":"AttackPotion"},{"floor":14,"key":"Regen Potion"},{"floor":16,"key":"GamblersBrew"}],"is_trial":false,"path_per_floor":["M","?","M","M","M","R","E","M","T","?","M","R","$","M","R","B",null,"M","M"],"character_chosen":"DEFECT","items_purchased":["Conserve Battery"],"campfire_rested":1,"item_purchase_floors":[13],"current_hp_per_floor":[50,50,47,46,42,42,22,5,5,5,5,26,26,22,22,23,59,20,0],"gold":77,"neow_bonus":"ONE_RARE_RELIC","is_prod":false,"is_daily":false,"chose_seed":false,"campfire_upgraded":2,"win_rate":0,"timestamp":1556971381,"path_taken":["M","?","M","M","M","R","E","M","T","?","M","R","$","M","R","BOSS","M","M"],"build_version":"2019-01-23","purchased_purges":0,"victory":false,"max_hp_per_floor":[71,71,71,71,71,71,71,71,71,71,71,71,71,71,71,71,71,71,71],"card_choices":[{"not_picked":["Steam","Leap"],"picked":"Rebound","floor":1},{"not_picked":["Beam Cell","Barrage"],"picked":"Gash","floor":3},{"not_picked":["Hello World","Force Field"],"picked":"Seek","floor":4},{"not_picked":["Rebound","Redo"],"picked":"Sweeping Beam","floor":5},{"not_picked":["Hologram","Redo"],"picked":"Gash","floor":7},{"not_picked":["Stack","Aggregate"],"picked":"FTL","floor":8},{"not_picked":["Redo","Steam"],"picked":"Gash","floor":11},{"not_picked":["Steam","Redo"],"picked":"Coolheaded","floor":14},{"not_picked":["Biased Cognition","Fission"],"picked":"Electrodynamics","floor":16},{"not_picked":["Rebound","Beam Cell","Heatsinks"],"picked":"SKIP","floor":18}],"player_experience":1221047,"relics_obtained":[{"floor":7,"key":"Dream Catcher"},{"floor":9,"key":"Bottled Lightning"}],"event_choices":[{"damage_healed":0,"gold_gain":0,"player_choice":"Left Gold","damage_taken":0,"max_hp_gain":0,"max_hp_loss":0,"event_name":"World of Goop","floor":2,"gold_loss":20},{"damage_healed":0,"gold_gain":0,"player_choice":"Ignored","damage_taken":0,"max_hp_gain":0,"max_hp_loss":0,"event_name":"Shining Light","floor":10,"gold_loss":0}],"is_beta":false,"boss_relics":[{"not_picked":["Velvet Choker","Coffee Dripper"],"picked":"Fusion Hammer"}],"items_purged_floors":[],"is_endless":false,"potions_floor_spawned":[8,11,14,16],"killed_by":"2 Thieves","ascension_level":20}