{"gold_per_floor":[112,124,124,124,2,27,27,27,100,20,34,54,75,100,100,225,225,248,268,292,292,313,313,313,313,313,313,313,313,313,332,332,332],"floor_reached":33,"playtime":1011,"items_purged":["Regret","Injury"],"score":247,"play_id":"59384f77-09ac-4b90-9ed8-d0c0cb7f158c","local_time":"20190418222434","is_ascension_mode":false,"campfire_choices":[{"data":"Zap","floor":8,"key":"SMITH"},{"floor":15,"key":"REST"},{"floor":23,"key":"REST"},{"floor":27,"key":"REST"},{"floor":29,"key":"RECALL"},{"floor":32,"key":"REST"}],"neow_cost":"NONE","seed_source_timestamp":2266771073497,"circlet_count":0,"master_deck":["Strike_B","Strike_B+1","Strike_B","Strike_B","Defend_B","Defend_B","Defend_B","Defend_B+1","Zap+1","Dualcast","Rebound","Streamline","Tempest","Hologram","Defragment","Hologram","Darkness","Reboot","Coolheaded","Cold Snap","Necronomicurse","Capacitor","Self Repair+1"],"relics":["Cracked Core","Symbiotic Virus","Orichalcum","Golden Idol","The Courier","Fusion Hammer","MutagenicStrength","Necronomicon"],"potions_floor_usage":[33],"damage_taken":[{"damage":6,"enemies":"Cultist","floor":1,"turns":3},{"damage":0,"enemies":"Small Slimes","floor":2,"turns":2},{"damage":35,"enemies":"3 Sentries","floor":6,"turns":7},{"damage":1,"enemies":"2 Louse","floor":11,"turns":2},{"damage":3,"enemies":"Exordium Wildlife","floor":12,"turns":3},{"damage":6,"enemies":"Blue Slaver","floor":13,"turns":2},{"damage":1,"enemies":"Large Slime","floor":14,"turns":4},{"damage":23,"enemies":"The Guardian","floor":16,"turns":10},{"damage":8,"enemies":"Shell Parasite","floor":18,"turns":4},{"damage":0,"enemies":"Spheric Guardian","floor":19,"turns":3},{"damage":20,"enemies":"Chosen and Byrds","floor":20,"turns":5},{"damage":25,"enemies":"Snecko","floor":22,"turns":5},{"damage":18,"enemies":"Snake Plant","floor":31,"turns":3},{"damage":87,"enemies":"Champ","floor":33,"turns":12}],"seed_played":"886470743303179736","potions_obtained":[{"floor":6,"key":"LiquidBronze"},{"floor":12,"key":"Swift Potion"},{"floor":14,"key":"SteroidPotion"},{"floor":20,"key":"Strength Potion"},{"floor":31,"key":"Block Potion"}],"is_trial":false,"path_per_floor":["M","M","?","?","$","E","?","R","T","$","M","M","M","M","R","B",null,"M","M","M","?","M","R","?","?","T","R","?","R","?","M","R","B"],"character_chosen":"DEFECT","items_purchased":["Streamline"],"campfire_rested":4,"item_purchase_floors":[5],"current_hp_per_floor":[76,76,76,60,60,25,25,25,25,25,24,21,15,14,38,15,82,74,74,54,54,29,53,37,37,37,61,61,61,61,43,67,0],"gold":332,"neow_bonus":"TEN_PERCENT_HP_BONUS","is_prod":false,"is_daily":false,"chose_seed":false,"campfire_upgraded":1,"win_rate":0,"timestamp":1555597474,"path_taken":["M","?","?","?","$","E","?","R","T","$","M","M","?","M","R","BOSS","M","M","M","?","M","R","?","?","T","R","?","R","?","M","R","BOSS"],"build_version":"2019-01-23","purchased_purges":2,"victory":false,"max_hp_per_floor":[82,82,82,82,82,82,82,82,82,82,82,82,82,82,82,82,82,82,82,82,82,82,82,82,82,82,82,82,82,82,82,82,82],"card_choices":[{"not_picked":["Coolheaded","Steam Power"],"picked":"Rebound","floor":1},{"not_picked":["Stack","Compile Driver","Rebound"],"picked":"SKIP","floor":2},{"not_picked":["Beam Cell","Doom and Gloom"],"picked":"Tempest","floor":6},{"not_picked":["Hello World","Ball Lightning"],"picked":"Hologram","floor":11},{"not_picked":["Barrage","Machine Learning"],"picked":"Defragment","floor":12},{"not_picked":["Consume","Sweeping Beam"],"picked":"Hologram","floor":13},{"not_picked":["Undo","Hello World"],"picked":"Darkness","floor":14},{"not_picked":["Rainbow","Thunder Strike"],"picked":"Reboot","floor":16},{"not_picked":["Force Field","Stack","Sweeping Beam"],"picked":"SKIP","floor":18},{"not_picked":["Sweeping Beam","Hello World"],"picked":"Coolheaded","floor":19},{"not_picked":["Sweeping Beam","Blizzard","Leap"],"picked":"SKIP","floor":20},{"not_picked":["Static Discharge","Rainbow"],"picked":"Cold Snap","floor":22},{"not_picked":["Storm","Chaos"],"picked":"Self Repair+1","floor":31}],"player_experience":447931,"relics_obtained":[{"floor":6,"key":"Orichalcum"},{"floor":9,"key":"The Courier"},{"floor":24,"key":"Necronomicon"}],"event_choices":[{"damage_healed":0,"gold_gain":0,"player_choice":"Box","damage_taken":0,"relics_obtained":["Symbiotic Virus"],"max_hp_gain":0,"max_hp_loss":0,"event_name":"Big Fish","floor":3,"gold_loss":0,"cards_obtained":["Regret"]},{"damage_healed":0,"gold_gain":0,"player_choice":"Entered Light","damage_taken":16,"max_hp_gain":0,"max_hp_loss":0,"event_name":"Shining Light","floor":4,"gold_loss":0,"cards_upgraded":["Strike_B","Defend_B"]},{"damage_healed":0,"gold_gain":0,"player_choice":"Take Wound","damage_taken":0,"relics_obtained":["Golden Idol"],"max_hp_gain":0,"max_hp_loss":0,"event_name":"Golden Idol","floor":7,"gold_loss":0,"cards_obtained":["Injury"]},{"damage_healed":0,"gold_gain":0,"player_choice":"Inject Mutagens","damage_taken":0,"relics_obtained":["MutagenicStrength"],"max_hp_gain":0,"max_hp_loss":0,"event_name":"Drug Dealer","floor":21,"gold_loss":0},{"damage_healed":0,"gold_gain":0,"player_choice":"Obtained Book","damage_taken":16,"max_hp_gain":0,"max_hp_loss":0,"event_name":"Cursed Tome","floor":24,"gold_loss":0},{"damage_healed":0,"gold_gain":0,"player_choice":"Ignored","damage_taken":0,"max_hp_gain":0,"max_hp_loss":0,"event_name":"Vampires","floor":25,"gold_loss":0},{"damage_healed":0,"gold_gain":0,"player_choice":"Read","damage_taken":0,"max_hp_gain":0,"max_hp_loss":0,"event_name":"The Library","floor":28,"gold_loss":0,"cards_obtained":["Capacitor"]},{"damage_healed":0,"gold_gain":0,"player_choice":"Ignored","damage_taken":0,"max_hp_gain":0,"max_hp_loss":0,"event_name":"Ghosts","floor":30,"gold_loss":0}],"is_beta":false,"boss_relics":[{"not_picked":["Tiny House","Empty Cage"],"picked":"Fusion Hammer"}],"items_purged_floors":[5,10],"is_endless":false,"potions_floor_spawned":[6,12,14,20,31],"killed_by":"Champ","ascension_level":0}