{"gold_per_floor":[116,116,134,154,171,196,196,196,196,52,70,125,125,138,138,239,239,255,220,233,158,168,168,168],"floor_reached":24,"playtime":2247,"items_purged":[],"score":235,"play_id":"a12860f1-5ede-45ab-82d0-b0e64e7b17e5","local_time":"20190424234040","is_ascension_mode":true,"campfire_choices":[{"floor":8,"key":"REST"},{"floor":15,"key":"REST"},{"floor":23,"key":"REST"}],"neow_cost":"NONE","seed_source_timestamp":91321463178906,"circlet_count":0,"master_deck":["Strike_R","Strike_R","Strike_R","Strike_R","Strike_R","Defend_R","Defend_R","Defend_R","Bash","Ghostly Armor","Iron Wave+1","Reaper+1","Flame Barrier+1","Flame Barrier"],"relics":["Black Blood","Molten Egg 2","FossilizedHelix","Vajra","Mango","Torii"],"potions_floor_usage":[2,4,6,6,16,18,19,24],"damage_taken":[{"damage":1,"enemies":"Jaw Worm","floor":1,"turns":5},{"damage":1,"enemies":"Cultist","floor":3,"turns":3},{"damage":11,"enemies":"2 Louse","floor":4,"turns":3},{"damage":12,"enemies":"Large Slime","floor":5,"turns":11},{"damage":86,"enemies":"Lagavulin","floor":6,"turns":10},{"damage":10,"enemies":"Exordium Wildlife","floor":11,"turns":7},{"damage":25,"enemies":"Gremlin Nob","floor":12,"turns":5},{"damage":0,"enemies":"Looter","floor":14,"turns":3},{"damage":40,"enemies":"The Guardian","floor":16,"turns":13},{"damage":41,"enemies":"Spheric Guardian","floor":18,"turns":8},{"damage":26,"enemies":"2 Thieves","floor":19,"turns":5},{"damage":61,"enemies":"Centurion and Healer","floor":20,"turns":23},{"damage":28,"enemies":"Snake Plant","floor":22,"turns":6},{"damage":59,"enemies":"Book of Stabbing","floor":24,"turns":7}],"seed_played":"5718603621131288883","potions_obtained":[{"floor":2,"key":"Fruit Juice"},{"floor":2,"key":"PowerPotion"},{"floor":2,"key":"SkillPotion"},{"floor":3,"key":"BloodPotion"},{"floor":5,"key":"SmokeBomb"},{"floor":6,"key":"Swift Potion"},{"floor":12,"key":"LiquidBronze"},{"floor":18,"key":"Swift Potion"},{"floor":22,"key":"PowerPotion"}],"is_trial":false,"path_per_floor":["M","?","M","M","M","E","?","R","T","$","M","?","?","M","R","B",null,"M","M","M","?","M","R","E"],"character_chosen":"IRONCLAD","items_purchased":["Vajra"],"campfire_rested":3,"item_purchase_floors":[10],"current_hp_per_floor":[88,93,93,93,87,7,38,65,65,65,61,56,44,50,82,48,107,76,72,33,33,15,47,0],"gold":168,"neow_bonus":"TEN_PERCENT_HP_BONUS","is_prod":false,"is_daily":false,"chose_seed":false,"campfire_upgraded":0,"win_rate":0,"timestamp":1556163640,"path_taken":["M","?","?","M","M","E","?","R","T","$","M","?","?","M","R","BOSS","M","M","M","?","M","R","E"],"build_version":"2019-01-23","purchased_purges":0,"victory":false,"max_hp_per_floor":[88,93,93,93,93,93,93,93,93,93,93,107,107,107,107,107,107,107,107,107,107,107,107,107],"card_choices":[{"not_picked":["Twin Strike","Thunderclap","Pommel Strike"],"picked":"SKIP","floor":1},{"not_picked":["Clothesline","Body Slam","Thunderclap"],"picked":"SKIP","floor":3},{"not_picked":["Heavy Blade","Feel No Pain","True Grit"],"picked":"SKIP","floor":4},{"not_picked":["Burning Pact","Armaments","Clash"],"picked":"SKIP","floor":5},{"not_picked":["Body Slam","Thunderclap"],"picked":"Ghostly Armor","floor":6},{"not_picked":["True Grit","Seeing Red","Rupture"],"picked":"SKIP","floor":11},{"not_picked":["Seeing Red","Clash+1"],"picked":"Iron Wave+1","floor":12},{"not_picked":["Brutality","Sword Boomerang+1","Wild Strike+1"],"picked":"SKIP","floor":14},{"not_picked":["Immolate+1","Impervious"],"picked":"Reaper+1","floor":16},{"not_picked":["Anger+1","Second Wind","Rage"],"picked":"SKIP","floor":18},{"not_picked":["Clothesline+1","Second Wind"],"picked":"Flame Barrier+1","floor":19},{"not_picked":["Evolve","Clash+1"],"picked":"Flame Barrier","floor":20},{"not_picked":["Flex","Body Slam+1","Twin Strike+1"],"picked":"SKIP","floor":22}],"player_experience":38459,"relics_obtained":[{"floor":6,"key":"Molten Egg 2"},{"floor":9,"key":"FossilizedHelix"},{"floor":12,"key":"Mango"}],"event_choices":[{"damage_healed":0,"gold_gain":0,"player_choice":"Got Potions","damage_taken":0,"max_hp_gain":0,"max_hp_loss":0,"event_name":"Lab","floor":2,"gold_loss":0},{"damage_healed":31,"gold_gain":0,"player_choice":"Banana","damage_taken":0,"max_hp_gain":0,"max_hp_loss":0,"event_name":"Big Fish","floor":7,"gold_loss":0},{"damage_healed":0,"gold_gain":0,"player_choice":"Searched \u00271\u0027 times","damage_taken":0,"max_hp_gain":0,"max_hp_loss":0,"event_name":"Dead Adventurer","floor":12,"gold_loss":0},{"damage_healed":0,"gold_gain":0,"player_choice":"Success","damage_taken":12,"relics_obtained":["Torii"],"max_hp_gain":0,"max_hp_loss":0,"event_name":"Scrap Ooze","floor":13,"gold_loss":0},{"cards_removed":["Defend_R"],"damage_healed":0,"gold_gain":0,"player_choice":"Gave Gold","damage_taken":0,"max_hp_gain":0,"max_hp_loss":0,"event_name":"Beggar","floor":21,"gold_loss":75}],"is_beta":false,"boss_relics":[{"not_picked":["Ectoplasm","Cursed Key"],"picked":"Black Blood"}],"items_purged_floors":[],"is_endless":false,"potions_floor_spawned":[3,5,6,12,18,22],"killed_by":"Book of Stabbing","ascension_level":1}