{"gold_per_floor":[116,66,141,160,42,76,76,76,76,86,101,127,143,176,176,272,272,283,283,184,203,203,203,232,232,278,296,296,321,338,366,366,469,469,489,589,589,392,410,410,410],"floor_reached":41,"playtime":3279,"items_purged":["Strike_R","Strike_R"],"score":566,"play_id":"8db1f3b1-087f-4d79-b799-f692b01df042","local_time":"20181126181320","is_ascension_mode":true,"campfire_choices":[{"floor":7,"key":"RECALL"},{"data":"True Grit","floor":15,"key":"SMITH"},{"data":"Body Slam","floor":23,"key":"SMITH"},{"data":"Dark Embrace","floor":25,"key":"SMITH"},{"data":"Cleave","floor":28,"key":"SMITH"},{"floor":32,"key":"REST"},{"data":"Body Slam","floor":40,"key":"SMITH"}],"neow_cost":"NONE","seed_source_timestamp":1033285816155737,"circlet_count":0,"master_deck":["Strike_R","Strike_R","Strike_R","Defend_R","Defend_R","Defend_R","Defend_R","Flex","Headbutt","True Grit+1","Armaments+1","Infernal Blade+1","Shrug It Off+1","True Grit+1","Havoc+1","Dark Embrace+1","Body Slam+1","Warcry+1","Cleave+1","Feed","Impervious+1","Chrysalis+1","Power Through+1","Body Slam+1","Ghostly Armor+1"],"relics":["Burning Blood","NeowsBlessing","Tiny Chest","Bag of Preparation","Centennial Puzzle","Toxic Egg 2","Ginger","Matryoshka","Busted Crown","Nloth\u0027s Gift","Strawberry","Potion Belt","Oddly Smooth Stone","Mummified Hand","Coffee Dripper","Bird Faced Urn"],"potions_floor_usage":[14,24,29,33,35,41],"damage_taken":[{"damage":0,"enemies":"Jaw Worm","floor":1,"turns":1},{"damage":0,"enemies":"2 Louse","floor":4,"turns":1},{"damage":0,"enemies":"Lagavulin","floor":6,"turns":1},{"damage":1,"enemies":"Cultist","floor":10,"turns":3},{"damage":1,"enemies":"3 Louse","floor":11,"turns":4},{"damage":9,"enemies":"3 Sentries","floor":12,"turns":7},{"damage":0,"enemies":"2 Fungi Beasts","floor":13,"turns":4},{"damage":27,"enemies":"Gremlin Nob","floor":14,"turns":4},{"damage":35,"enemies":"Hexaghost","floor":16,"turns":14},{"damage":3,"enemies":"Chosen","floor":18,"turns":4},{"damage":15,"enemies":"3 Byrds","floor":21,"turns":6},{"damage":3,"enemies":"Slavers","floor":24,"turns":6},{"damage":0,"enemies":"Snecko","floor":27,"turns":5},{"damage":44,"enemies":"Book of Stabbing","floor":29,"turns":7},{"damage":2,"enemies":"Centurion and Healer","floor":30,"turns":5},{"damage":12,"enemies":"Gremlin Leader","floor":31,"turns":6},{"damage":41,"enemies":"Automaton","floor":33,"turns":10},{"damage":16,"enemies":"3 Darklings","floor":35,"turns":5},{"damage":30,"enemies":"Mind Bloom Boss Battle","floor":36,"turns":5},{"damage":3,"enemies":"3 Shapes","floor":39,"turns":6},{"damage":81,"enemies":"Reptomancer","floor":41,"turns":2}],"seed_played":"3629302536323904968","potions_obtained":[{"floor":6,"key":"Poison Potion"},{"floor":10,"key":"BloodPotion"},{"floor":12,"key":"Ancient Potion"},{"floor":13,"key":"Block Potion"},{"floor":24,"key":"Explosive Potion"},{"floor":29,"key":"GamblersBrew"},{"floor":30,"key":"FearPotion"},{"floor":31,"key":"Strength Potion"}],"is_trial":false,"path_per_floor":["M","?","?","M","$","E","R","?","T","M","M","E","M","E","R","B",null,"M","?","$","M","?","R","E","R","T","M","R","E","M","E","R","B",null,"M","?","?","$","M","R","E"],"character_chosen":"IRONCLAD","items_purchased":["Tiny Chest","Warcry+1","Power Through+1","Body Slam"],"campfire_rested":1,"item_purchase_floors":[5,20,38,38],"current_hp_per_floor":[80,80,69,75,75,80,80,73,73,78,80,77,80,59,59,30,80,80,64,64,55,55,55,65,65,65,71,71,33,40,34,61,26,90,80,56,56,56,64,64,0],"gold":410,"neow_bonus":"THREE_ENEMY_KILL","is_prod":false,"is_daily":false,"chose_seed":false,"campfire_upgraded":5,"win_rate":0,"timestamp":1543274000,"path_taken":["M","?","?","M","$","E","R","?","T","?","?","E","M","E","R","BOSS","M","?","$","M","?","R","E","R","T","?","R","E","M","E","R","BOSS","M","?","?","$","M","R","E"],"build_version":"2018-11-15","purchased_purges":2,"victory":false,"max_hp_per_floor":[80,80,80,80,80,80,80,80,80,80,80,80,80,80,80,80,80,80,80,80,80,80,80,87,87,87,87,87,87,90,90,90,90,90,90,90,90,90,93,93,93],"card_choices":[{"not_picked":["Heavy Blade","Entrench"],"picked":"Flex","floor":1},{"not_picked":["Disarm","Power Through"],"picked":"Headbutt","floor":4},{"not_picked":["Bludgeon","Rage"],"picked":"True Grit","floor":6},{"not_picked":["Body Slam","Perfected Strike"],"picked":"Armaments+1","floor":10},{"not_picked":["Heavy Blade","Warcry+1"],"picked":"Infernal Blade+1","floor":11},{"not_picked":["Thunderclap","True Grit+1"],"picked":"Shrug It Off+1","floor":12},{"not_picked":["Reckless Charge","Armaments+1"],"picked":"True Grit+1","floor":13},{"not_picked":["Perfected Strike","Searing Blow"],"picked":"Havoc+1","floor":14},{"not_picked":["Brutality","Bludgeon"],"picked":"Dark Embrace","floor":16},{"not_picked":[],"picked":"Body Slam","floor":18},{"not_picked":["Dropkick"],"picked":"SKIP","floor":21},{"not_picked":[],"picked":"Cleave","floor":24},{"not_picked":["True Grit+1"],"picked":"SKIP","floor":27},{"not_picked":[],"picked":"Feed","floor":29},{"not_picked":["Armaments+1"],"picked":"SKIP","floor":30},{"not_picked":["Armaments+1"],"picked":"SKIP","floor":31},{"not_picked":[],"picked":"Impervious+1","floor":33},{"not_picked":["Armaments+1"],"picked":"SKIP","floor":35},{"not_picked":[],"picked":"Chrysalis+1","floor":37},{"not_picked":[],"picked":"Ghostly Armor+1","floor":39}],"player_experience":66736,"relics_obtained":[{"floor":6,"key":"Bag of Preparation"},{"floor":9,"key":"Toxic Egg 2"},{"floor":12,"key":"Ginger"},{"floor":14,"key":"Matryoshka"},{"floor":19,"key":"Nilry\u0027s Codex"},{"floor":24,"key":"Strawberry"},{"floor":26,"key":"Potion Belt"},{"floor":29,"key":"Oddly Smooth Stone"},{"floor":31,"key":"Mummified Hand"},{"floor":36,"key":"Bird Faced Urn"}],"event_choices":[{"cards_removed":["Bash"],"damage_healed":0,"gold_gain":0,"player_choice":"Card Removal","damage_taken":0,"max_hp_gain":0,"max_hp_loss":0,"event_name":"The Cleric","floor":2,"gold_loss":50},{"damage_healed":0,"gold_gain":75,"player_choice":"Gather Gold","damage_taken":11,"max_hp_gain":0,"max_hp_loss":0,"event_name":"World of Goop","floor":3,"gold_loss":0},{"damage_healed":0,"gold_gain":0,"player_choice":"Success","damage_taken":7,"relics_obtained":["Centennial Puzzle"],"max_hp_gain":0,"max_hp_loss":0,"event_name":"Scrap Ooze","floor":8,"gold_loss":0},{"damage_healed":0,"gold_gain":0,"player_choice":"Obtained Book","damage_taken":16,"max_hp_gain":0,"max_hp_loss":0,"event_name":"Cursed Tome","floor":19,"gold_loss":0},{"damage_healed":0,"gold_gain":0,"player_choice":"Traded Relic","damage_taken":0,"relics_obtained":["Nloth\u0027s Gift"],"max_hp_gain":0,"max_hp_loss":0,"event_name":"N\u0027loth","floor":22,"relics_lost":["Nilry\u0027s Codex"],"gold_loss":0},{"damage_healed":0,"gold_gain":0,"player_choice":"Fight","damage_taken":0,"max_hp_gain":0,"max_hp_loss":0,"event_name":"MindBloom","floor":36,"gold_loss":0},{"damage_healed":0,"gold_gain":0,"player_choice":"Memory 1","damage_taken":0,"max_hp_gain":0,"max_hp_loss":0,"event_name":"SensoryStone","floor":37,"gold_loss":0}],"is_beta":false,"boss_relics":[{"not_picked":["Runic Pyramid","Calling Bell"],"picked":"Busted Crown"},{"not_picked":["Eternal Feather","Velvet Choker"],"picked":"Coffee Dripper"}],"items_purged_floors":[20,38],"is_endless":false,"potions_floor_spawned":[6,10,12,13,24,29,30,31],"killed_by":"Reptomancer","ascension_level":3}