{"gold_per_floor":[119,119,44,44,44,44,70,44,96,110,110,124,153,167,167,167],"floor_reached":16,"playtime":639,"items_purged":["Regret"],"score":130,"play_id":"be0c0b64-100b-4175-9fe5-2694fecf6a6d","local_time":"20181230215208","is_ascension_mode":true,"campfire_choices":[{"data":"Entrench","floor":6,"key":"SMITH"},{"floor":11,"key":"REST"},{"data":"Body Slam","floor":15,"key":"SMITH"}],"neow_cost":"NONE","seed_source_timestamp":15584120453285,"circlet_count":0,"master_deck":["Strike_R","Strike_R","Strike_R","Strike_R","Defend_R","Defend_R","Defend_R","Defend_R","Bash","Entrench+1","Immolate","Shrug It Off","Body Slam+1","True Grit"],"relics":["Burning Blood","Bag of Marbles","Gambling Chip","Pen Nib","Pantograph"],"potions_floor_usage":[7,13,16,16],"damage_taken":[{"damage":1,"enemies":"2 Louse","floor":1,"turns":4},{"damage":65,"enemies":"Lagavulin","floor":7,"turns":10},{"damage":0,"enemies":"Small Slimes","floor":10,"turns":1},{"damage":1,"enemies":"Cultist","floor":12,"turns":3},{"damage":5,"enemies":"3 Sentries","floor":13,"turns":3},{"damage":3,"enemies":"Blue Slaver","floor":14,"turns":3},{"damage":82,"enemies":"Hexaghost","floor":16,"turns":13}],"seed_played":"8731020371725828022","potions_obtained":[{"floor":1,"key":"Dexterity Potion"},{"floor":12,"key":"Block Potion"},{"floor":13,"key":"PowerPotion"},{"floor":14,"key":"Swift Potion"}],"is_trial":false,"path_per_floor":["M","?","$","?","$","R","E","$","T","M","R","M","E","M","R","B"],"character_chosen":"IRONCLAD","items_purchased":["Body Slam"],"campfire_rested":1,"item_purchase_floors":[8],"current_hp_per_floor":[80,80,80,80,80,80,21,21,21,27,51,56,57,60,60,0],"gold":167,"neow_bonus":"REMOVE_CARD","is_prod":false,"is_daily":false,"chose_seed":false,"campfire_upgraded":2,"win_rate":0,"timestamp":1546177928,"path_taken":["M","?","$","?","$","R","E","$","T","M","R","?","E","M","R","BOSS"],"build_version":"2018-12-20","purchased_purges":1,"victory":false,"max_hp_per_floor":[80,80,80,80,80,80,80,80,80,80,80,80,80,80,80,80],"card_choices":[{"not_picked":["Clash","Warcry"],"picked":"Entrench","floor":1},{"not_picked":["Whirlwind","Uppercut"],"picked":"Shrug It Off","floor":7},{"not_picked":["Wild Strike","Shockwave","Battle Trance"],"picked":"SKIP","floor":10},{"not_picked":["Perfected Strike","Pommel Strike"],"picked":"True Grit","floor":12},{"not_picked":["Pummel","Evolve","Cleave"],"picked":"SKIP","floor":13},{"not_picked":["Metallicize","Twin Strike","Sword Boomerang"],"picked":"SKIP","floor":14}],"player_experience":368946,"relics_obtained":[{"floor":7,"key":"Gambling Chip"},{"floor":9,"key":"Pen Nib"},{"floor":13,"key":"Pantograph"}],"event_choices":[{"damage_healed":0,"gold_gain":0,"player_choice":"Box","damage_taken":0,"relics_obtained":["Bag of Marbles"],"max_hp_gain":0,"max_hp_loss":0,"event_name":"Big Fish","floor":2,"gold_loss":0,"cards_obtained":["Regret"]},{"damage_healed":0,"gold_gain":0,"player_choice":"1 cards matched","damage_taken":0,"max_hp_gain":0,"max_hp_loss":0,"event_name":"Match and Keep!","floor":4,"gold_loss":0,"cards_obtained":["Immolate"]}],"is_beta":false,"boss_relics":[],"items_purged_floors":[3],"is_endless":false,"potions_floor_spawned":[1,12,13,14],"killed_by":"Hexaghost","ascension_level":4}