{"gold_per_floor":[118,31,42,62,81,110,110,142,167,167,194,134,134,145,145,145],"floor_reached":16,"playtime":836,"items_purged":["Strike_G"],"score":174,"play_id":"0a045c25-9a55-45f5-b5fd-49caa8a936d6","local_time":"20190506175819","is_ascension_mode":true,"campfire_choices":[{"data":"Neutralize","floor":13,"key":"SMITH"},{"data":"Dagger Spray","floor":15,"key":"SMITH"}],"neow_cost":"NONE","seed_source_timestamp":1370395907622699,"circlet_count":0,"master_deck":["Defend_G","Defend_G+1","Defend_G","Defend_G+1","Defend_G","Strike_G","Strike_G","Strike_G","Survivor","Neutralize+1","All Out Attack","Slice","Dagger Spray+1","Well Laid Plans","Dodge and Roll","Deadly Poison","PiercingWail","Glass Knife"],"relics":["Ring of the Snake","War Paint","Regal Pillow","Anchor","Snake Skull","The Courier"],"potions_floor_usage":[6,16,16],"damage_taken":[{"damage":0,"enemies":"2 Louse","floor":1,"turns":4},{"damage":0,"enemies":"Cultist","floor":3,"turns":5},{"damage":0,"enemies":"Jaw Worm","floor":4,"turns":5},{"damage":0,"enemies":"Exordium Thugs","floor":5,"turns":4},{"damage":4,"enemies":"3 Sentries","floor":6,"turns":7},{"damage":28,"enemies":"Lagavulin","floor":8,"turns":8},{"damage":8,"enemies":"3 Sentries","floor":11,"turns":7},{"damage":0,"enemies":"2 Fungi Beasts","floor":14,"turns":2},{"damage":29,"enemies":"Slime Boss","floor":16,"turns":9}],"seed_played":"2921475551742825444","potions_obtained":[{"floor":3,"key":"Swift Potion"},{"floor":5,"key":"Fire Potion"},{"floor":8,"key":"GamblersBrew"}],"is_trial":false,"path_per_floor":["M","?","M","M","M","E","?","E","T","$","E","$","R","M","R","B"],"character_chosen":"THE_SILENT","items_purchased":[],"campfire_rested":0,"item_purchase_floors":[],"current_hp_per_floor":[70,70,70,70,70,66,66,38,38,38,30,30,30,30,30,1],"gold":145,"neow_bonus":"TEN_PERCENT_HP_BONUS","is_prod":false,"is_daily":false,"chose_seed":false,"campfire_upgraded":2,"win_rate":0,"timestamp":1557179899,"path_taken":["M","?","M","?","?","E","?","E","T","$","E","$","R","M","R","BOSS"],"build_version":"2019-01-23","purchased_purges":1,"victory":false,"max_hp_per_floor":[77,77,77,77,77,77,77,77,77,77,77,77,77,77,77,77],"card_choices":[{"not_picked":["Deflect","Blade Dance"],"picked":"All Out Attack","floor":1},{"not_picked":["Quick Slash","Tactician"],"picked":"Slice","floor":3},{"not_picked":["Dodge and Roll","Slice"],"picked":"Dagger Spray","floor":4},{"not_picked":["Dagger Spray","Slice"],"picked":"Well Laid Plans","floor":5},{"not_picked":["Slice","Flying Knee"],"picked":"Dodge and Roll","floor":6},{"not_picked":["Reflex","Noxious Fumes"],"picked":"Deadly Poison","floor":8},{"not_picked":["Endless Agony","All Out Attack"],"picked":"PiercingWail","floor":11},{"not_picked":["Dagger Throw","Slice"],"picked":"Glass Knife","floor":14}],"player_experience":229313,"relics_obtained":[{"floor":6,"key":"Regal Pillow"},{"floor":8,"key":"Anchor"},{"floor":9,"key":"Snake Skull"},{"floor":11,"key":"The Courier"}],"event_choices":[{"damage_healed":0,"gold_gain":0,"player_choice":"Paid Gold","damage_taken":0,"relics_obtained":["War Paint"],"max_hp_gain":0,"max_hp_loss":0,"event_name":"WeMeetAgain","floor":2,"gold_loss":87},{"cards_removed":["Strike_G"],"damage_healed":0,"gold_gain":0,"player_choice":"Offered Basic","damage_taken":0,"max_hp_gain":0,"max_hp_loss":0,"event_name":"Bonfire Elementals","floor":7,"gold_loss":0}],"is_beta":false,"boss_relics":[],"items_purged_floors":[12],"is_endless":false,"potions_floor_spawned":[3,5,8],"killed_by":"Slime Boss","ascension_level":9}