{"gold_per_floor":[119,135,85,99,115,115,145,145,145,145,158,178,178],"floor_reached":13,"playtime":538,"items_purged":[],"score":87,"play_id":"dc90d781-82b7-4385-94f4-ee71c02775b6","local_time":"20190427121645","is_ascension_mode":false,"campfire_choices":[{"data":"Flame Barrier","floor":6,"key":"SMITH"},{"floor":8,"key":"REST"}],"neow_cost":"NONE","seed_source_timestamp":239420446795700,"circlet_count":0,"master_deck":["Strike_R","Strike_R","Strike_R","Defend_R","Defend_R","Defend_R","Defend_R","Bash","Body Slam+1","Flame Barrier+1","Warcry","Disarm"],"relics":["Burning Blood","Juzu Bracelet","Dodecahedron"],"potions_floor_usage":[5],"damage_taken":[{"damage":14,"enemies":"Small Slimes","floor":1,"turns":5},{"damage":9,"enemies":"Jaw Worm","floor":2,"turns":6},{"damage":8,"enemies":"2 Louse","floor":4,"turns":3},{"damage":21,"enemies":"2 Fungi Beasts","floor":5,"turns":5},{"damage":45,"enemies":"Lagavulin","floor":7,"turns":14},{"damage":21,"enemies":"Exordium Wildlife","floor":11,"turns":7},{"damage":7,"enemies":"Exordium Thugs","floor":12,"turns":5}],"seed_played":"-7596643765952836559","potions_obtained":[{"floor":1,"key":"FearPotion"},{"floor":4,"key":"Fruit Juice"},{"floor":7,"key":"Fire Potion"}],"is_trial":false,"path_per_floor":["M","M","?","M","M","R","E","R","T","?","M","M","$"],"character_chosen":"IRONCLAD","items_purchased":[],"campfire_rested":1,"item_purchase_floors":[],"current_hp_per_floor":[72,69,69,67,57,57,18,43,43,43,28,27,27],"gold":178,"neow_bonus":"REMOVE_CARD","is_prod":false,"is_daily":false,"chose_seed":false,"campfire_upgraded":1,"win_rate":0,"timestamp":1556385405,"path_taken":["M","M","?","M","M","R","E","R","T","?","M","M","$"],"build_version":"2019-01-23","purchased_purges":0,"victory":false,"max_hp_per_floor":[80,80,80,80,85,85,85,85,85,85,85,85,85],"card_choices":[{"not_picked":["Burning Pact","Wild Strike"],"picked":"Body Slam","floor":1},{"not_picked":["Thunderclap","Armaments","Perfected Strike"],"picked":"SKIP","floor":2},{"not_picked":["Perfected Strike","Demon Form","Twin Strike"],"picked":"SKIP","floor":4},{"not_picked":["Burning Pact","Inflame"],"picked":"Flame Barrier","floor":5},{"not_picked":["Sword Boomerang","True Grit"],"picked":"Warcry","floor":7},{"not_picked":["Havoc","Sword Boomerang","Wild Strike"],"picked":"SKIP","floor":11},{"not_picked":["Second Wind","Rampage"],"picked":"Disarm","floor":12}],"player_experience":13275,"relics_obtained":[{"floor":7,"key":"Juzu Bracelet"},{"floor":9,"key":"Dodecahedron"}],"event_choices":[{"cards_removed":["Strike_R"],"damage_healed":0,"gold_gain":0,"player_choice":"Card Removal","damage_taken":0,"max_hp_gain":0,"max_hp_loss":0,"event_name":"The Cleric","floor":3,"gold_loss":50},{"damage_healed":0,"gold_gain":0,"player_choice":"Grow","damage_taken":0,"max_hp_gain":0,"max_hp_loss":0,"event_name":"Living Wall","floor":10,"gold_loss":0,"cards_upgraded":["Body Slam"]}],"is_beta":false,"boss_relics":[],"items_purged_floors":[],"is_endless":false,"potions_floor_spawned":[1,4,7],"ascension_level":0}