{"gold_per_floor":[117,128,128,128,142,176,176,16,40,40,40,69,69,124,124,201,201,218,52,66,26,26,26,44,70,96,112,112,127,127,153,153,224,224,234,252,267,267,279,312,312,341,341,341],"floor_reached":44,"playtime":3131,"items_purged":[],"score":1028,"play_id":"616cbd82-86b4-4541-af06-d6fee78d427d","local_time":"20190429000222","is_ascension_mode":true,"campfire_choices":[{"data":"Zap","floor":7,"key":"SMITH"},{"floor":11,"key":"REST"},{"data":"Go for the Eyes","floor":13,"key":"SMITH"},{"data":"Hologram","floor":15,"key":"SMITH"},{"data":"White Noise","floor":23,"key":"SMITH"},{"data":"Consume","floor":30,"key":"SMITH"},{"floor":32,"key":"REST"},{"floor":41,"key":"RECALL"}],"neow_cost":"NONE","seed_source_timestamp":19376166787400,"circlet_count":0,"master_deck":["AscendersBane","Strike_B","Defend_B","Defend_B","Defend_B","Defend_B","Zap+1","Dualcast","Coolheaded","Cold Snap","Rebound","Ball Lightning","Conserve Battery","Go for the Eyes+1","Hologram+1","Electrodynamics","Turbo+1","White Noise+1","Ball Lightning","Consume+1","Loop","Self Repair","Leap","Static Discharge","Coolheaded","Glacier","Go for the Eyes","Secret Weapon","Glacier","Self Repair+1"],"relics":["Cracked Core","NeowsBlessing","Strawberry","Bronze Scales","Art of War","Dream Catcher","Bag of Marbles","Ornamental Fan","Runic Pyramid","Lantern","The Courier","DataDisk","Pen Nib","Fusion Hammer","Toxic Egg 2","Omamori"],"potions_floor_usage":[16,18,25,27,33,37,40,44],"damage_taken":[{"damage":0,"enemies":"2 Louse","floor":1,"turns":1},{"damage":0,"enemies":"Jaw Worm","floor":2,"turns":1},{"damage":0,"enemies":"Cultist","floor":5,"turns":1},{"damage":29,"enemies":"3 Sentries","floor":6,"turns":13},{"damage":26,"enemies":"Gremlin Nob","floor":12,"turns":4},{"damage":7,"enemies":"Gremlin Nob","floor":14,"turns":3},{"damage":20,"enemies":"The Guardian","floor":16,"turns":13},{"damage":0,"enemies":"3 Byrds","floor":18,"turns":2},{"damage":0,"enemies":"Chosen","floor":20,"turns":3},{"damage":0,"enemies":"Snake Plant","floor":24,"turns":4},{"damage":12,"enemies":"Slavers","floor":25,"turns":4},{"damage":0,"enemies":"Cultist and Chosen","floor":27,"turns":5},{"damage":10,"enemies":"Snecko","floor":29,"turns":7},{"damage":12,"enemies":"Gremlin Leader","floor":31,"turns":4},{"damage":43,"enemies":"Collector","floor":33,"turns":10},{"damage":0,"enemies":"3 Darklings","floor":35,"turns":3},{"damage":0,"enemies":"3 Shapes","floor":36,"turns":5},{"damage":1,"enemies":"Writhing Mass","floor":37,"turns":6},{"damage":16,"enemies":"Sphere and 2 Shapes","floor":39,"turns":3},{"damage":14,"enemies":"Reptomancer","floor":40,"turns":6},{"damage":51,"enemies":"Giant Head","floor":42,"turns":20},{"damage":15,"enemies":"4 Shapes","floor":44,"turns":3}],"seed_played":"-5097598704268827419","potions_obtained":[{"floor":5,"key":"SneckoOil"},{"floor":6,"key":"Energy Potion"},{"floor":16,"key":"Block Potion"},{"floor":20,"key":"Fire Potion"},{"floor":21,"key":"SkillPotion"},{"floor":31,"key":"Swift Potion"},{"floor":33,"key":"Swift Potion"},{"floor":36,"key":"Block Potion"},{"floor":39,"key":"Weak Potion"}],"is_trial":false,"path_per_floor":["M","M","?","?","M","E","R","$","T","$","R","E","R","?","R","B",null,"M","$","M","?","$","R","M","E","T","M","?","M","R","E","R","B",null,"M","M","M","?","M","E","R","E","T","M"],"character_chosen":"DEFECT","items_purchased":["Art of War","Lantern"],"campfire_rested":2,"item_purchase_floors":[8,19],"current_hp_per_floor":[64,64,66,66,66,37,37,37,37,37,60,34,34,27,27,7,60,60,60,60,60,60,60,60,48,48,48,48,45,45,33,56,20,64,71,78,78,73,64,57,57,13,13,0],"gold":341,"neow_bonus":"THREE_ENEMY_KILL","is_prod":false,"is_daily":false,"chose_seed":false,"campfire_upgraded":5,"win_rate":0,"timestamp":1556463742,"path_taken":["M","M","?","?","?","E","R","$","T","?","R","E","R","?","R","BOSS","M","$","M","?","?","R","M","E","T","?","?","M","R","E","R","BOSS","M","M","M","?","M","E","R","E","T","M"],"build_version":"2019-01-23","purchased_purges":0,"victory":false,"max_hp_per_floor":[71,71,78,78,78,78,78,78,78,78,78,78,78,78,78,78,78,78,78,78,78,78,78,78,78,78,78,78,78,78,78,78,78,78,78,78,78,78,78,78,78,78,78,78],"card_choices":[{"not_picked":["Steam","Static Discharge"],"picked":"Coolheaded","floor":1},{"not_picked":["Gash","Scrape"],"picked":"Cold Snap","floor":2},{"not_picked":["Gash","Steam"],"picked":"Rebound","floor":5},{"not_picked":["Echo Form","Force Field"],"picked":"Ball Lightning","floor":6},{"not_picked":["Recycle","Leap"],"picked":"Conserve Battery","floor":11},{"not_picked":["Amplify","Sweeping Beam"],"picked":"Go for the Eyes","floor":12},{"not_picked":["Scrape","Rip and Tear"],"picked":"Hologram","floor":14},{"not_picked":["All For One","Buffer"],"picked":"Electrodynamics","floor":16},{"not_picked":["Skim","Recycle"],"picked":"Turbo+1","floor":18},{"not_picked":["Turbo","Barrage"],"picked":"White Noise","floor":20},{"not_picked":["Double Energy","FTL"],"picked":"Ball Lightning","floor":24},{"not_picked":["Gash","Tempest","Steam"],"picked":"SKIP","floor":25},{"not_picked":["Beam Cell","Thunder Strike"],"picked":"Consume","floor":27},{"not_picked":["Turbo","Cold Snap"],"picked":"Leap","floor":29},{"not_picked":["Steam","Beam Cell","Ball Lightning"],"picked":"SKIP","floor":31},{"not_picked":["Beam Cell","Coolheaded"],"picked":"Static Discharge","floor":32},{"not_picked":["Self Repair","Reprogram"],"picked":"Coolheaded","floor":35},{"not_picked":["Coolheaded","Leap+1"],"picked":"Glacier","floor":36},{"not_picked":["Compile Driver+1","Consume+1"],"picked":"Go for the Eyes","floor":37},{"not_picked":["Trip","Good Instincts"],"picked":"Secret Weapon","floor":38},{"not_picked":["Redo+1","Sunder+1"],"picked":"Glacier","floor":39},{"not_picked":["Skim","Ball Lightning","Darkness"],"picked":"SKIP","floor":40},{"not_picked":["BootSequence+1","Stack+1"],"picked":"Self Repair+1","floor":42}],"player_experience":1139628,"relics_obtained":[{"floor":6,"key":"Bronze Scales"},{"floor":9,"key":"Dream Catcher"},{"floor":12,"key":"Bag of Marbles"},{"floor":14,"key":"Ornamental Fan"},{"floor":25,"key":"The Courier"},{"floor":26,"key":"DataDisk"},{"floor":31,"key":"Pen Nib"},{"floor":40,"key":"Toxic Egg 2"},{"floor":42,"key":"Omamori"}],"event_choices":[{"damage_healed":0,"gold_gain":0,"player_choice":"Success","damage_taken":5,"relics_obtained":["Strawberry"],"max_hp_gain":0,"max_hp_loss":0,"event_name":"Scrap Ooze","floor":3,"gold_loss":0},{"cards_removed":["Strike_B"],"damage_healed":0,"gold_gain":0,"player_choice":"Card Removal","damage_taken":0,"max_hp_gain":0,"max_hp_loss":0,"event_name":"Wheel of Change","floor":4,"gold_loss":0},{"damage_healed":0,"gold_gain":0,"player_choice":"Searched \u00271\u0027 times","damage_taken":0,"max_hp_gain":0,"max_hp_loss":0,"event_name":"Dead Adventurer","floor":14,"gold_loss":0},{"damage_healed":0,"gold_gain":0,"player_choice":"Bought 3 Potions","damage_taken":0,"max_hp_gain":0,"max_hp_loss":0,"event_name":"The Woman in Blue","floor":21,"gold_loss":0},{"damage_healed":0,"gold_gain":0,"cards_transformed":["Strike_B","Strike_B"],"player_choice":"Became Test Subject","damage_taken":0,"max_hp_gain":0,"max_hp_loss":0,"event_name":"Drug Dealer","floor":28,"gold_loss":0,"cards_obtained":["Loop","Self Repair"]},{"damage_healed":0,"gold_gain":0,"player_choice":"Memory 2","damage_taken":5,"max_hp_gain":0,"max_hp_loss":0,"event_name":"SensoryStone","floor":38,"gold_loss":0}],"is_beta":false,"boss_relics":[{"not_picked":["Velvet Choker","Pandora\u0027s Box"],"picked":"Runic Pyramid"},{"not_picked":["Nuclear Battery","Coffee Dripper"],"picked":"Fusion Hammer"}],"items_purged_floors":[],"is_endless":false,"potions_floor_spawned":[5,6,16,20,31,33,36,39],"killed_by":"4 Shapes","ascension_level":20}