{"path_per_floor":["M","M","?","?","$","E","R","M","T","E","?","E","M","M","R","B",null,"M","?","M"],"character_chosen":"THE_SILENT","items_purchased":["Deadly Poison"],"gold_per_floor":[112,132,132,307,179,223,223,242,311,355,355,388,413,429,429,558,558,578,578,596,596],"floor_reached":21,"campfire_rested":1,"playtime":1790,"item_purchase_floors":[],"current_hp_per_floor":[70,70,70,70,70,70,70,70,70,64,64,36,33,35,70,33,70,46,46,31,15],"items_purged":["Doubt"],"gold":596,"score":235,"play_id":"a3956814-50e3-44d2-a853-d5ebdee8239f","local_time":"20180613093518","is_prod":false,"is_daily":false,"chose_seed":false,"is_ascension_mode":true,"campfire_upgraded":1,"win_rate":0,"timestamp":1528900518,"campfire_choices":[{"data":"Corpse Explosion","floor":7.0,"key":"SMITH"},{"floor":15.0,"key":"REST"}],"path_taken":["M","M","?","?","$","E","R","?","T","E","?","E","M","?","R","BOSS","M","?","?","M"],"build_version":"2018-06-07v3","seed_source_timestamp":0,"purchased_purges":1,"victory":false,"master_deck":["Defend_G","Defend_G","Defend_G","Defend_G","Defend_G","Strike_G","Strike_G","Strike_G","Strike_G","Strike_G","Survivor","Neutralize","Deadly Poison","Caltrops","Injury","Deadly Poison","Corpse Explosion+1","Slice","Escape Plan","Escape Plan","Bane","Bane","Phantasmal Killer","Deadly Poison"],"max_hp_per_floor":[70,70,70,70,70,70,70,70,70,70,70,70,70,70,70,70,70,70,70,70,70],"relics":["Ring of the Snake","NeowsBlessing","Golden Idol","Bag of Preparation","Bottled Flame","Dream Catcher","Blood Vial","Regal Pillow","Runic Pyramid"],"card_choices":[{"not_picked":["Cloak And Dagger","Choke"],"picked":"Deadly Poison","floor":1.0},{"not_picked":["Dodge and Roll","Dagger Spray"],"picked":"Caltrops","floor":2.0},{"not_picked":["Acrobatics","Dagger Spray"],"picked":"Corpse Explosion","floor":6.0},{"not_picked":["Cloak And Dagger","Prepared"],"picked":"Slice","floor":8.0},{"not_picked":["Flying Knee","Skewer"],"picked":"Escape Plan","floor":10.0},{"not_picked":["Expertise","Cloak And Dagger"],"picked":"Escape Plan","floor":12.0},{"not_picked":["Flying Knee","Quick Slash","Choke"],"picked":"SKIP","floor":13.0},{"not_picked":["Endless Agony","Eviscerate"],"picked":"Bane","floor":14.0},{"not_picked":["Doppelganger","Infinite Blades"],"picked":"Bane","floor":15.0},{"not_picked":["Bullet Time","Burst"],"picked":"Phantasmal Killer","floor":16.0},{"not_picked":["Cloak And Dagger","Prepared"],"picked":"Deadly Poison","floor":18},{"not_picked":["Well Laid Plans","Deadly Poison","Outmaneuver+1"],"picked":"SKIP","floor":20}],"player_experience":103778,"potions_floor_usage":[],"damage_taken":[{"damage":0.0,"enemies":"Cultist","floor":1.0,"turns":1.0},{"damage":0.0,"enemies":"Small Slimes","floor":2.0,"turns":1.0},{"damage":0.0,"enemies":"Lagavulin","floor":6.0,"turns":2.0},{"damage":0.0,"enemies":"Jaw Worm","floor":8.0,"turns":3.0},{"damage":6.0,"enemies":"Gremlin Nob","floor":10.0,"turns":3.0},{"damage":30.0,"enemies":"Lagavulin","floor":12.0,"turns":6.0},{"damage":5.0,"enemies":"Looter","floor":13.0,"turns":3.0},{"damage":0.0,"enemies":"Lots of Slimes","floor":14.0,"turns":3.0},{"damage":37.0,"enemies":"The Guardian","floor":16.0,"turns":9.0},{"damage":24,"enemies":"3 Byrds","floor":18,"turns":6},{"damage":17,"enemies":"Shell Parasite","floor":20,"turns":5},{"damage":18,"enemies":"Centurion and Healer","floor":21,"turns":6}],"relics_obtained":[{"floor":6.0,"key":"Bag of Preparation"},{"floor":9.0,"key":"Bottled Flame"},{"floor":10.0,"key":"Dream Catcher"},{"floor":12.0,"key":"Regal Pillow"}],"event_choices":[{"event_name":"Golden Idol","player_choice":"Take Wound","floor":3.0,"damage_taken":0.0},{"event_name":"Liars Game","player_choice":"agreed","floor":4.0,"damage_taken":0.0},{"event_name":"Dead Adventurer","player_choice":"Searched \u00272\u0027 times","floor":11.0,"damage_taken":0.0},{"event_name":"Ghosts","player_choice":"Ignored","floor":19,"damage_taken":0}],"boss_relics":[{"not_picked":["Black Star","Busted Crown"],"picked":"Runic Pyramid"}],"items_purged_floors":[],"potions_floor_spawned":[2,8,10,13],"seed_played":"1300293870331036147","killed_by":"Centurion and Healer","ascension_level":1,"potions_obtained":[{"floor":2.0,"key":"Energy Potion"},{"floor":8.0,"key":"SteroidPotion"},{"floor":10.0,"key":"Energy Potion"},{"floor":13.0,"key":"SteroidPotion"}],"is_trial":false}