{"gold_per_floor":[109,34,49,49,60,60,87,114,114,114,36,47,47,62,62,133,133,146,146],"floor_reached":19,"playtime":662,"items_purged":[],"score":334,"play_id":"447dce68-aa40-4911-a08b-bc1bcf2187b5","local_time":"20190406161450","is_ascension_mode":true,"campfire_choices":[{"data":"Neutralize","floor":6,"key":"SMITH"},{"data":"Crippling Poison","floor":10,"key":"SMITH"},{"floor":15,"key":"REST"}],"neow_cost":"NONE","seed_source_timestamp":718844562614316,"circlet_count":0,"master_deck":["AscendersBane","Defend_G","Defend_G","Defend_G","Defend_G","Defend_G","Strike_G","Strike_G","Strike_G","Strike_G","Survivor","Neutralize+1","All Out Attack+1","Backflip","Dagger Throw","Crippling Poison+1","Dodge and Roll","Noxious Fumes","Predator","Deadly Poison","Corpse Explosion"],"relics":["Ring of the Snake","NeowsBlessing","Odd Mushroom","Dodecahedron","Potion Belt","Eternal Feather"],"potions_floor_usage":[16,16,16,18],"damage_taken":[{"damage":0,"enemies":"Small Slimes","floor":1,"turns":1},{"damage":0,"enemies":"2 Louse","floor":3,"turns":1},{"damage":0,"enemies":"Jaw Worm","floor":5,"turns":1},{"damage":6,"enemies":"The Mushroom Lair","floor":7,"turns":3},{"damage":26,"enemies":"3 Sentries","floor":8,"turns":10},{"damage":14,"enemies":"Exordium Thugs","floor":12,"turns":5},{"damage":0,"enemies":"3 Louse","floor":14,"turns":2},{"damage":30,"enemies":"Hexaghost","floor":16,"turns":10},{"damage":26,"enemies":"Shell Parasite","floor":18,"turns":8},{"damage":29,"enemies":"Colosseum Slavers","floor":19,"turns":3}],"seed_played":"5963142598628046032","potions_obtained":[{"floor":5,"key":"Strength Potion"},{"floor":8,"key":"FearPotion"},{"floor":12,"key":"Energy Potion"},{"floor":14,"key":"SpeedPotion"}],"is_trial":false,"path_per_floor":["M","?","M","?","M","R","?","E","T","R","$","M","$","M","R","B",null,"M","?"],"character_chosen":"THE_SILENT","items_purchased":["Noxious Fumes"],"campfire_rested":1,"item_purchase_floors":[11],"current_hp_per_floor":[59,59,59,59,59,59,53,27,27,27,27,13,13,13,32,2,50,24,0],"gold":146,"neow_bonus":"THREE_ENEMY_KILL","is_prod":false,"is_daily":false,"chose_seed":false,"campfire_upgraded":2,"win_rate":0,"timestamp":1554534890,"path_taken":["M","?","M","?","M","R","?","E","T","R","?","M","$","?","R","BOSS","M","?"],"build_version":"2019-01-23","purchased_purges":0,"victory":false,"max_hp_per_floor":[66,66,66,66,66,66,66,66,66,66,66,66,66,66,66,66,66,66,66],"card_choices":[{"not_picked":["Slice","Catalyst"],"picked":"All Out Attack","floor":1},{"not_picked":["Bane","Heel Hook"],"picked":"Backflip","floor":3},{"not_picked":["Blade Dance","A Thousand Cuts"],"picked":"Dagger Throw","floor":5},{"not_picked":["Dagger Throw","Backflip"],"picked":"Crippling Poison","floor":7},{"not_picked":["Acrobatics","All Out Attack"],"picked":"Dodge and Roll","floor":8},{"not_picked":["Flying Knee","Bane"],"picked":"Predator","floor":12},{"not_picked":["Slice","Deflect"],"picked":"Deadly Poison","floor":14},{"not_picked":["Unload","Glass Knife"],"picked":"Corpse Explosion","floor":16},{"not_picked":["Dagger Spray","Deadly Poison","Infinite Blades"],"picked":"SKIP","floor":18}],"player_experience":844879,"relics_obtained":[{"floor":7,"key":"Odd Mushroom"},{"floor":8,"key":"Dodecahedron"},{"floor":9,"key":"Potion Belt"}],"event_choices":[{"cards_removed":["Strike_G"],"damage_healed":0,"gold_gain":0,"player_choice":"Card Removal","damage_taken":0,"max_hp_gain":0,"max_hp_loss":0,"event_name":"The Cleric","floor":2,"gold_loss":75},{"damage_healed":0,"gold_gain":0,"player_choice":"Grow","damage_taken":0,"max_hp_gain":0,"max_hp_loss":0,"event_name":"Living Wall","floor":4,"gold_loss":0,"cards_upgraded":["All Out Attack"]},{"damage_healed":0,"gold_gain":0,"player_choice":"Fought Mushrooms","damage_taken":0,"max_hp_gain":0,"max_hp_loss":0,"event_name":"Mushrooms","floor":7,"gold_loss":0},{"damage_healed":0,"gold_gain":0,"player_choice":"Fight","damage_taken":0,"max_hp_gain":0,"max_hp_loss":0,"event_name":"Colosseum","floor":19,"gold_loss":0}],"is_beta":false,"boss_relics":[{"not_picked":["Coffee Dripper","Runic Dome"],"picked":"Eternal Feather"}],"items_purged_floors":[],"is_endless":false,"potions_floor_spawned":[5,8,12,14],"killed_by":"Colosseum Slavers","ascension_level":20}