{"gold_per_floor":[111,121,131,131,53,53,65,65,113,125,125,142,157,168,168,263,263,278,293,293,293,293],"floor_reached":22,"playtime":952,"items_purged":[],"score":180,"play_id":"6dd03692-d7e0-4a42-8d4b-8234b2a3e4cd","local_time":"20190406043248","is_ascension_mode":false,"campfire_choices":[{"data":"Zap","floor":6,"key":"SMITH"},{"data":"Dualcast","floor":8,"key":"SMITH"},{"data":"Barrage","floor":11,"key":"SMITH"},{"floor":15,"key":"REST"}],"neow_cost":"PERCENT_DAMAGE","seed_source_timestamp":23251690061241,"circlet_count":0,"master_deck":["Strike_B","Strike_B","Strike_B","Strike_B","Defend_B","Defend_B","Defend_B","Defend_B","Zap+1","Dualcast+1","All For One","Barrage+1","Coolheaded","Loop","Tempest","FTL","Leap","Go for the Eyes","Leap+1"],"relics":["Cracked Core","Oddly Smooth Stone","Busted Crown"],"potions_floor_usage":[],"damage_taken":[{"damage":6,"enemies":"Cultist","floor":1,"turns":3},{"damage":1,"enemies":"Jaw Worm","floor":2,"turns":3},{"damage":1,"enemies":"Small Slimes","floor":3,"turns":3},{"damage":8,"enemies":"Exordium Wildlife","floor":7,"turns":4},{"damage":16,"enemies":"Large Slime","floor":10,"turns":5},{"damage":4,"enemies":"2 Fungi Beasts","floor":12,"turns":3},{"damage":10,"enemies":"Exordium Wildlife","floor":13,"turns":3},{"damage":0,"enemies":"Exordium Thugs","floor":14,"turns":4},{"damage":14,"enemies":"The Guardian","floor":16,"turns":11},{"damage":2,"enemies":"Spheric Guardian","floor":18,"turns":5},{"damage":18,"enemies":"2 Thieves","floor":19,"turns":5},{"damage":27,"enemies":"Cultist and Chosen","floor":22,"turns":4}],"seed_played":"3976011071779867045","potions_obtained":[{"floor":1,"key":"Ancient Potion"},{"floor":2,"key":"LiquidBronze"},{"floor":12,"key":"Ancient Potion"}],"is_trial":false,"path_per_floor":["M","M","M","?","$","R","M","R","T","M","R","M","M","M","R","B",null,"M","M","?","?","M"],"character_chosen":"DEFECT","items_purchased":["Loop"],"campfire_rested":1,"item_purchase_floors":[5],"current_hp_per_floor":[48,47,46,46,46,46,38,38,38,22,22,18,8,8,30,16,75,73,55,39,39,12],"gold":293,"neow_bonus":"THREE_RARE_CARDS","is_prod":false,"is_daily":false,"chose_seed":false,"campfire_upgraded":3,"win_rate":0,"timestamp":1554517968,"path_taken":["M","?","M","?","$","R","M","R","T","M","R","M","M","M","R","BOSS","M","M","?","?","M"],"build_version":"2019-01-23","purchased_purges":0,"victory":false,"max_hp_per_floor":[75,75,75,75,75,75,75,75,75,75,75,75,75,75,75,75,75,75,75,75,75,75],"card_choices":[{"not_picked":["Echo Form","Rainbow"],"picked":"All For One","floor":0},{"not_picked":["Chaos","Beam Cell","Sweeping Beam"],"picked":"SKIP","floor":1},{"not_picked":["Gash","Lockon"],"picked":"Barrage","floor":2},{"not_picked":["Reprogram","Storm"],"picked":"Coolheaded","floor":3},{"not_picked":["Undo","Turbo"],"picked":"Tempest","floor":7},{"not_picked":["Fusion","Rebound"],"picked":"FTL","floor":10},{"not_picked":["Aggregate","BootSequence"],"picked":"Leap","floor":12},{"not_picked":["Rip and Tear","Hologram"],"picked":"Go for the Eyes","floor":13},{"not_picked":["Go for the Eyes","Redo","Beam Cell"],"picked":"SKIP","floor":14},{"not_picked":[],"picked":"Leap+1","floor":18},{"not_picked":["Heatsinks"],"picked":"SKIP","floor":19}],"player_experience":434977,"relics_obtained":[{"floor":9,"key":"Oddly Smooth Stone"}],"event_choices":[{"damage_healed":0,"gold_gain":0,"player_choice":"Ignored","damage_taken":0,"max_hp_gain":0,"max_hp_loss":0,"event_name":"Liars Game","floor":4,"gold_loss":0},{"damage_healed":0,"gold_gain":0,"player_choice":"Obtained Book","damage_taken":16,"max_hp_gain":0,"max_hp_loss":0,"event_name":"Cursed Tome","floor":20,"gold_loss":0},{"damage_healed":0,"gold_gain":0,"player_choice":"Ignored","damage_taken":0,"max_hp_gain":0,"max_hp_loss":0,"event_name":"Vampires","floor":21,"gold_loss":0}],"is_beta":false,"boss_relics":[{"not_picked":["Snecko Eye","Cursed Key"],"picked":"Busted Crown"}],"items_purged_floors":[],"is_endless":false,"potions_floor_spawned":[1,2,12,13,19],"killed_by":"Cultist and Chosen","ascension_level":0}