{"gold_per_floor":[110,35,35,46,63,63,77,104,104,104,104,114,114,114,114,216,216,216,216,216,216,116,116,116,116,116,116,28,28,28,28,28,28],"floor_reached":33,"playtime":1332,"items_purged":["Defend_G","Strike_G"],"score":287,"play_id":"6a2323e5-043f-471b-a03e-b74e895e2c6d","local_time":"20190104141706","is_ascension_mode":true,"campfire_choices":[{"data":"Infinite Blades","floor":6,"key":"SMITH"},{"data":"Backstab","floor":11,"key":"SMITH"},{"data":"Neutralize","floor":13,"key":"SMITH"},{"data":"Calculated Gamble","floor":15,"key":"SMITH"},{"floor":24,"key":"REST"},{"floor":27,"key":"REST"},{"data":"Envenom","floor":29,"key":"SMITH"},{"floor":32,"key":"REST"}],"neow_cost":"NONE","seed_source_timestamp":10779048086702,"circlet_count":0,"master_deck":["Defend_G","Defend_G","Defend_G","Strike_G","Strike_G","Survivor","Neutralize+1","Infinite Blades+1","Calculated Gamble+1","Backstab+1","Prepared","Die Die Die","Envenom+1","Accuracy","Deep Breath","Bandage Up"],"relics":["Ring of the Snake","Ice Cream","Bottled Lightning","Singing Bowl","Ectoplasm","MutagenicStrength","Pocketwatch","WingedGreaves"],"potions_floor_usage":[8,16,16,20,23,25],"damage_taken":[{"damage":4,"enemies":"Small Slimes","floor":1,"turns":3},{"damage":0,"enemies":"Cultist","floor":4,"turns":4},{"damage":0,"enemies":"2 Louse","floor":5,"turns":3},{"damage":1,"enemies":"2 Fungi Beasts","floor":7,"turns":3},{"damage":28,"enemies":"Lagavulin","floor":8,"turns":6},{"damage":0,"enemies":"Exordium Thugs","floor":12,"turns":3},{"damage":27,"enemies":"Hexaghost","floor":16,"turns":11},{"damage":10,"enemies":"Shell Parasite","floor":18,"turns":5},{"damage":1,"enemies":"Spheric Guardian","floor":20,"turns":3},{"damage":39,"enemies":"Slavers","floor":23,"turns":6},{"damage":28,"enemies":"Centurion and Healer","floor":25,"turns":5},{"damage":44,"enemies":"Champ","floor":33,"turns":10}],"seed_played":"-1611195858153336592","potions_obtained":[{"floor":1,"key":"Energy Potion"},{"floor":7,"key":"Strength Potion"},{"floor":8,"key":"LiquidBronze"},{"floor":12,"key":"Energy Potion"},{"floor":14,"key":"GhostInAJar"},{"floor":18,"key":"AttackPotion"},{"floor":23,"key":"EssenceOfSteel"}],"is_trial":false,"path_per_floor":["M","$","?","M","M","R","M","E","T","?","R","M","R","?","R","B",null,"M","?","M","?","$","E","R","M","T","R","$","R","?","?","R","B"],"character_chosen":"THE_SILENT","items_purchased":["Bandage Up"],"campfire_rested":3,"item_purchase_floors":[28],"current_hp_per_floor":[66,66,66,66,66,66,65,37,37,37,37,39,39,39,39,12,72,62,62,63,49,49,12,34,8,8,31,31,31,16,16,40,0],"gold":28,"neow_bonus":"TRANSFORM_CARD","is_prod":false,"is_daily":false,"chose_seed":false,"campfire_upgraded":5,"win_rate":0,"timestamp":1546582626,"path_taken":["M","$","?","?","M","R","M","E","T","?","R","M","R","?","R","BOSS","M","?","M","?","$","E","R","?","T","R","?","R","?","?","R","BOSS"],"build_version":"2019-01-03v3","purchased_purges":2,"victory":false,"max_hp_per_floor":[70,70,70,70,70,70,70,70,70,70,70,72,72,72,72,72,72,72,72,74,74,74,76,76,78,78,78,78,78,83,83,83,83],"card_choices":[{"not_picked":["Bane","PiercingWail","Acrobatics"],"picked":"SKIP","floor":1},{"not_picked":["Masterful Stab","Terror"],"picked":"Calculated Gamble","floor":4},{"not_picked":["Phantasmal Killer","All Out Attack"],"picked":"Backstab","floor":5},{"not_picked":["Expertise","Footwork"],"picked":"Prepared","floor":7},{"not_picked":["Catalyst","PiercingWail"],"picked":"Die Die Die","floor":8},{"not_picked":["Catalyst","PiercingWail","Setup"],"picked":"Singing Bowl","floor":12},{"not_picked":["Malaise","Phantasmal Killer"],"picked":"Envenom","floor":16},{"not_picked":["Blade Dance","Blur"],"picked":"Accuracy","floor":18},{"not_picked":["Skewer","Predator","Footwork+1"],"picked":"Singing Bowl","floor":20},{"not_picked":["Predator+1","Blade Dance","Envenom"],"picked":"Singing Bowl","floor":23},{"not_picked":["Deflect","Choke","PiercingWail"],"picked":"Singing Bowl","floor":25}],"player_experience":379520,"relics_obtained":[{"floor":8,"key":"Ice Cream"},{"floor":9,"key":"Bottled Lightning"},{"floor":23,"key":"Pocketwatch"},{"floor":26,"key":"WingedGreaves"}],"event_choices":[{"cards_removed":["Defend_G"],"damage_healed":0,"gold_gain":0,"player_choice":"Offered Basic","damage_taken":0,"max_hp_gain":0,"max_hp_loss":0,"event_name":"Bonfire Elementals","floor":3,"gold_loss":0},{"damage_healed":0,"gold_gain":0,"player_choice":"Searched \u00272\u0027 times","damage_taken":0,"relics_obtained":["Singing Bowl"],"max_hp_gain":0,"max_hp_loss":0,"event_name":"Dead Adventurer","floor":10,"gold_loss":0},{"damage_healed":0,"gold_gain":0,"player_choice":"Got Potions","damage_taken":0,"max_hp_gain":0,"max_hp_loss":0,"event_name":"Lab","floor":14,"gold_loss":0},{"damage_healed":0,"gold_gain":0,"player_choice":"Inject Mutagens","damage_taken":0,"relics_obtained":["MutagenicStrength"],"max_hp_gain":0,"max_hp_loss":0,"event_name":"Drug Dealer","floor":19,"gold_loss":0},{"damage_healed":0,"gold_gain":0,"player_choice":"CARD ","damage_taken":14,"max_hp_gain":0,"max_hp_loss":0,"event_name":"Knowing Skull","floor":21,"potions_obtained":[],"gold_loss":0,"cards_obtained":["Deep Breath"]},{"damage_healed":0,"gold_gain":0,"player_choice":"Shed Blood","damage_taken":20,"max_hp_gain":5,"max_hp_loss":0,"event_name":"Forgotten Altar","floor":30,"gold_loss":0},{"cards_removed":["Strike_G"],"damage_healed":0,"gold_gain":0,"player_choice":"Purged","damage_taken":0,"max_hp_gain":0,"max_hp_loss":0,"event_name":"Purifier","floor":31,"gold_loss":0}],"is_beta":false,"boss_relics":[{"not_picked":["Pandora\u0027s Box","Runic Pyramid"],"picked":"Ectoplasm"}],"items_purged_floors":[2,22],"is_endless":false,"potions_floor_spawned":[1,7,8,12,18,23],"killed_by":"Champ","ascension_level":2}