{"gold_per_floor":[111,111,124,124,299,299,328,328,328,347,376,386,9,40,40,135,135,151,151,51,71,82,109,109,139,190,190,223,138,151,178,178,278,278,294,314,9,9,21,46,46,71,71,71,98,116,132,132],"floor_reached":48,"playtime":3742,"items_purged":["Doubt","Strike_B","Strike_B"],"score":698,"play_id":"dd154056-40a6-4480-bb78-f429032f2a1d","local_time":"20190502120316","is_ascension_mode":true,"campfire_choices":[{"data":"Zap","floor":6,"key":"SMITH"},{"floor":8,"key":"REST"},{"data":"Recycle","floor":15,"key":"SMITH"},{"floor":24,"key":"REST"},{"data":"Undo","floor":27,"key":"SMITH"},{"floor":32,"key":"REST"},{"floor":41,"key":"REST"}],"neow_cost":"NONE","seed_source_timestamp":0,"circlet_count":0,"master_deck":["Strike_B","Strike_B+1","Defend_B","Defend_B+1","Defend_B","Defend_B","Zap+1","Dualcast+1","Darkness+1","Streamline","Sunder","Seek+1","Coolheaded","Recycle+1","Undo+1","Doom and Gloom","Electrodynamics","Loop","Stack","Sweeping Beam+1","Undo","Capacitor","Go for the Eyes+1","Defragment","Core Surge","Buffer","Hologram+1","Conserve Battery+1","Stack+1","Zap+1"],"special_seed":0,"relics":["Cracked Core","Bronze Scales","Mummified Hand","War Paint","Oddly Smooth Stone","Incense Burner","Philosopher\u0027s Stone","Nilry\u0027s Codex","Mercury Hourglass","Potion Belt","Pen Nib","Smiling Mask","Toxic Egg 2","Blood Vial","Inserter","Sundial","Singing Bowl","Anchor"],"potions_floor_usage":[7,14,22,22,23,28,33,35,42,45,48,48,48,48],"damage_taken":[{"damage":5,"enemies":"Small Slimes","floor":1,"turns":3},{"damage":1,"enemies":"Jaw Worm","floor":3,"turns":3},{"damage":26,"enemies":"3 Sentries","floor":7,"turns":5},{"damage":0,"enemies":"2 Louse","floor":10,"turns":2},{"damage":18,"enemies":"Lagavulin","floor":11,"turns":5},{"damage":9,"enemies":"Blue Slaver","floor":12,"turns":3},{"damage":0,"enemies":"Gremlin Nob","floor":14,"turns":3},{"damage":7,"enemies":"The Guardian","floor":16,"turns":7},{"damage":16,"enemies":"2 Thieves","floor":18,"turns":3},{"damage":0,"enemies":"Chosen","floor":21,"turns":3},{"damage":23,"enemies":"Snake Plant","floor":22,"turns":3},{"damage":11,"enemies":"Slavers","floor":23,"turns":3},{"damage":19,"enemies":"Book of Stabbing","floor":25,"turns":5},{"damage":1,"enemies":"Gremlin Leader","floor":28,"turns":4},{"damage":0,"enemies":"Cultist and Chosen","floor":30,"turns":5},{"damage":1,"enemies":"Book of Stabbing","floor":31,"turns":5},{"damage":39,"enemies":"Collector","floor":33,"turns":8},{"damage":15,"enemies":"3 Darklings","floor":35,"turns":6},{"damage":0,"enemies":"3 Shapes","floor":36,"turns":2},{"damage":0,"enemies":"3 Darklings","floor":39,"turns":3},{"damage":50,"enemies":"Reptomancer","floor":40,"turns":7},{"damage":42,"enemies":"Giant Head","floor":42,"turns":11},{"damage":2,"enemies":"Nemesis","floor":45,"turns":7},{"damage":0,"enemies":"Transient","floor":46,"turns":5},{"damage":0,"enemies":"Jaw Worm Horde","floor":47,"turns":4},{"damage":24,"enemies":"Giant Head","floor":48,"turns":8}],"seed_played":"4654367588156366178","potions_obtained":[{"floor":1,"key":"Explosive Potion"},{"floor":11,"key":"SteroidPotion"},{"floor":16,"key":"Regen Potion"},{"floor":21,"key":"Fire Potion"},{"floor":22,"key":"Weak Potion"},{"floor":25,"key":"Weak Potion"},{"floor":31,"key":"SkillPotion"},{"floor":33,"key":"SkillPotion"},{"floor":40,"key":"Strength Potion"},{"floor":42,"key":"Dexterity Potion"},{"floor":45,"key":"Strength Potion"},{"floor":46,"key":"Explosive Potion"}],"is_trial":false,"path_per_floor":["M","?","M","?","?","R","E","R","T","M","E","M","$","E","R","B",null,"M","?","$","M","M","E","R","E","T","R","E","?","M","E","R","B",null,"M","M","$","?","M","E","R","E","T","?","E","M","M","E"],"character_chosen":"DEFECT","items_purchased":["Undo","Doom and Gloom","Oddly Smooth Stone","Buffer","Strength Potion","SpeedPotion"],"campfire_rested":4,"item_purchase_floors":[13,13,13,37,37,37],"current_hp_per_floor":[77,77,76,60,60,60,34,58,58,58,40,31,31,31,31,24,82,66,50,50,50,36,25,49,30,30,30,29,29,29,28,52,15,82,67,69,69,69,71,23,47,9,9,9,11,15,19,0],"gold":132,"neow_bonus":"TEN_PERCENT_HP_BONUS","is_prod":false,"is_daily":false,"chose_seed":false,"campfire_upgraded":3,"win_rate":0,"timestamp":1556812996,"path_taken":["M","?","M","?","?","R","E","R","T","M","E","M","$","E","R","BOSS","M","?","$","M","M","E","R","E","T","R","E","?","M","E","R","BOSS","M","M","$","?","M","E","R","E","T","?","E","?","M","E"],"build_version":"2019-01-23","purchased_purges":3,"victory":false,"max_hp_per_floor":[82,82,82,82,82,82,82,82,82,82,82,82,82,82,82,82,82,82,82,82,82,82,82,82,82,82,82,82,82,82,82,82,82,82,82,82,82,82,82,82,82,84,84,84,86,88,90,90],"card_choices":[{"not_picked":["Skim","Go for the Eyes"],"picked":"Darkness","floor":1},{"not_picked":["White Noise","Beam Cell"],"picked":"Streamline","floor":3},{"not_picked":["Heatsinks","Compile Driver"],"picked":"Sunder","floor":7},{"not_picked":["Heatsinks","Stack"],"picked":"Seek","floor":10},{"not_picked":["Streamline","Gash"],"picked":"Coolheaded","floor":11},{"not_picked":["All For One","Reprogram"],"picked":"Recycle","floor":12},{"not_picked":["Hello World","Reinforced Body","Coolheaded"],"picked":"SKIP","floor":14},{"not_picked":["Core Surge","Meteor Strike"],"picked":"Electrodynamics","floor":16},{"not_picked":["Coolheaded","Go for the Eyes"],"picked":"Loop","floor":18},{"not_picked":["Aggregate","Ball Lightning"],"picked":"Stack","floor":21},{"not_picked":["BootSequence","Creative AI"],"picked":"Sweeping Beam+1","floor":22},{"not_picked":["Beam Cell","Turbo+1"],"picked":"Undo","floor":23},{"not_picked":["Beam Cell","White Noise"],"picked":"Capacitor","floor":25},{"not_picked":["Seek","Leap","Turbo+1"],"picked":"SKIP","floor":28},{"not_picked":["Turbo+1","Sweeping Beam"],"picked":"Go for the Eyes+1","floor":30},{"not_picked":["Compile Driver+1","Reboot+1"],"picked":"Defragment","floor":31},{"not_picked":["Fission+1","Meteor Strike"],"picked":"Core Surge","floor":33},{"not_picked":["Rebound+1","Barrage+1","Conserve Battery+1"],"picked":"SKIP","floor":35},{"not_picked":["Compile Driver+1","Genetic Algorithm+1","Gash"],"picked":"SKIP","floor":36},{"not_picked":["Redo+1","Storm+1"],"picked":"Hologram+1","floor":39},{"not_picked":["Compile Driver+1","FTL"],"picked":"Conserve Battery+1","floor":40},{"not_picked":["Genetic Algorithm+1","Reboot+1","Conserve Battery+1"],"picked":"Singing Bowl","floor":42},{"not_picked":["Fusion+1","Force Field+1","Blizzard"],"picked":"Singing Bowl","floor":45},{"not_picked":["Gash","Conserve Battery+1","Turbo+1"],"picked":"Singing Bowl","floor":46},{"not_picked":["Go for the Eyes","Barrage+1","Beam Cell"],"picked":"Singing Bowl","floor":47}],"player_experience":64965,"relics_obtained":[{"floor":7,"key":"Bronze Scales"},{"floor":9,"key":"Mummified Hand"},{"floor":11,"key":"War Paint"},{"floor":14,"key":"Incense Burner"},{"floor":19,"key":"Nilry\u0027s Codex"},{"floor":23,"key":"Mercury Hourglass"},{"floor":25,"key":"Potion Belt"},{"floor":26,"key":"Pen Nib"},{"floor":28,"key":"Smiling Mask"},{"floor":31,"key":"Blood Vial"},{"floor":40,"key":"Sundial"},{"floor":42,"key":"Singing Bowl"},{"floor":45,"key":"Anchor"}],"event_choices":[{"damage_healed":0,"gold_gain":0,"player_choice":"Grow","damage_taken":0,"max_hp_gain":0,"max_hp_loss":0,"event_name":"Living Wall","floor":2,"gold_loss":0,"cards_upgraded":["Darkness"]},{"damage_healed":0,"gold_gain":0,"player_choice":"Entered Light","damage_taken":16,"max_hp_gain":0,"max_hp_loss":0,"event_name":"Shining Light","floor":4,"gold_loss":0,"cards_upgraded":["Dualcast","Strike_B"]},{"damage_healed":0,"gold_gain":175,"player_choice":"AGREE","damage_taken":0,"max_hp_gain":0,"max_hp_loss":0,"event_name":"Liars Game","floor":5,"gold_loss":0,"cards_obtained":["Doubt"]},{"damage_healed":0,"gold_gain":0,"player_choice":"Obtained Book","damage_taken":16,"max_hp_gain":0,"max_hp_loss":0,"event_name":"Cursed Tome","floor":19,"gold_loss":0},{"damage_healed":0,"gold_gain":0,"player_choice":"Obtained Relic","damage_taken":0,"relics_obtained":["Toxic Egg 2"],"max_hp_gain":0,"max_hp_loss":0,"event_name":"Addict","floor":29,"gold_loss":85},{"damage_healed":0,"gold_gain":0,"player_choice":"Memory 1","damage_taken":0,"max_hp_gain":0,"max_hp_loss":0,"event_name":"SensoryStone","floor":38,"gold_loss":0},{"damage_healed":0,"gold_gain":0,"player_choice":"2 cards matched","damage_taken":0,"max_hp_gain":0,"max_hp_loss":0,"event_name":"Match and Keep!","floor":44,"gold_loss":0,"cards_obtained":["Stack","Zap"]}],"is_beta":false,"boss_relics":[{"not_picked":["Astrolabe","Velvet Choker"],"picked":"Philosopher\u0027s Stone"},{"not_picked":["White Beast Statue","FrozenCore"],"picked":"Inserter"}],"items_purged_floors":[13,20,37],"is_endless":false,"potions_floor_spawned":[1,11,16,21,22,25,31,33,40,42,45,46],"killed_by":"Giant Head","ascension_level":1}