{"gold_per_floor":[110,128,138,138,138,138,149,149,172,201,215,215,44,64,64,140,140,160,172,172,189,31,2,21,37,37,37,47,47,47,47,47,47],"floor_reached":33,"playtime":1165,"items_purged":[],"score":498,"play_id":"cd3d0ac7-5dec-48fb-8937-8e29c6324092","local_time":"20190423202132","is_ascension_mode":true,"campfire_choices":[{"data":"Bash","floor":6,"key":"SMITH"},{"data":"Carnage","floor":8,"key":"SMITH"},{"data":"Shockwave","floor":12,"key":"SMITH"},{"data":"True Grit","floor":15,"key":"SMITH"},{"data":"Whirlwind","floor":27,"key":"SMITH"},{"floor":30,"key":"REST"},{"floor":32,"key":"REST"}],"neow_cost":"NONE","seed_source_timestamp":388498034534202,"circlet_count":0,"master_deck":["AscendersBane","Strike_R","Strike_R","Strike_R","Strike_R","Defend_R","Defend_R","Defend_R","Defend_R","Bash+1","Carnage+1","Pommel Strike","True Grit+1","Shockwave+1","Spot Weakness","Feed","Sword Boomerang","Whirlwind+1","Warcry","Armaments+1","Heavy Blade","Disarm","Ghostly","Ghostly","Ghostly"],"relics":["Burning Blood","NeowsBlessing","Orichalcum","Vajra","Bird Faced Urn","PreservedInsect","Sozu","Happy Flower","Mercury Hourglass"],"potions_floor_usage":[11,33,33],"damage_taken":[{"damage":0,"enemies":"Cultist","floor":1,"turns":1},{"damage":0,"enemies":"Jaw Worm","floor":2,"turns":1},{"damage":2,"enemies":"Small Slimes","floor":3,"turns":2},{"damage":9,"enemies":"Exordium Wildlife","floor":7,"turns":4},{"damage":2,"enemies":"Gremlin Nob","floor":10,"turns":3},{"damage":10,"enemies":"Exordium Thugs","floor":11,"turns":3},{"damage":6,"enemies":"3 Louse","floor":14,"turns":4},{"damage":21,"enemies":"The Guardian","floor":16,"turns":9},{"damage":19,"enemies":"Shell Parasite","floor":18,"turns":5},{"damage":19,"enemies":"Spheric Guardian","floor":19,"turns":5},{"damage":17,"enemies":"Centurion and Healer","floor":21,"turns":4},{"damage":25,"enemies":"3 Cultists","floor":24,"turns":5},{"damage":11,"enemies":"Snake Plant","floor":25,"turns":3},{"damage":17,"enemies":"Centurion and Healer","floor":28,"turns":6},{"damage":66,"enemies":"Champ","floor":33,"turns":11}],"seed_played":"642813133128231190","potions_obtained":[{"floor":1,"key":"Block Potion"},{"floor":2,"key":"Energy Potion"},{"floor":14,"key":"Regen Potion"},{"floor":16,"key":"AttackPotion"}],"is_trial":false,"path_per_floor":["M","M","M","?","?","R","M","R","T","E","M","R","$","M","R","B",null,"M","M","?","M","$","$","M","M","T","R","M","?","R","$","R","B"],"character_chosen":"IRONCLAD","items_purchased":["PreservedInsect","Happy Flower","Warcry"],"campfire_rested":2,"item_purchase_floors":[13,22,23],"current_hp_per_floor":[74,75,75,70,70,70,67,67,67,71,67,67,67,67,67,52,69,59,49,49,41,41,41,25,20,20,20,13,13,26,26,39,0],"gold":47,"neow_bonus":"THREE_ENEMY_KILL","is_prod":false,"is_daily":false,"chose_seed":false,"campfire_upgraded":5,"win_rate":0,"timestamp":1556018492,"path_taken":["M","?","?","?","?","R","M","R","T","E","?","R","$","M","R","BOSS","M","M","?","?","?","$","?","M","T","R","?","?","R","$","R","BOSS"],"build_version":"2019-01-23","purchased_purges":0,"victory":false,"max_hp_per_floor":[75,75,75,75,75,75,75,75,75,75,75,75,75,75,75,75,75,78,81,81,84,84,84,87,87,87,87,91,45,45,45,45,45],"card_choices":[{"not_picked":["Heavy Blade","Thunderclap"],"picked":"Carnage","floor":1},{"not_picked":["Sever Soul","Iron Wave","Dropkick"],"picked":"SKIP","floor":2},{"not_picked":["Perfected Strike","Heavy Blade"],"picked":"Pommel Strike","floor":3},{"not_picked":["Sever Soul","Havoc","Iron Wave"],"picked":"SKIP","floor":7},{"not_picked":["Reckless Charge","Pommel Strike"],"picked":"True Grit","floor":10},{"not_picked":["Uppercut","Rupture"],"picked":"Shockwave","floor":11},{"not_picked":["Shrug It Off","True Grit"],"picked":"Spot Weakness","floor":14},{"not_picked":["Brutality","Fiend Fire"],"picked":"Feed","floor":16},{"not_picked":["Intimidate","Reckless Charge"],"picked":"Sword Boomerang","floor":18},{"not_picked":["Intimidate","Wild Strike"],"picked":"Whirlwind","floor":19},{"not_picked":["Sword Boomerang","Blood for Blood","Hemokinesis"],"picked":"SKIP","floor":21},{"not_picked":["Havoc","Pommel Strike"],"picked":"Armaments+1","floor":24},{"not_picked":["Dual Wield","Body Slam"],"picked":"Heavy Blade","floor":25},{"not_picked":["Infernal Blade","Warcry"],"picked":"Disarm","floor":28}],"player_experience":1063214,"relics_obtained":[{"floor":9,"key":"Vajra"},{"floor":10,"key":"Bird Faced Urn"},{"floor":26,"key":"Mercury Hourglass"}],"event_choices":[{"damage_healed":0,"gold_gain":0,"player_choice":"Success","damage_taken":5,"relics_obtained":["Orichalcum"],"max_hp_gain":0,"max_hp_loss":0,"event_name":"Scrap Ooze","floor":4,"gold_loss":0},{"damage_healed":0,"gold_gain":0,"player_choice":"Got Potions","damage_taken":0,"max_hp_gain":0,"max_hp_loss":0,"event_name":"Lab","floor":5,"gold_loss":0},{"cards_removed":["Strike_R"],"damage_healed":0,"gold_gain":0,"player_choice":"Purged","damage_taken":0,"max_hp_gain":0,"max_hp_loss":0,"event_name":"Purifier","floor":20,"gold_loss":0},{"damage_healed":0,"gold_gain":0,"player_choice":"Became a Ghost","damage_taken":0,"max_hp_gain":0,"max_hp_loss":46,"event_name":"Ghosts","floor":29,"gold_loss":0,"cards_obtained":["Ghostly","Ghostly","Ghostly"]}],"is_beta":false,"boss_relics":[{"not_picked":["Busted Crown","Lizard Tail"],"picked":"Sozu"}],"items_purged_floors":[],"is_endless":false,"potions_floor_spawned":[1,2,7,14,16,19,21,25,28],"killed_by":"Champ","ascension_level":20}