{"gold_per_floor":[113,38,38,38,57,97,97,97,167,167,167,190,228,50,50,50],"floor_reached":16,"playtime":416,"items_purged":["Strike_R","Defend_R"],"score":131,"play_id":"0c40391d-d52f-43ea-804d-8996ef5b2689","local_time":"20190409221411","is_ascension_mode":false,"campfire_choices":[{"data":"Whirlwind","floor":8,"key":"SMITH"},{"data":"Flame Barrier","floor":10,"key":"SMITH"},{"data":"Corruption","floor":15,"key":"SMITH"}],"neow_cost":"NONE","seed_source_timestamp":43789680187826,"circlet_count":0,"master_deck":["Strike_R","Strike_R","Strike_R","Strike_R","Defend_R","Defend_R","Defend_R","Thunderclap+1","Whirlwind+1","Flame Barrier+1","Double Tap","Corruption+1"],"relics":["Burning Blood","NeowsBlessing","Golden Idol","Dodecahedron","Mango","Meat on the Bone","Self Forming Clay"],"potions_floor_usage":[16],"damage_taken":[{"damage":0,"enemies":"Small Slimes","floor":1,"turns":1},{"damage":0,"enemies":"2 Louse","floor":5,"turns":1},{"damage":0,"enemies":"Lagavulin","floor":6,"turns":1},{"damage":6,"enemies":"Cultist","floor":12,"turns":3},{"damage":13,"enemies":"3 Sentries","floor":13,"turns":4},{"damage":61,"enemies":"The Guardian","floor":16,"turns":9}],"seed_played":"2185408946909049393","potions_obtained":[{"floor":6,"key":"FearPotion"}],"is_trial":false,"path_per_floor":["M","$","?","?","M","E","?","R","T","R","?","M","E","$","R","B"],"character_chosen":"IRONCLAD","items_purchased":["Corruption"],"campfire_rested":0,"item_purchase_floors":[14],"current_hp_per_floor":[80,80,60,60,66,72,44,44,44,44,44,56,61,61,61,0],"gold":50,"neow_bonus":"THREE_ENEMY_KILL","is_prod":false,"is_daily":false,"chose_seed":false,"campfire_upgraded":3,"win_rate":0,"timestamp":1554819251,"path_taken":["M","$","?","?","M","E","?","R","T","R","?","?","E","$","R","BOSS"],"build_version":"2019-01-23","purchased_purges":2,"victory":false,"max_hp_per_floor":[80,80,80,80,80,80,94,94,94,94,94,94,94,94,94,94],"card_choices":[{"not_picked":["Headbutt","Dual Wield"],"picked":"Thunderclap","floor":1},{"not_picked":["Twin Strike","Heavy Blade"],"picked":"Whirlwind","floor":5},{"not_picked":["Juggernaut","Anger"],"picked":"Flame Barrier","floor":6},{"not_picked":["Clash","Body Slam","Armaments"],"picked":"SKIP","floor":12},{"not_picked":["True Grit","Combust"],"picked":"Double Tap","floor":13}],"player_experience":424699,"relics_obtained":[{"floor":6,"key":"Dodecahedron"},{"floor":9,"key":"Meat on the Bone"},{"floor":13,"key":"Self Forming Clay"}],"event_choices":[{"damage_healed":0,"gold_gain":0,"player_choice":"Take Damage","damage_taken":20,"relics_obtained":["Golden Idol"],"max_hp_gain":0,"max_hp_loss":0,"event_name":"Golden Idol","floor":3,"gold_loss":0},{"damage_healed":0,"gold_gain":0,"player_choice":"Grow","damage_taken":0,"max_hp_gain":0,"max_hp_loss":0,"event_name":"Living Wall","floor":4,"gold_loss":0,"cards_upgraded":["Thunderclap"]},{"damage_healed":0,"gold_gain":0,"player_choice":"Success","damage_taken":42,"relics_obtained":["Mango"],"max_hp_gain":0,"max_hp_loss":0,"event_name":"Scrap Ooze","floor":7,"gold_loss":0},{"cards_removed":["Bash"],"damage_healed":0,"gold_gain":0,"player_choice":"Purged","damage_taken":0,"max_hp_gain":0,"max_hp_loss":0,"event_name":"Purifier","floor":11,"gold_loss":0}],"is_beta":false,"boss_relics":[],"items_purged_floors":[2,14],"is_endless":false,"potions_floor_spawned":[6],"killed_by":"The Guardian","ascension_level":0}