{"gold_per_floor":[115,128,128,140,110,110,126,161,161,172,182,182,182,206,206,283,283,296,314,3,3,3,31,31,31,31,48,48,65,65,75,75,75],"floor_reached":33,"playtime":1322,"items_purged":[],"score":599,"play_id":"154edc9d-3146-4497-ab6e-120531f5ce53","local_time":"20190122223850","is_ascension_mode":true,"campfire_choices":[{"data":"Neutralize","floor":6,"key":"SMITH"},{"data":"Noxious Fumes","floor":12,"key":"SMITH"},{"data":"Malaise","floor":15,"key":"SMITH"},{"data":"Corpse Explosion","floor":24,"key":"SMITH"},{"data":"Dash","floor":28,"key":"SMITH"},{"data":"Dagger Spray","floor":32,"key":"SMITH"}],"neow_cost":"TEN_PERCENT_HP_LOSS","seed_source_timestamp":1546732993350582,"circlet_count":0,"master_deck":["AscendersBane","Defend_G","Defend_G","Defend_G","Defend_G","Defend_G","Strike_G","Strike_G","Strike_G","Strike_G","Survivor","Neutralize+1","Predator","Noxious Fumes+1","Prepared","Footwork+1","Cloak And Dagger","Dagger Spray+1","Malaise+1","Corpse Explosion+1","Cloak And Dagger","Ghostly","Ghostly","Ghostly","Dash+1","Escape Plan","Accuracy"],"relics":["Ring of the Snake","Mango","CultistMask","Orichalcum","Darkstone Periapt","Tingsha","Oddly Smooth Stone","Sozu","The Specimen","Vajra","Mummified Hand"],"potions_floor_usage":[2,7,8,10,10,18,19],"damage_taken":[{"damage":5,"enemies":"2 Louse","floor":1,"turns":3},{"damage":0,"enemies":"Cultist","floor":2,"turns":3},{"damage":5,"enemies":"Jaw Worm","floor":4,"turns":4},{"damage":1,"enemies":"Blue Slaver","floor":7,"turns":5},{"damage":21,"enemies":"Gremlin Nob","floor":8,"turns":6},{"damage":2,"enemies":"Lots of Slimes","floor":10,"turns":5},{"damage":0,"enemies":"Exordium Thugs","floor":11,"turns":5},{"damage":0,"enemies":"Hexaghost","floor":16,"turns":11},{"damage":0,"enemies":"Chosen","floor":18,"turns":7},{"damage":1,"enemies":"3 Byrds","floor":19,"turns":3},{"damage":2,"enemies":"Gremlin Leader","floor":23,"turns":7},{"damage":4,"enemies":"Centurion and Healer","floor":27,"turns":6},{"damage":0,"enemies":"3 Cultists","floor":29,"turns":3},{"damage":0,"enemies":"Snake Plant","floor":31,"turns":5},{"damage":35,"enemies":"Collector","floor":33,"turns":7}],"seed_played":"-6570519913815887821","potions_obtained":[{"floor":1,"key":"FearPotion"},{"floor":4,"key":"Weak Potion"},{"floor":5,"key":"EssenceOfSteel"},{"floor":8,"key":"EntropicBrew"},{"floor":16,"key":"GhostInAJar"}],"is_trial":false,"path_per_floor":["M","M","?","M","?","R","M","E","T","M","M","R","?","T","R","B",null,"M","M","$","?","$","E","R","?","T","M","R","M","?","M","R","B"],"character_chosen":"THE_SILENT","items_purchased":["The Specimen"],"campfire_rested":0,"item_purchase_floors":[20],"current_hp_per_floor":[68,68,68,63,63,63,62,41,41,39,39,39,21,21,21,21,61,61,60,60,37,37,35,35,35,35,31,31,31,31,31,31,0],"gold":75,"neow_bonus":"ONE_RARE_RELIC","is_prod":false,"is_daily":false,"chose_seed":false,"campfire_upgraded":6,"win_rate":0,"timestamp":1548164330,"path_taken":["M","M","?","?","?","R","M","E","T","?","M","R","?","?","R","BOSS","M","?","$","?","?","E","R","?","T","M","R","?","?","M","R","BOSS"],"build_version":"2019-01-17v2","purchased_purges":0,"victory":false,"max_hp_per_floor":[74,74,74,74,74,74,74,74,74,74,74,74,74,74,74,74,74,74,74,74,37,37,37,37,37,37,37,37,37,37,37,37,37],"card_choices":[{"not_picked":["Finisher","Accuracy"],"picked":"Predator","floor":1},{"not_picked":["Distraction","Concentrate"],"picked":"Noxious Fumes","floor":2},{"not_picked":["Underhanded Strike","Poisoned Stab"],"picked":"Prepared","floor":4},{"not_picked":["Crippling Poison","Outmaneuver"],"picked":"Footwork","floor":7},{"not_picked":["Blade Dance","Quick Slash"],"picked":"Cloak And Dagger","floor":8},{"not_picked":["Dodge and Roll","Deflect"],"picked":"Dagger Spray","floor":10},{"not_picked":["Deadly Poison","Expertise"],"picked":"Malaise","floor":11},{"not_picked":["Glass Knife","Unload"],"picked":"Corpse Explosion","floor":16},{"not_picked":["Flechettes+1","Deadly Poison","Sucker Punch"],"picked":"SKIP","floor":18},{"not_picked":["Deflect","Bane+1"],"picked":"Cloak And Dagger","floor":19},{"not_picked":["Caltrops","Blade Dance","Masterful Stab"],"picked":"SKIP","floor":23},{"not_picked":["PiercingWail+1","Eviscerate+1"],"picked":"Dash","floor":27},{"not_picked":["Predator","Blade Dance"],"picked":"Escape Plan","floor":29},{"not_picked":["Deadly Poison","Blade Dance","PiercingWail"],"picked":"SKIP","floor":31}],"player_experience":429121,"relics_obtained":[{"floor":8,"key":"Orichalcum"},{"floor":9,"key":"Darkstone Periapt"},{"floor":14,"key":"Oddly Smooth Stone"},{"floor":23,"key":"Vajra"},{"floor":26,"key":"Mummified Hand"}],"event_choices":[{"damage_healed":0,"gold_gain":0,"player_choice":"Trade","damage_taken":0,"relics_obtained":["CultistMask"],"max_hp_gain":0,"max_hp_loss":0,"event_name":"FaceTrader","floor":3,"gold_loss":0},{"damage_healed":0,"gold_gain":0,"player_choice":"Bought 2 Potions","damage_taken":0,"max_hp_gain":0,"max_hp_loss":0,"event_name":"The Woman in Blue","floor":5,"gold_loss":0},{"damage_healed":0,"gold_gain":0,"player_choice":"Success","damage_taken":18,"relics_obtained":["Tingsha"],"max_hp_gain":0,"max_hp_loss":0,"event_name":"Scrap Ooze","floor":13,"gold_loss":0},{"damage_healed":0,"gold_gain":0,"player_choice":"Became a Ghost","damage_taken":0,"max_hp_gain":0,"max_hp_loss":37,"event_name":"Ghosts","floor":21,"gold_loss":0,"cards_obtained":["Ghostly","Ghostly","Ghostly"]},{"damage_healed":0,"gold_gain":0,"player_choice":"Forge","damage_taken":0,"max_hp_gain":0,"max_hp_loss":0,"event_name":"Accursed Blacksmith","floor":25,"gold_loss":0,"cards_upgraded":["Footwork"]},{"damage_healed":0,"gold_gain":0,"cards_transformed":["Strike_G"],"player_choice":"Transformed","damage_taken":0,"max_hp_gain":0,"max_hp_loss":0,"event_name":"Transmorgrifier","floor":30,"gold_loss":0,"cards_obtained":["Accuracy"]}],"is_beta":false,"boss_relics":[{"not_picked":["White Beast Statue","Ring of the Serpent"],"picked":"Sozu"}],"items_purged_floors":[],"is_endless":false,"potions_floor_spawned":[1,4,8,16,19,27,31],"killed_by":"Collector","ascension_level":15}