{"gold_per_floor":[118,2,18,18,18,53,53,93,93,93,13,13,13,33,33,132,132,132,132,82,82,82,82,82],"floor_reached":24,"playtime":1759,"items_purged":[],"score":388,"play_id":"da7d8ac3-1846-499a-9aa4-83418035a1b6","local_time":"20190424012746","is_ascension_mode":true,"campfire_choices":[{"data":"Zap","floor":7,"key":"SMITH"},{"floor":10,"key":"REST"},{"data":"Defragment","floor":12,"key":"SMITH"},{"data":"Consume","floor":15,"key":"SMITH"},{"data":"Self Repair","floor":23,"key":"SMITH"}],"neow_cost":"NONE","seed_source_timestamp":104313881363764,"circlet_count":0,"master_deck":["AscendersBane","Strike_B","Strike_B","Strike_B","Strike_B","Defend_B","Defend_B","Defend_B","Defend_B","Zap+1","Dualcast","Conserve Battery","Cold Snap","Chill","Capacitor","Compile Driver","Glacier","Defragment+1","Consume+1","All For One","Self Repair+1","Cold Snap","Ball Lightning+1","Doom and Gloom"],"relics":["Cracked Core","Golden Idol","Pear","Question Card","Bottled Tornado","Ectoplasm"],"potions_floor_usage":[6,16],"damage_taken":[{"damage":7,"enemies":"Jaw Worm","floor":1,"turns":3},{"damage":0,"enemies":"2 Louse","floor":3,"turns":3},{"damage":33,"enemies":"Gremlin Nob","floor":6,"turns":4},{"damage":17,"enemies":"3 Sentries","floor":8,"turns":10},{"damage":0,"enemies":"Small Slimes","floor":14,"turns":3},{"damage":3,"enemies":"Hexaghost","floor":16,"turns":8},{"damage":7,"enemies":"Spheric Guardian","floor":18,"turns":3},{"damage":0,"enemies":"3 Byrds","floor":19,"turns":5},{"damage":13,"enemies":"Snake Plant","floor":21,"turns":8},{"damage":8,"enemies":"Centurion and Healer","floor":22,"turns":8},{"damage":56,"enemies":"Gremlin Leader","floor":24,"turns":7}],"seed_played":"7689632100346764595","potions_obtained":[{"floor":0,"key":"Strength Potion"},{"floor":0,"key":"SpeedPotion"},{"floor":8,"key":"GamblersBrew"},{"floor":14,"key":"PowerPotion"},{"floor":18,"key":"SteroidPotion"},{"floor":22,"key":"Fire Potion"}],"is_trial":false,"path_per_floor":["M","$","M","?","?","E","R","E","T","R","$","R","?","M","R","B",null,"M","M","?","M","M","R","E"],"character_chosen":"DEFECT","items_purchased":["Cold Snap","Chill","Defragment"],"campfire_rested":1,"item_purchase_floors":[2,2,11],"current_hp_per_floor":[57,57,57,62,62,39,39,22,22,45,45,45,45,45,45,42,70,63,63,63,57,56,56,0],"gold":82,"neow_bonus":"THREE_SMALL_POTIONS","is_prod":false,"is_daily":false,"chose_seed":false,"campfire_upgraded":4,"win_rate":0,"timestamp":1556062066,"path_taken":["M","$","M","?","?","E","R","E","T","R","$","R","?","M","R","BOSS","M","M","?","M","M","R","E"],"build_version":"2019-01-23","purchased_purges":0,"victory":false,"max_hp_per_floor":[71,71,71,76,69,79,79,79,79,79,79,79,79,79,79,79,79,79,79,79,79,79,79,79],"card_choices":[{"not_picked":["Gash","Double Energy"],"picked":"Conserve Battery","floor":1},{"not_picked":["Echo Form","White Noise"],"picked":"Capacitor","floor":3},{"not_picked":["Blizzard","Redo"],"picked":"Compile Driver","floor":6},{"not_picked":["Rainbow","Beam Cell"],"picked":"Glacier","floor":8},{"not_picked":["Double Energy","Go for the Eyes","Ball Lightning"],"picked":"Consume","floor":14},{"not_picked":["Meteor Strike","Creative AI","Fission"],"picked":"All For One","floor":16},{"not_picked":["Leap","Barrage","Recycle"],"picked":"Self Repair","floor":18},{"not_picked":["Compile Driver","Stack+1","Static Discharge+1"],"picked":"Cold Snap","floor":19},{"not_picked":["Tempest","Recycle","Stack"],"picked":"Ball Lightning+1","floor":21},{"not_picked":["Gash","Steam","Seek"],"picked":"Doom and Gloom","floor":22}],"player_experience":701576,"relics_obtained":[{"floor":6,"key":"Pear"},{"floor":8,"key":"Question Card"},{"floor":9,"key":"Bottled Tornado"}],"event_choices":[{"damage_healed":0,"gold_gain":0,"player_choice":"Donut","damage_taken":0,"max_hp_gain":5,"max_hp_loss":0,"event_name":"Big Fish","floor":4,"gold_loss":0},{"damage_healed":0,"gold_gain":0,"player_choice":"Lose Max HP","damage_taken":0,"relics_obtained":["Golden Idol"],"max_hp_gain":0,"max_hp_loss":7,"event_name":"Golden Idol","floor":5,"gold_loss":0},{"damage_healed":0,"gold_gain":0,"player_choice":"Ignored","damage_taken":0,"max_hp_gain":0,"max_hp_loss":0,"event_name":"Liars Game","floor":13,"gold_loss":0},{"damage_healed":0,"gold_gain":100,"player_choice":"Bet on Murderer","damage_taken":0,"max_hp_gain":0,"max_hp_loss":0,"event_name":"The Joust","floor":20,"gold_loss":50}],"is_beta":false,"boss_relics":[{"not_picked":["Lizard Tail","FrozenCore"],"picked":"Ectoplasm"}],"items_purged_floors":[],"is_endless":false,"potions_floor_spawned":[8,14,18,22],"killed_by":"Gremlin Leader","ascension_level":18}