{"gold_per_floor":[113,113,113,38,58,58,88,123,123,123,138,138,148,148,148,243,243,260,359,377,394,103,131,131,131,199,123,142,154,154,173,173,273,273,290,165,265,265,280,280,280,303,384,384,179,214,214,227,227,227],"floor_reached":50,"playtime":3297,"items_purged":["Pain","Strike_G","Defend_G"],"score":486,"play_id":"3144a44f-9e9d-4620-83e8-54ec19132a66","local_time":"20181210154618","is_ascension_mode":false,"campfire_choices":[{"data":"Well Laid Plans","floor":6,"key":"SMITH"},{"data":"All Out Attack","floor":10,"key":"SMITH"},{"data":"Survivor","floor":12,"key":"SMITH"},{"data":"Flying Knee","floor":15,"key":"SMITH"},{"data":"Burst","floor":24,"key":"SMITH"},{"data":"Noxious Fumes","floor":32,"key":"SMITH"},{"data":"Catalyst","floor":40,"key":"SMITH"},{"data":"Terror","floor":47,"key":"SMITH"},{"floor":49,"key":"RECALL"}],"neow_cost":"NONE","seed_source_timestamp":1000142937262438,"circlet_count":0,"master_deck":["Defend_G","Defend_G","Defend_G","Strike_G","Strike_G","Survivor+1","Neutralize+1","Well Laid Plans+1","All Out Attack+1","Flying Knee+1","Burst+1","Noxious Fumes+1","PiercingWail","Terror+1","Catalyst+1","PiercingWail","Malaise","Deadly Poison+1"],"relics":["Ring of the Snake","WarpedTongs","Blue Candle","Ice Cream","Omamori","Empty Cage","ClockworkSouvenir","Happy Flower","Orrery","Incense Burner","Juzu Bracelet","Kunai","Chemical X","Toxic Egg 2"],"potions_floor_usage":[8,8,16,16,23,28,31,33,46,48,50],"damage_taken":[{"damage":0,"enemies":"2 Louse","floor":1,"turns":3},{"damage":0,"enemies":"Cultist","floor":5,"turns":4},{"damage":9,"enemies":"3 Sentries","floor":8,"turns":7},{"damage":11,"enemies":"Jaw Worm","floor":11,"turns":2},{"damage":7,"enemies":"Large Slime","floor":13,"turns":5},{"damage":11,"enemies":"The Guardian","floor":16,"turns":12},{"damage":14,"enemies":"Spheric Guardian","floor":18,"turns":6},{"damage":3,"enemies":"Shell Parasite","floor":20,"turns":6},{"damage":1,"enemies":"Snecko","floor":21,"turns":6},{"damage":4,"enemies":"Book of Stabbing","floor":23,"turns":8},{"damage":4,"enemies":"Snake Plant","floor":28,"turns":5},{"damage":0,"enemies":"Centurion and Healer","floor":29,"turns":7},{"damage":0,"enemies":"Chosen and Byrds","floor":31,"turns":5},{"damage":1,"enemies":"Champ","floor":33,"turns":15},{"damage":5,"enemies":"3 Shapes","floor":35,"turns":7},{"damage":16,"enemies":"Mind Bloom Boss Battle","floor":37,"turns":8},{"damage":5,"enemies":"3 Darklings","floor":39,"turns":5},{"damage":9,"enemies":"Nemesis","floor":46,"turns":9},{"damage":27,"enemies":"4 Shapes","floor":48,"turns":7},{"damage":23,"enemies":"Awakened One","floor":50,"turns":2}],"seed_played":"8280512412968967285","potions_obtained":[{"floor":1,"key":"Strength Potion"},{"floor":5,"key":"PowerPotion"},{"floor":8,"key":"AttackPotion"},{"floor":13,"key":"Poison Potion"},{"floor":21,"key":"SkillPotion"},{"floor":25,"key":"LiquidBronze"},{"floor":25,"key":"Explosive Potion"},{"floor":25,"key":"FairyPotion"},{"floor":28,"key":"Explosive Potion"},{"floor":31,"key":"Swift Potion"},{"floor":37,"key":"LiquidBronze"},{"floor":39,"key":"AttackPotion"},{"floor":46,"key":"Strength Potion"}],"is_trial":false,"path_per_floor":["M","$","?","$","M","R","?","E","T","R","M","R","M","?","R","B",null,"M","?","M","M","$","E","R","?","T","$","M","M","?","M","R","B",null,"M","$","?","?","M","R","?","T","T","?","$","E","R","M","R","B"],"character_chosen":"THE_SILENT","items_purchased":["ClockworkSouvenir","Noxious Fumes","Chemical X"],"campfire_rested":0,"item_purchase_floors":[22,27,45],"current_hp_per_floor":[70,70,70,70,70,70,70,61,61,61,50,50,43,36,36,25,70,56,56,53,52,52,48,48,48,48,48,44,44,31,31,31,30,75,70,70,54,54,49,49,49,49,49,49,49,40,40,13,13,0],"gold":227,"neow_bonus":"UPGRADE_CARD","is_prod":false,"is_daily":false,"chose_seed":false,"campfire_upgraded":8,"win_rate":0,"timestamp":1544424378,"path_taken":["M","$","?","$","?","R","?","E","T","R","M","R","M","?","R","BOSS","M","?","M","M","$","E","R","?","T","$","?","M","?","M","R","BOSS","M","$","?","?","M","R","?","?","T","?","$","E","R","M","R","BOSS"],"build_version":"2018-12-06","purchased_purges":3,"victory":false,"max_hp_per_floor":[70,70,70,70,70,70,70,70,70,70,70,70,70,70,70,70,70,70,70,70,70,70,70,70,70,70,70,70,70,75,75,75,75,75,75,75,75,75,75,75,75,75,75,75,75,75,75,75,75,75],"card_choices":[{"not_picked":["Backflip","Deadly Poison"],"picked":"Well Laid Plans","floor":1},{"not_picked":["Infinite Blades","Deflect"],"picked":"All Out Attack","floor":5},{"not_picked":["Masterful Stab","Deflect"],"picked":"Flying Knee","floor":8},{"not_picked":["Deflect","Dagger Spray","Quick Slash"],"picked":"SKIP","floor":11},{"not_picked":["Outmaneuver","Dagger Spray","Deflect"],"picked":"SKIP","floor":13},{"not_picked":["Tools of the Trade","Wraith Form v2"],"picked":"Burst","floor":16},{"not_picked":["Infinite Blades+1","Calculated Gamble","Choke"],"picked":"SKIP","floor":18},{"not_picked":["Bane","Skewer","Outmaneuver"],"picked":"SKIP","floor":20},{"not_picked":["Cloak And Dagger+1","Distraction"],"picked":"Flying Knee+1","floor":21},{"not_picked":["Quick Slash","Underhanded Strike","Endless Agony"],"picked":"SKIP","floor":23},{"not_picked":["Eviscerate","Underhanded Strike"],"picked":"PiercingWail","floor":28},{"not_picked":["Calculated Gamble","Dagger Spray","Accuracy"],"picked":"SKIP","floor":29},{"not_picked":["Calculated Gamble","Prepared"],"picked":"Terror","floor":31},{"not_picked":["Eviscerate","Backflip+1"],"picked":"Catalyst","floor":34},{"not_picked":["Bane","Noxious Fumes"],"picked":"PiercingWail","floor":34},{"not_picked":["Masterful Stab+1","Finisher+1"],"picked":"Malaise","floor":35},{"not_picked":["Outmaneuver","PiercingWail","Bane+1"],"picked":"SKIP","floor":39},{"not_picked":["Night Terror","PiercingWail+1"],"picked":"Deadly Poison+1","floor":46},{"not_picked":["Deflect+1","Noxious Fumes","Slice"],"picked":"SKIP","floor":48}],"player_experience":128638,"relics_obtained":[{"floor":8,"key":"Ice Cream"},{"floor":9,"key":"Omamori"},{"floor":23,"key":"Happy Flower"},{"floor":37,"key":"Incense Burner"},{"floor":42,"key":"Juzu Bracelet"},{"floor":43,"key":"Kunai"},{"floor":46,"key":"Toxic Egg 2"}],"event_choices":[{"damage_healed":0,"gold_gain":0,"player_choice":"Rummage","damage_taken":0,"relics_obtained":["WarpedTongs"],"max_hp_gain":0,"max_hp_loss":0,"event_name":"Accursed Blacksmith","floor":3,"gold_loss":0,"cards_obtained":["Pain"]},{"damage_healed":0,"gold_gain":30,"player_choice":"Searched \u00272\u0027 times","damage_taken":0,"relics_obtained":["Blue Candle"],"max_hp_gain":0,"max_hp_loss":0,"event_name":"Dead Adventurer","floor":7,"gold_loss":0},{"cards_removed":["Strike_G"],"damage_healed":0,"gold_gain":0,"player_choice":"Card Removal","damage_taken":7,"max_hp_gain":0,"max_hp_loss":0,"event_name":"Golden Wing","floor":14,"gold_loss":0},{"damage_healed":0,"gold_gain":99,"player_choice":"Stole From Cult","damage_taken":0,"max_hp_gain":0,"max_hp_loss":0,"event_name":"Nest","floor":19,"gold_loss":0},{"damage_healed":0,"gold_gain":0,"player_choice":"Got Potions","damage_taken":0,"max_hp_gain":0,"max_hp_loss":0,"event_name":"Lab","floor":25,"gold_loss":0},{"damage_healed":0,"gold_gain":0,"player_choice":"Shed Blood","damage_taken":18,"max_hp_gain":5,"max_hp_loss":0,"event_name":"Forgotten Altar","floor":30,"gold_loss":0},{"damage_healed":0,"gold_gain":0,"player_choice":"Fight","damage_taken":0,"max_hp_gain":0,"max_hp_loss":0,"event_name":"MindBloom","floor":37,"gold_loss":0},{"damage_healed":0,"gold_gain":0,"player_choice":"Memory 1","damage_taken":0,"max_hp_gain":0,"max_hp_loss":0,"event_name":"SensoryStone","floor":38,"gold_loss":0},{"cards_removed":["Flying Knee"],"damage_healed":0,"gold_gain":0,"player_choice":"Removed Attack","damage_taken":0,"max_hp_gain":0,"max_hp_loss":0,"event_name":"Falling","floor":41,"gold_loss":0},{"damage_healed":0,"gold_gain":0,"player_choice":"Ignored","damage_taken":0,"max_hp_gain":0,"max_hp_loss":0,"event_name":"NoteForYourself","floor":44,"gold_loss":0}],"is_beta":false,"boss_relics":[{"not_picked":["WristBlade","Fusion Hammer"],"picked":"Empty Cage"},{"not_picked":["Cursed Key","Runic Pyramid"],"picked":"Orrery"}],"items_purged_floors":[4,22,36],"is_endless":false,"potions_floor_spawned":[1,5,8,13,21,28,31,37,39,46],"killed_by":"Awakened One","ascension_level":0}