{"gold_per_floor":[115,265,275,12,12,12,44,44,120,120],"floor_reached":10,"playtime":170,"items_purged":[],"score":178,"play_id":"65dd7203-3959-45fa-b274-05efcd13386a","local_time":"20190416173750","is_ascension_mode":true,"campfire_choices":[{"data":"Neutralize","floor":6,"key":"SMITH"},{"data":"Caltrops","floor":8,"key":"SMITH"}],"neow_cost":"NONE","seed_source_timestamp":1588323701484553,"circlet_count":0,"master_deck":["AscendersBane","Defend_G","Defend_G","Defend_G","Defend_G","Defend_G","Strike_G","Strike_G","Strike_G","Strike_G","Strike_G","Survivor","Neutralize+1","Backflip","Doubt","Footwork","Dodge and Roll+1","Caltrops+1"],"relics":["Ring of the Snake","NeowsBlessing","Toxic Egg 2","Oddly Smooth Stone","Molten Egg 2"],"potions_floor_usage":[],"damage_taken":[{"damage":0,"enemies":"Jaw Worm","floor":1,"turns":1},{"damage":0,"enemies":"Small Slimes","floor":3,"turns":1},{"damage":0,"enemies":"3 Sentries","floor":7,"turns":1},{"damage":67,"enemies":"Gremlin Nob","floor":10,"turns":6}],"seed_played":"2877534156188938003","potions_obtained":[],"is_trial":false,"path_per_floor":["M","?","M","$","?","R","E","R","T","E"],"character_chosen":"THE_SILENT","items_purchased":["Toxic Egg 2"],"campfire_rested":0,"item_purchase_floors":[4],"current_hp_per_floor":[59,59,59,59,59,59,59,59,59,0],"gold":120,"neow_bonus":"THREE_ENEMY_KILL","is_prod":false,"is_daily":false,"chose_seed":false,"campfire_upgraded":2,"win_rate":0,"timestamp":1555403870,"path_taken":["M","?","M","$","?","R","E","R","T","E"],"build_version":"2019-01-23","purchased_purges":0,"victory":false,"max_hp_per_floor":[66,66,66,66,66,66,66,66,66,66],"card_choices":[{"not_picked":["Deflect","Distraction"],"picked":"Backflip","floor":1},{"not_picked":["Bane","Dagger Spray"],"picked":"Footwork","floor":3},{"not_picked":["Reflex+1","Bane"],"picked":"Caltrops","floor":7}],"player_experience":948709,"relics_obtained":[{"floor":7,"key":"Oddly Smooth Stone"},{"floor":9,"key":"Molten Egg 2"}],"event_choices":[{"damage_healed":0,"gold_gain":150,"player_choice":"AGREE","damage_taken":0,"max_hp_gain":0,"max_hp_loss":0,"event_name":"Liars Game","floor":2,"gold_loss":0,"cards_obtained":["Doubt"]},{"damage_healed":0,"gold_gain":0,"player_choice":"1 cards matched","damage_taken":0,"max_hp_gain":0,"max_hp_loss":0,"event_name":"Match and Keep!","floor":5,"gold_loss":0,"cards_obtained":["Dodge and Roll"]}],"is_beta":false,"boss_relics":[],"items_purged_floors":[],"is_endless":false,"potions_floor_spawned":[],"killed_by":"Gremlin Nob","ascension_level":20}