{"path_per_floor":["M","M","M","M","?","E","M","M","T","M","E","R","M","?","R","B",null,"M","M","M","?","$","R","$","R","T","?","E","M","M","M","R"],"character_chosen":"IRONCLAD","items_purchased":["Question Card","Whetstone"],"gold_per_floor":[18,29,49,68,68,106,125,144,189,214,247,247,263,263,263,384,384,399,424,444,444,40,40,40,40,93,16,49,68,93,113,113,113],"floor_reached":33,"campfire_rested":1,"playtime":2004,"item_purchase_floors":[22,22],"current_hp_per_floor":[80,80,80,76,56,54,48,54,61,67,39,39,57,63,63,58,96,90,68,61,61,61,69,69,77,77,77,64,44,28,45,81,0],"items_purged":[],"gold":113,"score":308,"play_id":"cb2cb3ab-7449-4174-8f94-65ab709bf014","local_time":"20180527211828","is_prod":false,"is_daily":false,"chose_seed":false,"is_ascension_mode":false,"campfire_upgraded":4,"win_rate":0.0,"timestamp":1527473908,"campfire_choices":[{"data":"Immolate","floor":12,"key":"SMITH"},{"data":"Shockwave","floor":15,"key":"SMITH"},{"data":"Infernal Blade","floor":23,"key":"SMITH"},{"data":"Limit Break","floor":25,"key":"SMITH"},{"floor":32,"key":"REST"}],"path_taken":["M","M","M","M","?","E","M","M","T","M","E","R","M","?","R","BOSS","M","M","M","?","$","R","$","R","T","?","E","M","M","M","R","BOSS"],"build_version":"2018-05-24","seed_source_timestamp":422355934617179,"purchased_purges":0,"victory":false,"master_deck":["Strike_R","Strike_R","Strike_R","Strike_R","Strike_R","Defend_R","Defend_R","Defend_R","Defend_R","Bash","Immolate+1","Thunderclap","Shockwave+1","Fiend Fire+1","Perfected Strike+1","Flex","Infernal Blade+1","Regret","Limit Break+1","Perfected Strike","Flex","J.A.X.","Offering","Inflame+1"],"max_hp_per_floor":[80,80,80,80,80,83,83,83,90,90,90,90,90,96,96,96,96,96,96,96,96,96,96,96,96,96,96,96,96,96,96,96,96],"relics":["Burning Blood","Golden Idol","Darkstone Periapt","Strawberry","Ancient Tea Set","Dodecahedron","Eternal Feather","Blood Vial","Question Card","Whetstone","Happy Flower","Frozen Egg 2"],"card_choices":[{"not_picked":["Bludgeon","Fiend Fire"],"picked":"Immolate","floor":0},{"not_picked":["Iron Wave","Body Slam"],"picked":"Thunderclap","floor":1},{"not_picked":["Headbutt","Shrug It Off","Clash"],"picked":"SKIP","floor":2},{"not_picked":["Power Through","Entrench"],"picked":"Shockwave","floor":3},{"not_picked":["Clothesline","Flame Barrier","Warcry"],"picked":"SKIP","floor":4},{"not_picked":["Carnage","Armaments"],"picked":"Fiend Fire","floor":6},{"not_picked":["Iron Wave","Pommel Strike","Uppercut"],"picked":"SKIP","floor":7},{"not_picked":["Body Slam","Rage","Armaments"],"picked":"SKIP","floor":8},{"not_picked":["Intimidate","Rampage"],"picked":"Perfected Strike","floor":10},{"not_picked":["Pommel Strike","Wild Strike"],"picked":"Flex","floor":11},{"not_picked":["Sword Boomerang","Cleave"],"picked":"Infernal Blade","floor":13},{"not_picked":["Berserk","Juggernaut"],"picked":"Limit Break","floor":16},{"not_picked":["Armaments","Combust"],"picked":"Perfected Strike","floor":18},{"not_picked":["Armaments+1","Clothesline"],"picked":"Flex","floor":19},{"not_picked":["Pummel+1","Uppercut+1","Reckless Charge+1"],"picked":"SKIP","floor":20},{"not_picked":["Thunderclap","Perfected Strike","Iron Wave+1","Hemokinesis"],"picked":"SKIP","floor":28},{"not_picked":["Twin Strike","Warcry","Clothesline"],"picked":"Offering","floor":29},{"not_picked":["Dropkick","Wild Strike","Ghostly Armor+1"],"picked":"Inflame+1","floor":30},{"not_picked":["Sever Soul","Iron Wave+1","Fire Breathing+1","Clash"],"picked":"SKIP","floor":31}],"player_experience":27502,"potions_floor_usage":[6,13,19,20,20,31,31,31],"damage_taken":[{"damage":6,"enemies":"2 Louse","floor":1,"turns":2},{"damage":2,"enemies":"Small Slimes","floor":2,"turns":2},{"damage":0,"enemies":"Cultist","floor":3,"turns":2},{"damage":10,"enemies":"Exordium Thugs","floor":4,"turns":2},{"damage":11,"enemies":"3 Sentries","floor":6,"turns":4},{"damage":12,"enemies":"2 Fungi Beasts","floor":7,"turns":2},{"damage":0,"enemies":"3 Louse","floor":8,"turns":1},{"damage":0,"enemies":"Gremlin Gang","floor":10,"turns":1},{"damage":34,"enemies":"Lagavulin","floor":11,"turns":6},{"damage":0,"enemies":"Large Slime","floor":13,"turns":4},{"damage":11,"enemies":"Slime Boss","floor":16,"turns":6},{"damage":12,"enemies":"3 Byrds","floor":18,"turns":4},{"damage":28,"enemies":"Spheric Guardian","floor":19,"turns":4},{"damage":13,"enemies":"Cultist and Chosen","floor":20,"turns":3},{"damage":21,"enemies":"Slavers","floor":28,"turns":2},{"damage":28,"enemies":"Slaver and Parasite","floor":29,"turns":3},{"damage":24,"enemies":"3 Cultists","floor":30,"turns":4},{"damage":0,"enemies":"Cultist and Chosen","floor":31,"turns":3},{"damage":90,"enemies":"Champ","floor":33,"turns":6}],"relics_obtained":[{"floor":6,"key":"Darkstone Periapt"},{"floor":9,"key":"Strawberry"},{"floor":11,"key":"Ancient Tea Set"},{"floor":26,"key":"Happy Flower"},{"floor":28,"key":"Frozen Egg 2"}],"event_choices":[{"event_name":"Golden Idol","player_choice":"Take Damage","floor":5,"damage_taken":0},{"event_name":"Big Fish","player_choice":"Box","floor":14,"damage_taken":0},{"event_name":"The Mausoleum","player_choice":"Yes","floor":21,"damage_taken":0},{"event_name":"Drug Dealer","player_choice":"Got JAXXED","floor":27,"damage_taken":0}],"boss_relics":[{"not_picked":["Ectoplasm","Snecko Eye"],"picked":"Eternal Feather"}],"items_purged_floors":[],"potions_floor_spawned":[4,7,8,11,16,18,19,20,30],"seed_played":"5816386472800157064","killed_by":"Champ","ascension_level":0,"potions_obtained":[{"floor":4,"key":"AttackPotion"},{"floor":7,"key":"Regen Potion"},{"floor":8,"key":"Explosive Potion"},{"floor":11,"key":"GamblersBrew"},{"floor":16,"key":"Ancient Potion"},{"floor":19,"key":"FearPotion"},{"floor":20,"key":"Ancient Potion"},{"floor":30,"key":"Regen Potion"}],"is_trial":false}