{"gold_per_floor":[109,184,195,124,124,124,25,53,53,72,92,92,92,127,127,222,222,242,252,252,252],"floor_reached":21,"playtime":1026,"items_purged":["Strike_B"],"score":189,"play_id":"865ed0c5-d0b7-43a9-bc95-18d86c4dd25e","local_time":"20190405222013","is_ascension_mode":false,"campfire_choices":[{"data":"Defragment","floor":6.0,"key":"SMITH"},{"data":"Chaos","floor":13.0,"key":"SMITH"},{"data":"Barrage","floor":15.0,"key":"SMITH"}],"neow_cost":"NONE","seed_source_timestamp":0,"circlet_count":0,"master_deck":["Strike_B","Strike_B","Strike_B","Defend_B","Defend_B","Defend_B+1","Defend_B","Zap","Dualcast+1","Hologram+1","Ball Lightning","FTL","Defragment+1","Cold Snap","Chaos+1","Barrage+1","Cold Snap","Echo Form","Hologram+1"],"special_seed":0,"relics":["Cracked Core","War Paint","Ginger","Oddly Smooth Stone","Black Star"],"potions_floor_usage":[],"damage_taken":[{"damage":1.0,"enemies":"2 Louse","floor":1.0,"turns":4.0},{"damage":0.0,"enemies":"Small Slimes","floor":3.0,"turns":3.0},{"damage":6.0,"enemies":"3 Sentries","floor":8.0,"turns":7.0},{"damage":2.0,"enemies":"Jaw Worm","floor":10.0,"turns":2.0},{"damage":1.0,"enemies":"2 Fungi Beasts","floor":11.0,"turns":3.0},{"damage":1.0,"enemies":"Lagavulin","floor":14.0,"turns":7.0},{"damage":5.0,"enemies":"Hexaghost","floor":16.0,"turns":9.0},{"damage":4.0,"enemies":"Chosen","floor":18.0,"turns":4.0},{"damage":9.0,"enemies":"Spheric Guardian","floor":19.0,"turns":4.0},{"damage":8.0,"enemies":"Shelled Parasite and Fungi","floor":21.0,"turns":5.0}],"seed_played":"-7671142200899777440","potions_obtained":[{"floor":1.0,"key":"Weak Potion"},{"floor":10.0,"key":"FairyPotion"},{"floor":11.0,"key":"Energy Potion"},{"floor":14.0,"key":"Block Potion"},{"floor":19.0,"key":"FocusPotion"}],"is_trial":false,"path_per_floor":["M","?","M","$","?","R","$","E","T","M","M","$","R","E","R","B",null,"M","M","?","M"],"character_chosen":"DEFECT","items_purchased":["Defragment","Cold Snap"],"campfire_rested":0,"item_purchase_floors":[4,7],"current_hp_per_floor":[74,63,63,63,63,63,63,57,57,55,54,54,54,53,53,48,75,71,62,62,54],"gold":252,"neow_bonus":"THREE_CARDS","is_prod":false,"is_daily":false,"chose_seed":false,"campfire_upgraded":3,"win_rate":0,"timestamp":1554495613,"path_taken":["M","?","M","$","?","R","$","E","T","M","M","?","R","E","R","BOSS","M","M","?","M"],"build_version":"2019-01-23","purchased_purges":1,"victory":false,"max_hp_per_floor":[75,75,75,75,75,75,75,75,75,75,75,75,75,75,75,75,75,75,75,75,75],"card_choices":[{"not_picked":["Force Field","Redo"],"picked":"Hologram","floor":0.0},{"not_picked":["Melter","Sweeping Beam"],"picked":"Ball Lightning","floor":1.0},{"not_picked":["Hello World","Recycle"],"picked":"FTL","floor":3.0},{"not_picked":["Hyperbeam","Compile Driver"],"picked":"Chaos","floor":8.0},{"not_picked":["Leap","Undo"],"picked":"Barrage","floor":10.0},{"not_picked":["Force Field","Doom and Gloom"],"picked":"Cold Snap","floor":11.0},{"not_picked":["Barrage","Doom and Gloom","Steam"],"picked":"SKIP","floor":14.0},{"not_picked":["Core Surge","Thunder Strike"],"picked":"Echo Form","floor":16.0},{"not_picked":["Redo","Sunder","Rebound"],"picked":"SKIP","floor":18.0},{"not_picked":["Coolheaded","Seek"],"picked":"Hologram+1","floor":19.0},{"not_picked":["Rebound","Go for the Eyes","Sunder"],"picked":"SKIP","floor":21}],"player_experience":424388,"relics_obtained":[{"floor":8.0,"key":"War Paint"},{"floor":9.0,"key":"Ginger"},{"floor":14.0,"key":"Oddly Smooth Stone"}],"event_choices":[{"damage_healed":0.0,"max_hp_gain":0.0,"max_hp_loss":0.0,"gold_gain":75.0,"event_name":"World of Goop","player_choice":"Gather Gold","floor":2.0,"gold_loss":0.0,"damage_taken":11.0},{"damage_healed":0.0,"max_hp_gain":0.0,"max_hp_loss":0.0,"gold_gain":0.0,"event_name":"Living Wall","player_choice":"Grow","floor":5.0,"gold_loss":0.0,"damage_taken":0.0,"cards_upgraded":["Hologram"]},{"damage_healed":0.0,"max_hp_gain":0.0,"max_hp_loss":0.0,"gold_gain":0.0,"event_name":"Vampires","player_choice":"Ignored","floor":20.0,"gold_loss":0.0,"damage_taken":0.0}],"is_beta":false,"boss_relics":[{"not_picked":["Eternal Feather","Calling Bell"],"picked":"Black Star"}],"items_purged_floors":[7],"is_endless":false,"potions_floor_spawned":[1,10,11,14,18,19],"killed_by":"Shelled Parasite and Fungi","ascension_level":0}