{"gold_per_floor":[118,118,118,138,60,94,94,110,160,178,178,253,253,58,58,131,131,150,168,168,168,168,199,199,114,163,88,88],"floor_reached":28,"playtime":872,"items_purged":["Strike_R"],"score":488,"play_id":"5c889cfa-c26b-4491-8cf2-7ea48426d5d6","local_time":"20190312181431","is_ascension_mode":true,"campfire_choices":[{"data":"Juggernaut","floor":7.0,"key":"SMITH"},{"data":"Metallicize","floor":11.0,"key":"SMITH"},{"data":"Warcry","floor":13.0,"key":"SMITH"},{"data":"Apotheosis","floor":15.0,"key":"SMITH"},{"data":"Battle Trance","floor":24.0,"key":"SMITH"}],"neow_cost":"NONE","seed_source_timestamp":83697964789600,"circlet_count":0,"master_deck":["AscendersBane","Strike_R","Strike_R","Strike_R","Defend_R","Defend_R","Defend_R","Defend_R","Bash","Anger+1","Bash","Pummel","Shrug It Off","Metallicize+1","Juggernaut+1","Dual Wield","Warcry+1","Apotheosis+1","Berserk","Seeing Red","Battle Trance+1","Burning Pact"],"special_seed":0,"relics":["Burning Blood","NeowsBlessing","Anchor","Oddly Smooth Stone","Philosopher\u0027s Stone","Centennial Puzzle","Sundial","Juzu Bracelet"],"potions_floor_usage":[],"damage_taken":[{"damage":0.0,"enemies":"Small Slimes","floor":1.0,"turns":1.0},{"damage":0.0,"enemies":"2 Louse","floor":4.0,"turns":1.0},{"damage":0.0,"enemies":"Gremlin Nob","floor":6.0,"turns":1.0},{"damage":8.0,"enemies":"Cultist","floor":8.0,"turns":4.0},{"damage":35.0,"enemies":"Exordium Wildlife","floor":10.0,"turns":6.0},{"damage":33.0,"enemies":"Slime Boss","floor":16.0,"turns":9.0},{"damage":34.0,"enemies":"2 Thieves","floor":18.0,"turns":4.0},{"damage":0.0,"enemies":"Shell Parasite","floor":19.0,"turns":6.0},{"damage":33.0,"enemies":"Slavers","floor":23.0,"turns":8.0},{"damage":20,"enemies":"Book of Stabbing","floor":28,"turns":4}],"seed_played":"-7355323916579420818","potions_obtained":[{"floor":4.0,"key":"Poison Potion"},{"floor":8.0,"key":"Regen Potion"},{"floor":16.0,"key":"SteroidPotion"}],"is_trial":false,"path_per_floor":["M","?","?","M","$","E","R","M","T","M","R","?","R","$","R","B",null,"M","M","?","?","?","E","R","?","T","$","E"],"character_chosen":"IRONCLAD","items_purchased":["Metallicize","Apotheosis"],"campfire_rested":0,"item_purchase_floors":[5,14],"current_hp_per_floor":[74,74,74,75,75,75,75,73,73,44,44,33,33,33,33,21,62,34,40,40,40,40,13,13,13,13,13,0],"gold":88,"neow_bonus":"THREE_ENEMY_KILL","is_prod":false,"is_daily":false,"chose_seed":false,"campfire_upgraded":5,"win_rate":0,"timestamp":1552410871,"path_taken":["M","?","?","M","$","E","R","?","T","M","R","?","R","?","R","BOSS","M","M","?","?","?","E","R","?","T","?","E"],"build_version":"2019-01-23","purchased_purges":1,"victory":false,"max_hp_per_floor":[75,75,75,75,75,75,75,75,75,75,75,75,75,75,75,75,75,75,75,75,75,75,75,75,75,75,75,75],"card_choices":[{"not_picked":["Warcry","Body Slam"],"picked":"Anger","floor":1.0},{"not_picked":["Clothesline","Seeing Red"],"picked":"Shrug It Off","floor":4.0},{"not_picked":["Shrug It Off","Disarm"],"picked":"Juggernaut","floor":6.0},{"not_picked":["Sword Boomerang","Clash"],"picked":"Dual Wield","floor":8.0},{"not_picked":["Combust","Clothesline"],"picked":"Warcry","floor":10.0},{"not_picked":["Impervious","Dark Embrace"],"picked":"Berserk","floor":16.0},{"not_picked":["Second Wind","Wild Strike","Feel No Pain"],"picked":"SKIP","floor":18.0},{"not_picked":["Iron Wave","Dropkick"],"picked":"Seeing Red","floor":19.0},{"not_picked":["Metallicize","Pommel Strike+1"],"picked":"Burning Pact","floor":23.0}],"player_experience":472247,"relics_obtained":[{"floor":6.0,"key":"Anchor"},{"floor":9.0,"key":"Oddly Smooth Stone"},{"floor":23.0,"key":"Centennial Puzzle"},{"floor":26.0,"key":"Juzu Bracelet"}],"event_choices":[{"damage_healed":0.0,"max_hp_gain":0.0,"max_hp_loss":0.0,"gold_gain":0.0,"event_name":"Living Wall","player_choice":"Grow","floor":2.0,"gold_loss":0.0,"damage_taken":0.0,"cards_upgraded":["Anger"]},{"damage_healed":0.0,"max_hp_gain":0.0,"max_hp_loss":0.0,"gold_gain":0.0,"event_name":"Match and Keep!","player_choice":"2 cards matched","floor":3.0,"gold_loss":0.0,"damage_taken":0.0,"cards_obtained":["Bash","Pummel"]},{"damage_healed":0.0,"max_hp_gain":0.0,"max_hp_loss":0.0,"gold_gain":75.0,"event_name":"World of Goop","player_choice":"Gather Gold","floor":12.0,"gold_loss":0.0,"damage_taken":11.0},{"cards_removed":["Strike_R"],"damage_healed":0.0,"max_hp_gain":0.0,"max_hp_loss":0.0,"gold_gain":0.0,"event_name":"Back to Basics","player_choice":"Elegance","floor":20.0,"gold_loss":0.0,"damage_taken":0.0},{"damage_healed":0.0,"max_hp_gain":0.0,"max_hp_loss":0.0,"gold_gain":0.0,"event_name":"Ghosts","player_choice":"Ignored","floor":21.0,"gold_loss":0.0,"damage_taken":0.0},{"damage_healed":0.0,"max_hp_gain":0.0,"max_hp_loss":0.0,"gold_gain":0.0,"event_name":"The Library","player_choice":"Read","floor":22.0,"gold_loss":0.0,"damage_taken":0.0,"cards_obtained":["Battle Trance"]},{"damage_healed":0.0,"max_hp_gain":0.0,"max_hp_loss":0.0,"gold_gain":0.0,"event_name":"Addict","player_choice":"Obtained Relic","floor":25.0,"gold_loss":85.0,"damage_taken":0.0,"relics_obtained":["Sundial"]}],"is_beta":false,"boss_relics":[{"not_picked":["Pandora\u0027s Box","Fusion Hammer"],"picked":"Philosopher\u0027s Stone"}],"items_purged_floors":[27],"is_endless":false,"potions_floor_spawned":[4,8,10,16],"killed_by":"Book of Stabbing","ascension_level":18}