{"gold_per_floor":[118,68,68,68,68,97,97,132,132,160,174,62,75,75,75,177,177,196,196,196,206,224,106,106,120,120,77,77,40,40,56,56,56],"floor_reached":33,"playtime":1670,"items_purged":["Defend_G","Setup"],"score":398,"play_id":"0523b667-4661-40e7-863e-e12599bb80e8","local_time":"20181020201402","is_ascension_mode":true,"campfire_choices":[{"data":"Deflect","floor":7,"key":"SMITH"},{"data":"Dodge and Roll","floor":15,"key":"SMITH"},{"data":"Envenom","floor":24,"key":"SMITH"},{"data":"Dodge and Roll","floor":28,"key":"SMITH"},{"data":"Dodge and Roll","floor":30,"key":"SMITH"},{"data":"Footwork","floor":32,"key":"SMITH"}],"neow_cost":"NONE","seed_source_timestamp":380112764940174,"circlet_count":0,"master_deck":["Survivor","Neutralize","Deflect+1","Deflect+1","Dagger Spray","Dodge and Roll+1","Outmaneuver","Caltrops","Envenom+1","Cloak And Dagger","Blade Dance","Bane","Finisher","Endless Agony","Poisoned Stab","Blade Dance","Cloak And Dagger+1","Poisoned Stab+1","Dagger Spray","Dagger Spray","Dodge and Roll+1","Dodge and Roll+1","Footwork+1"],"relics":["Ring of the Snake","NeowsBlessing","Paper Crane","Mango","Girya","Happy Flower","Torii","Snake Skull","The Courier","Pandora\u0027s Box","Question Card"],"potions_floor_usage":[16,16,31,33,33],"damage_taken":[{"damage":0,"enemies":"2 Louse","floor":1,"turns":1},{"damage":0,"enemies":"3 Sentries","floor":6,"turns":1},{"damage":0,"enemies":"Lagavulin","floor":8,"turns":1},{"damage":3,"enemies":"3 Sentries","floor":10,"turns":10},{"damage":0,"enemies":"Small Slimes","floor":11,"turns":3},{"damage":1,"enemies":"Jaw Worm","floor":13,"turns":5},{"damage":48,"enemies":"The Guardian","floor":16,"turns":15},{"damage":10,"enemies":"2 Thieves","floor":18,"turns":4},{"damage":0,"enemies":"Spheric Guardian","floor":21,"turns":1},{"damage":1,"enemies":"Centurion and Healer","floor":22,"turns":5},{"damage":0,"enemies":"Cultist and Chosen","floor":25,"turns":4},{"damage":1,"enemies":"Chosen and Byrds","floor":31,"turns":2},{"damage":65,"enemies":"Champ","floor":33,"turns":12}],"seed_played":"-1079909424359793749","potions_obtained":[{"floor":10,"key":"Poison Potion"},{"floor":11,"key":"Energy Potion"},{"floor":16,"key":"Energy Potion"},{"floor":22,"key":"PowerPotion"},{"floor":31,"key":"SkillPotion"}],"is_trial":false,"path_per_floor":["M","?","?","?","T","E","R","E","T","E","M","$","M","?","R","B",null,"M","?","?","M","M","$","R","M","T","$","R","$","R","M","R"],"character_chosen":"THE_SILENT","items_purchased":["Caltrops","Dagger Spray","Dodge and Roll","Dodge and Roll"],"campfire_rested":0,"item_purchase_floors":[12,23,27,29],"current_hp_per_floor":[70,70,63,63,77,77,77,77,77,74,74,74,73,73,73,25,84,74,58,58,58,57,57,57,57,57,57,57,57,57,56,56,0],"gold":56,"neow_bonus":"THREE_ENEMY_KILL","is_prod":false,"is_daily":false,"chose_seed":false,"campfire_upgraded":6,"win_rate":0,"timestamp":1540059242,"path_taken":["M","?","?","?","?","E","R","E","T","E","M","$","M","?","R","BOSS","M","?","?","M","M","$","R","M","T","$","R","?","R","M","R","BOSS"],"build_version":"2018-10-18","purchased_purges":2,"victory":false,"max_hp_per_floor":[70,70,70,70,84,84,84,84,84,84,84,84,84,84,84,84,84,84,89,89,89,89,89,89,89,89,89,89,89,89,89,89,89],"card_choices":[{"not_picked":["Flying Knee","Sucker Punch"],"picked":"Deflect","floor":1},{"not_picked":["Flying Knee","Bane"],"picked":"Deflect","floor":6},{"not_picked":["Underhanded Strike","Tools of the Trade"],"picked":"Dagger Spray","floor":8},{"not_picked":["Deflect","Blade Dance"],"picked":"Dodge and Roll","floor":10},{"not_picked":["Endless Agony","Flechettes"],"picked":"Outmaneuver","floor":11},{"not_picked":["Riddle With Holes","Heel Hook","Underhanded Strike"],"picked":"SKIP","floor":13},{"not_picked":["Burst","Wraith Form v2"],"picked":"Envenom","floor":16},{"not_picked":["Slice+1","Outmaneuver"],"picked":"Cloak And Dagger+1","floor":18},{"not_picked":["PiercingWail","Flying Knee"],"picked":"Poisoned Stab+1","floor":21},{"not_picked":["Deadly Poison+1","Eviscerate"],"picked":"Dagger Spray","floor":22},{"not_picked":["Blade Dance","Underhanded Strike+1","Reflex"],"picked":"SKIP","floor":25},{"not_picked":["Blade Dance","PiercingWail+1","Bouncing Flask"],"picked":"Footwork","floor":31}],"player_experience":218568,"relics_obtained":[{"floor":5,"key":"Mango"},{"floor":6,"key":"Girya"},{"floor":8,"key":"Happy Flower"},{"floor":9,"key":"Torii"},{"floor":10,"key":"Snake Skull"},{"floor":26,"key":"Question Card"}],"event_choices":[{"cards_removed":["Strike_G"],"damage_healed":0,"gold_gain":0,"player_choice":"Card Removal","damage_taken":0,"max_hp_gain":0,"max_hp_loss":0,"event_name":"The Cleric","floor":2,"gold_loss":50},{"damage_healed":0,"gold_gain":0,"player_choice":"Success","damage_taken":7,"relics_obtained":["Paper Crane"],"max_hp_gain":0,"max_hp_loss":0,"event_name":"Scrap Ooze","floor":3,"gold_loss":0},{"damage_healed":0,"gold_gain":0,"player_choice":"Forge","damage_taken":0,"max_hp_gain":0,"max_hp_loss":0,"event_name":"Accursed Blacksmith","floor":4,"gold_loss":0,"cards_upgraded":["Deflect"]},{"damage_healed":0,"gold_gain":0,"player_choice":"Searched \u00272\u0027 times","damage_taken":0,"relics_obtained":["The Courier"],"max_hp_gain":0,"max_hp_loss":0,"event_name":"Dead Adventurer","floor":14,"gold_loss":0},{"damage_healed":0,"gold_gain":0,"player_choice":"Shed Blood","damage_taken":21,"max_hp_gain":5,"max_hp_loss":0,"event_name":"Forgotten Altar","floor":19,"gold_loss":0},{"damage_healed":0,"gold_gain":0,"player_choice":"Ignored","damage_taken":0,"max_hp_gain":0,"max_hp_loss":0,"event_name":"Vampires","floor":20,"gold_loss":0}],"is_beta":false,"boss_relics":[{"not_picked":["Runic Pyramid","Ectoplasm"],"picked":"Pandora\u0027s Box"}],"items_purged_floors":[12,23],"is_endless":false,"potions_floor_spawned":[10,11,16,22,31],"killed_by":"Champ","ascension_level":4}