{"gold_per_floor":[114,126,146,146,156,183,183,203,203,229,247,247,257,227,227,332,332,344,284,284],"floor_reached":20,"playtime":1657,"items_purged":[],"score":276,"play_id":"617fbade-10e1-4002-98dd-0554b0553a73","local_time":"20190317211815","is_ascension_mode":true,"campfire_choices":[{"floor":7,"key":"REST"},{"floor":15,"key":"REST"}],"neow_cost":"NONE","seed_source_timestamp":350247931809093,"circlet_count":0,"master_deck":["Strike_B","Strike_B","Strike_B","Defend_B","Defend_B","Defend_B","Defend_B","Zap+1","Dualcast","Defragment","Beam Cell","Defragment","Defragment","Genetic Algorithm","Leap","Defragment","Go for the Eyes","Lockon","Streamline","Amplify","Hologram+1","Turbo+1"],"relics":["Cracked Core","Regal Pillow","Thread and Needle","Darkstone Periapt","Inserter"],"potions_floor_usage":[5,10,13,18,18,20],"damage_taken":[{"damage":6,"enemies":"2 Louse","floor":1,"turns":3},{"damage":1,"enemies":"Cultist","floor":2,"turns":4},{"damage":0,"enemies":"Small Slimes","floor":3,"turns":3},{"damage":0,"enemies":"Gremlin Gang","floor":5,"turns":2},{"damage":20,"enemies":"Lagavulin","floor":6,"turns":7},{"damage":11,"enemies":"Looter","floor":8,"turns":4},{"damage":26,"enemies":"3 Sentries","floor":10,"turns":6},{"damage":4,"enemies":"Blue Slaver","floor":11,"turns":4},{"damage":12,"enemies":"Lots of Slimes","floor":13,"turns":2},{"damage":44,"enemies":"Hexaghost","floor":16,"turns":9},{"damage":2,"enemies":"3 Byrds","floor":18,"turns":5},{"damage":13,"enemies":"2 Thieves","floor":19,"turns":4},{"damage":67,"enemies":"Shelled Parasite and Fungi","floor":20,"turns":6}],"seed_played":"8943355037724647479","potions_obtained":[{"floor":2,"key":"AttackPotion"},{"floor":3,"key":"Explosive Potion"},{"floor":6,"key":"Poison Potion"},{"floor":10,"key":"Dexterity Potion"},{"floor":14,"key":"Dexterity Potion"},{"floor":14,"key":"Explosive Potion"},{"floor":16,"key":"SkillPotion"}],"is_trial":false,"path_per_floor":["M","M","M","?","M","E","R","M","T","E","M","?","M","?","R","B",null,"M","M","M"],"character_chosen":"DEFECT","items_purchased":[],"campfire_rested":2,"item_purchase_floors":[],"current_hp_per_floor":[69,68,68,68,68,48,82,71,71,45,41,41,29,29,68,24,68,66,53,0],"gold":284,"neow_bonus":"TEN_PERCENT_HP_BONUS","is_prod":false,"is_daily":false,"chose_seed":false,"campfire_upgraded":0,"win_rate":0,"timestamp":1552871895,"path_taken":["M","M","M","?","M","E","R","M","T","E","M","?","?","?","R","BOSS","M","M","M"],"build_version":"2019-01-23","purchased_purges":0,"victory":false,"max_hp_per_floor":[82,82,82,82,82,82,82,82,82,82,82,82,82,82,82,82,82,82,82,82],"card_choices":[{"not_picked":["Barrage","Gash"],"picked":"Defragment","floor":1},{"not_picked":["Stack","Conserve Battery"],"picked":"Beam Cell","floor":2},{"not_picked":["Conserve Battery","Compile Driver"],"picked":"Defragment","floor":3},{"not_picked":["Auto Shields","Steam"],"picked":"Defragment","floor":5},{"not_picked":["Stack","Beam Cell"],"picked":"Genetic Algorithm","floor":6},{"not_picked":["Chaos","Self Repair"],"picked":"Leap","floor":8},{"not_picked":["Force Field","Turbo"],"picked":"Defragment","floor":10},{"not_picked":["Leap","Thunder Strike"],"picked":"Go for the Eyes","floor":11},{"not_picked":["White Noise","Consume"],"picked":"Streamline","floor":13},{"not_picked":["Echo Form","Seek"],"picked":"Amplify","floor":16},{"not_picked":["Tempest+1","Recycle"],"picked":"Hologram+1","floor":18},{"not_picked":["Streamline","Gash"],"picked":"Turbo+1","floor":19}],"player_experience":173962,"relics_obtained":[{"floor":6,"key":"Regal Pillow"},{"floor":9,"key":"Thread and Needle"},{"floor":10,"key":"Darkstone Periapt"}],"event_choices":[{"damage_healed":0,"gold_gain":0,"player_choice":"Grow","damage_taken":0,"max_hp_gain":0,"max_hp_loss":0,"event_name":"Living Wall","floor":4,"gold_loss":0,"cards_upgraded":["Zap"]},{"damage_healed":0,"gold_gain":0,"cards_transformed":["Strike_B"],"player_choice":"Transformed","damage_taken":0,"max_hp_gain":0,"max_hp_loss":0,"event_name":"Transmorgrifier","floor":12,"gold_loss":0,"cards_obtained":["Lockon"]},{"damage_healed":0,"gold_gain":0,"player_choice":"Bought 2 Potions","damage_taken":0,"max_hp_gain":0,"max_hp_loss":0,"event_name":"The Woman in Blue","floor":14,"gold_loss":0}],"is_beta":false,"boss_relics":[{"not_picked":["Runic Dome","Orrery"],"picked":"Inserter"}],"items_purged_floors":[],"is_endless":false,"potions_floor_spawned":[2,3,6,10,16],"killed_by":"Shelled Parasite and Fungi","ascension_level":7}