{"gold_per_floor":[112,122,1,1,1,36,36,56,82,98,114,114,133,133],"floor_reached":14,"playtime":701,"items_purged":[],"score":147,"play_id":"8c420c54-8ea0-4c72-bb19-626d932e3996","local_time":"20190504151624","is_ascension_mode":true,"campfire_choices":[{"data":"Noxious Fumes","floor":7,"key":"SMITH"},{"data":"Neutralize","floor":12,"key":"SMITH"}],"neow_cost":"NONE","seed_source_timestamp":674722777111477,"circlet_count":0,"master_deck":["AscendersBane","Defend_G","Defend_G","Defend_G","Defend_G","Defend_G","Strike_G","Strike_G","Strike_G","Strike_G","Strike_G","Survivor","Neutralize+1","Dodge and Roll","Well Laid Plans","Noxious Fumes+1","Deflect","Calculated Gamble","Footwork","Dodge and Roll"],"relics":["Ring of the Snake","Pen Nib","Anchor","Centennial Puzzle"],"potions_floor_usage":[14],"damage_taken":[{"damage":3,"enemies":"Cultist","floor":1,"turns":5},{"damage":0,"enemies":"Small Slimes","floor":2,"turns":5},{"damage":27,"enemies":"3 Sentries","floor":6,"turns":9},{"damage":0,"enemies":"2 Louse","floor":8,"turns":4},{"damage":12,"enemies":"Lots of Slimes","floor":10,"turns":5},{"damage":0,"enemies":"Blue Slaver","floor":11,"turns":6},{"damage":1,"enemies":"Large Slime","floor":13,"turns":8},{"damage":22,"enemies":"Gremlin Nob","floor":14,"turns":5}],"seed_played":"-2686761609579260325","potions_obtained":[{"floor":8,"key":"EssenceOfSteel"},{"floor":11,"key":"LiquidBronze"}],"is_trial":false,"path_per_floor":["M","M","$","?","$","E","R","M","T","M","M","R","M","E"],"character_chosen":"THE_SILENT","items_purchased":["Noxious Fumes","Deflect"],"campfire_rested":0,"item_purchase_floors":[3,3],"current_hp_per_floor":[60,60,60,60,60,33,33,33,33,21,21,21,20,0],"gold":133,"neow_bonus":"RANDOM_COMMON_RELIC","is_prod":false,"is_daily":false,"chose_seed":false,"campfire_upgraded":2,"win_rate":0,"timestamp":1556975784,"path_taken":["M","M","?","?","$","E","R","M","T","M","M","R","?","E"],"build_version":"2019-01-23","purchased_purges":0,"victory":false,"max_hp_per_floor":[70,70,70,70,70,70,70,70,70,70,70,70,70,70],"card_choices":[{"not_picked":["Bane","Acrobatics"],"picked":"Dodge and Roll","floor":1},{"not_picked":["Prepared","Catalyst"],"picked":"Well Laid Plans","floor":2},{"not_picked":["Heel Hook","Bane"],"picked":"Calculated Gamble","floor":6},{"not_picked":["Heel Hook","Finisher"],"picked":"Footwork","floor":8},{"not_picked":["Grand Finale","Slice","Deflect"],"picked":"SKIP","floor":10},{"not_picked":["Infinite Blades","Bane"],"picked":"Dodge and Roll","floor":11},{"not_picked":["Blade Dance","Leg Sweep","Deflect"],"picked":"SKIP","floor":13}],"player_experience":538852,"relics_obtained":[{"floor":6,"key":"Anchor"},{"floor":9,"key":"Centennial Puzzle"}],"event_choices":[{"damage_healed":0,"gold_gain":0,"player_choice":"Ignored","damage_taken":0,"max_hp_gain":0,"max_hp_loss":0,"event_name":"WeMeetAgain","floor":4,"gold_loss":0}],"is_beta":false,"boss_relics":[],"items_purged_floors":[],"is_endless":false,"potions_floor_spawned":[8,11,13],"killed_by":"Gremlin Nob","ascension_level":12}