{"gold_per_floor":[110,110,122,122,122,122,134,162,162,162,173,24,24],"floor_reached":13,"playtime":394,"items_purged":["Strike_G"],"score":166,"play_id":"d56ad784-8f1e-4dc4-98fa-01f39e7169d7","local_time":"20190511174439","is_ascension_mode":true,"campfire_choices":[{"data":"Neutralize","floor":6,"key":"SMITH"},{"floor":10,"key":"REST"}],"neow_cost":"NONE","seed_source_timestamp":459929260090500,"circlet_count":0,"master_deck":["AscendersBane","Defend_G","Defend_G","Defend_G","Defend_G","Defend_G","Strike_G","Strike_G+1","Strike_G","Survivor","Neutralize+1","Bouncing Flask+1","Deadly Poison","PiercingWail","All Out Attack","Cloak And Dagger","Noxious Fumes"],"relics":["Ring of the Snake","NeowsBlessing","Torii","The Specimen"],"potions_floor_usage":[8,13],"damage_taken":[{"damage":0,"enemies":"Small Slimes","floor":1,"turns":1},{"damage":0,"enemies":"2 Louse","floor":3,"turns":1},{"damage":0,"enemies":"Jaw Worm","floor":7,"turns":1},{"damage":27,"enemies":"3 Sentries","floor":8,"turns":11},{"damage":0,"enemies":"2 Fungi Beasts","floor":11,"turns":3},{"damage":35,"enemies":"Gremlin Nob","floor":13,"turns":4}],"seed_played":"-9221325553218303352","potions_obtained":[{"floor":1,"key":"EssenceOfSteel"},{"floor":8,"key":"Dexterity Potion"}],"is_trial":false,"path_per_floor":["M","?","M","?","?","R","M","E","T","R","M","$","E"],"character_chosen":"THE_SILENT","items_purchased":["Noxious Fumes"],"campfire_rested":1,"item_purchase_floors":[12],"current_hp_per_floor":[59,39,39,39,32,32,32,5,5,24,24,24,0],"gold":24,"neow_bonus":"THREE_ENEMY_KILL","is_prod":false,"is_daily":false,"chose_seed":false,"campfire_upgraded":1,"win_rate":0,"timestamp":1557564279,"path_taken":["M","?","M","?","?","R","M","E","T","R","M","$","E"],"build_version":"2019-01-23","purchased_purges":1,"victory":false,"max_hp_per_floor":[66,66,66,66,66,66,66,66,66,66,66,66,66],"card_choices":[{"not_picked":["Outmaneuver","Deadly Poison"],"picked":"Bouncing Flask","floor":1},{"not_picked":["Accuracy","Deflect"],"picked":"Deadly Poison","floor":3},{"not_picked":["Crippling Poison","Cloak And Dagger"],"picked":"PiercingWail","floor":7},{"not_picked":["Flying Knee","Glass Knife"],"picked":"All Out Attack","floor":8},{"not_picked":["Acrobatics","Terror"],"picked":"Cloak And Dagger","floor":11}],"player_experience":1338345,"relics_obtained":[{"floor":8,"key":"Torii"},{"floor":9,"key":"The Specimen"}],"event_choices":[{"damage_healed":0,"gold_gain":0,"player_choice":"Entered Light","damage_taken":20,"max_hp_gain":0,"max_hp_loss":0,"event_name":"Shining Light","floor":2,"gold_loss":0,"cards_upgraded":["Bouncing Flask","Strike_G"]},{"damage_healed":0,"gold_gain":0,"player_choice":"Ignored","damage_taken":0,"max_hp_gain":0,"max_hp_loss":0,"event_name":"Liars Game","floor":4,"gold_loss":0},{"cards_removed":["Strike_G"],"damage_healed":0,"gold_gain":0,"player_choice":"Card Removal","damage_taken":7,"max_hp_gain":0,"max_hp_loss":0,"event_name":"Golden Wing","floor":5,"gold_loss":0}],"is_beta":false,"boss_relics":[],"items_purged_floors":[12],"is_endless":false,"potions_floor_spawned":[1,8],"killed_by":"Gremlin Nob","ascension_level":20}