{"gold_per_floor":[111,186,5,5,17,44,44,55,55,69,69,126,142,142,142,214,214,234,244,4,22,40,40,64,64,87,87,112,212,212,212,212,212],"floor_reached":33,"playtime":1339,"items_purged":["Strike_R"],"score":526,"play_id":"7e990fd9-8d14-4281-b72b-ac433e6204f5","local_time":"20190323173523","is_ascension_mode":true,"campfire_choices":[{"data":"Carnage","floor":7,"key":"SMITH"},{"data":"Bash","floor":11,"key":"SMITH"},{"data":"Headbutt","floor":15,"key":"SMITH"},{"data":"Metallicize","floor":23,"key":"SMITH"},{"data":"Feed","floor":25,"key":"SMITH"},{"data":"Pommel Strike","floor":27,"key":"SMITH"},{"floor":32,"key":"REST"}],"neow_cost":"NONE","seed_source_timestamp":398396967084483,"circlet_count":0,"master_deck":["AscendersBane","Strike_R","Strike_R","Defend_R","Defend_R","Defend_R","Defend_R","Bash+1","Carnage+1","Shrug It Off","Pommel Strike+1","Infernal Blade+1","Shrug It Off+1","Headbutt+1","Double Tap+1","Feed+1","Armaments+1","Shrug It Off+1","Metallicize+1"],"relics":["Burning Blood","Regal Pillow","Toxic Egg 2","Omamori","Anchor","Busted Crown","Vajra","Happy Flower","Meat on the Bone","Girya","Mummified Hand","Blue Candle","WarpedTongs"],"potions_floor_usage":[6,6,12,22,29,29],"damage_taken":[{"damage":0,"enemies":"Small Slimes","floor":1,"turns":5},{"damage":0,"enemies":"2 Louse","floor":5,"turns":2},{"damage":24,"enemies":"Lagavulin","floor":6,"turns":4},{"damage":2,"enemies":"Jaw Worm","floor":8,"turns":3},{"damage":6,"enemies":"Looter","floor":10,"turns":2},{"damage":11,"enemies":"Gremlin Nob","floor":12,"turns":3},{"damage":0,"enemies":"Lots of Slimes","floor":13,"turns":2},{"damage":46,"enemies":"Slime Boss","floor":16,"turns":13},{"damage":0,"enemies":"Spheric Guardian","floor":18,"turns":1},{"damage":1,"enemies":"2 Thieves","floor":19,"turns":3},{"damage":14,"enemies":"Snake Plant","floor":21,"turns":4},{"damage":1,"enemies":"Chosen and Byrds","floor":22,"turns":5},{"damage":36,"enemies":"Gremlin Leader","floor":28,"turns":7},{"damage":2,"enemies":"Colosseum Slavers","floor":29,"turns":4},{"damage":15,"enemies":"Colosseum Nobs","floor":29,"turns":4},{"damage":99,"enemies":"Collector","floor":33,"turns":8}],"seed_played":"-1163648290129772636","potions_obtained":[{"floor":1,"key":"GamblersBrew"},{"floor":5,"key":"FearPotion"},{"floor":6,"key":"Swift Potion"},{"floor":13,"key":"Ancient Potion"},{"floor":22,"key":"GamblersBrew"}],"is_trial":false,"path_per_floor":["M","?","$","?","M","E","R","M","T","M","R","?","M","?","R","B",null,"M","M","$","M","M","R","T","R","T","R","E","?","?","?","R","B"],"character_chosen":"IRONCLAD","items_purchased":["Shrug It Off","Poison Potion","Feed","Armaments+1","SteroidPotion"],"campfire_rested":1,"item_purchase_floors":[3,3,20,20,20],"current_hp_per_floor":[74,63,63,56,62,44,44,48,48,48,48,43,49,49,49,9,59,65,70,70,66,74,74,74,74,74,74,44,55,55,55,86,0],"gold":212,"neow_bonus":"RANDOM_COMMON_RELIC","is_prod":false,"is_daily":false,"chose_seed":false,"campfire_upgraded":6,"win_rate":0,"timestamp":1553330123,"path_taken":["M","?","$","?","M","E","R","M","T","M","R","?","?","?","R","BOSS","M","M","$","M","?","R","?","R","T","R","E","?","?","?","R","BOSS"],"build_version":"2019-01-23","purchased_purges":1,"victory":false,"max_hp_per_floor":[75,75,75,75,75,75,75,75,75,75,75,75,75,75,75,75,75,75,75,75,79,82,82,82,82,82,82,82,86,86,86,86,86],"card_choices":[{"not_picked":["Disarm","Twin Strike"],"picked":"Carnage","floor":1},{"not_picked":["Twin Strike","Heavy Blade"],"picked":"Pommel Strike","floor":5},{"not_picked":["Heavy Blade","Fiend Fire","Cleave"],"picked":"SKIP","floor":6},{"not_picked":["Corruption","Heavy Blade"],"picked":"Infernal Blade+1","floor":8},{"not_picked":["Havoc+1","Wild Strike"],"picked":"Shrug It Off+1","floor":10},{"not_picked":["Twin Strike","Clash"],"picked":"Headbutt","floor":12},{"not_picked":["Havoc+1","Pommel Strike","Twin Strike"],"picked":"SKIP","floor":13},{"not_picked":["Juggernaut","Limit Break+1"],"picked":"Double Tap+1","floor":16},{"not_picked":["Power Through+1"],"picked":"SKIP","floor":18},{"not_picked":["Anger+1"],"picked":"SKIP","floor":19},{"not_picked":[],"picked":"Shrug It Off+1","floor":21},{"not_picked":[],"picked":"Metallicize","floor":22},{"not_picked":["Evolve"],"picked":"SKIP","floor":28}],"player_experience":779042,"relics_obtained":[{"floor":6,"key":"Toxic Egg 2"},{"floor":9,"key":"Omamori"},{"floor":12,"key":"Anchor"},{"floor":24,"key":"Vajra"},{"floor":26,"key":"Happy Flower"},{"floor":28,"key":"Meat on the Bone"},{"floor":29,"key":"Girya"},{"floor":29,"key":"Mummified Hand"}],"event_choices":[{"damage_healed":0,"gold_gain":75,"player_choice":"Gather Gold","damage_taken":11,"max_hp_gain":0,"max_hp_loss":0,"event_name":"World of Goop","floor":2,"gold_loss":0},{"cards_removed":["Strike_R"],"damage_healed":0,"gold_gain":0,"player_choice":"Card Removal","damage_taken":7,"max_hp_gain":0,"max_hp_loss":0,"event_name":"Golden Wing","floor":4,"gold_loss":0},{"damage_healed":0,"gold_gain":30,"player_choice":"Searched \u00272\u0027 times","damage_taken":0,"max_hp_gain":0,"max_hp_loss":0,"event_name":"Dead Adventurer","floor":12,"gold_loss":0},{"cards_removed":["Strike_R"],"damage_healed":0,"gold_gain":0,"player_choice":"Offered Basic","damage_taken":0,"max_hp_gain":0,"max_hp_loss":0,"event_name":"Bonfire Elementals","floor":14,"gold_loss":0},{"damage_healed":0,"gold_gain":0,"player_choice":"Fight","damage_taken":0,"max_hp_gain":0,"max_hp_loss":0,"event_name":"Colosseum","floor":29,"gold_loss":0},{"damage_healed":0,"gold_gain":0,"player_choice":"Fought Nobs","damage_taken":0,"max_hp_gain":0,"max_hp_loss":0,"event_name":"Colosseum","floor":29,"gold_loss":0},{"damage_healed":0,"gold_gain":0,"player_choice":"Stole Relic","damage_taken":0,"relics_obtained":["Blue Candle"],"max_hp_gain":0,"max_hp_loss":0,"event_name":"Addict","floor":30,"gold_loss":0,"cards_obtained":["Shame"]},{"damage_healed":0,"gold_gain":0,"player_choice":"Rummage","damage_taken":0,"relics_obtained":["WarpedTongs"],"max_hp_gain":0,"max_hp_loss":0,"event_name":"Accursed Blacksmith","floor":31,"gold_loss":0,"cards_obtained":["Pain"]}],"is_beta":false,"boss_relics":[{"not_picked":["Mark of Pain","Runic Dome"],"picked":"Busted Crown"}],"items_purged_floors":[3],"is_endless":false,"potions_floor_spawned":[1,5,6,13,21,22],"killed_by":"Collector","ascension_level":20}