{"gold_per_floor":[115,115,127,127,68,101,101,142,142,142,142,158,29,29,29,119,119,119,119,119,12,12,12,12,12,12,12,12,12,12,12,12,12,12,12,12,12,12,12,12,12],"floor_reached":41,"playtime":2043,"items_purged":[],"score":928,"play_id":"b0932ee3-a417-47ba-bf18-46df1eb8f256","local_time":"20190416135400","is_ascension_mode":true,"campfire_choices":[{"floor":7,"key":"REST"},{"data":"Go for the Eyes","floor":10,"key":"SMITH"},{"floor":15,"key":"REST"},{"data":"Loop","floor":24,"key":"SMITH"},{"floor":27,"key":"REST"},{"floor":29,"key":"REST"},{"data":"Leap","floor":32,"key":"SMITH"},{"floor":40,"key":"REST"}],"neow_cost":"NONE","seed_source_timestamp":1573018924934110,"circlet_count":0,"master_deck":["AscendersBane","Strike_B","Strike_B","Defend_B+1","Defend_B","Defend_B","Defend_B","Zap+1","Dualcast+1","Cold Snap","Leap+1","Sweeping Beam","Go for the Eyes+1","Seek+1","Cold Snap","Consume+1","Loop+1","Electrodynamics","Ball Lightning","Ball Lightning","Panacea+1","White Noise+1","Steam+1","Hologram+1","Echo Form","Amplify+1","Steam Power+1"],"relics":["Cracked Core","NeowsBlessing","Golden Idol","Sundial","Toxic Egg 2","Nunchaku","Thread and Needle","Ectoplasm","Old Coin","War Paint","Anchor"],"potions_floor_usage":[8,16,20,33,38,39],"damage_taken":[{"damage":0,"enemies":"Small Slimes","floor":1,"turns":1},{"damage":0,"enemies":"2 Louse","floor":3,"turns":1},{"damage":0,"enemies":"3 Sentries","floor":6,"turns":1},{"damage":21,"enemies":"Lagavulin","floor":8,"turns":7},{"damage":0,"enemies":"Jaw Worm","floor":12,"turns":2},{"damage":34,"enemies":"Slime Boss","floor":16,"turns":16},{"damage":0,"enemies":"Spheric Guardian","floor":18,"turns":4},{"damage":3,"enemies":"3 Byrds","floor":20,"turns":3},{"damage":18,"enemies":"Colosseum Slavers","floor":22,"turns":3},{"damage":6,"enemies":"Gremlin Leader","floor":23,"turns":5},{"damage":8,"enemies":"3 Cultists","floor":25,"turns":3},{"damage":0,"enemies":"Chosen and Byrds","floor":28,"turns":8},{"damage":6,"enemies":"Book of Stabbing","floor":30,"turns":5},{"damage":0,"enemies":"Snake Plant","floor":31,"turns":5},{"damage":44,"enemies":"Automaton","floor":33,"turns":10},{"damage":27,"enemies":"3 Shapes","floor":35,"turns":6},{"damage":18,"enemies":"3 Darklings","floor":37,"turns":4},{"damage":3,"enemies":"Spire Growth","floor":38,"turns":6},{"damage":0,"enemies":"Jaw Worm Horde","floor":39,"turns":2},{"damage":31,"enemies":"Reptomancer","floor":41,"turns":4}],"seed_played":"-2133504044147262970","potions_obtained":[{"floor":6,"key":"FocusPotion"},{"floor":8,"key":"Explosive Potion"},{"floor":16,"key":"Ancient Potion"},{"floor":18,"key":"SkillPotion"},{"floor":30,"key":"Explosive Potion"},{"floor":31,"key":"FearPotion"},{"floor":33,"key":"SpeedPotion"},{"floor":37,"key":"AttackPotion"}],"is_trial":false,"path_per_floor":["M","?","M","?","$","E","R","E","T","R","T","M","$","?","R","B",null,"M","?","M","$","?","E","R","M","T","R","M","R","E","M","R","B",null,"M","?","M","M","M","R","E"],"character_chosen":"DEFECT","items_purchased":["Sweeping Beam","Consume+1","Loop","Panacea+1"],"campfire_rested":5,"item_purchase_floors":[5,13,13,21],"current_hp_per_floor":[64,64,64,40,40,40,61,40,40,40,40,40,40,33,54,20,58,58,58,55,55,37,31,31,23,23,44,44,65,59,59,59,15,57,30,30,12,9,9,30,0],"gold":12,"neow_bonus":"THREE_ENEMY_KILL","is_prod":false,"is_daily":false,"chose_seed":false,"campfire_upgraded":3,"win_rate":0,"timestamp":1555390440,"path_taken":["M","?","M","?","$","E","R","E","T","R","?","M","$","?","R","BOSS","M","?","?","$","?","E","R","M","T","R","M","R","E","M","R","BOSS","M","?","M","M","M","R","E"],"build_version":"2019-01-23","purchased_purges":0,"victory":false,"max_hp_per_floor":[71,71,71,71,71,71,71,71,71,71,71,71,71,71,71,71,71,71,71,71,71,71,71,71,71,71,71,71,71,71,71,71,71,71,71,71,71,71,71,71,71],"card_choices":[{"not_picked":["Leap","Redo"],"picked":"Cold Snap","floor":1},{"not_picked":["Darkness","Redo"],"picked":"Leap","floor":3},{"not_picked":["Tempest","Multi-Cast"],"picked":"Go for the Eyes","floor":6},{"not_picked":["BootSequence","Recycle"],"picked":"Seek","floor":8},{"not_picked":["Leap+1","Compile Driver"],"picked":"Cold Snap","floor":12},{"not_picked":["All For One","Hyperbeam"],"picked":"Electrodynamics","floor":16},{"not_picked":["Recycle+1","Skim+1"],"picked":"Ball Lightning","floor":18},{"not_picked":["Go for the Eyes","Rip and Tear"],"picked":"Ball Lightning","floor":20},{"not_picked":["Storm","Streamline"],"picked":"White Noise+1","floor":23},{"not_picked":["Stack+1","Aggregate+1"],"picked":"Steam+1","floor":25},{"not_picked":["Steam+1","Melter"],"picked":"Hologram+1","floor":28},{"not_picked":["Leap+1","Fission+1"],"picked":"Echo Form","floor":30},{"not_picked":["Aggregate+1","Rip and Tear","Sweeping Beam"],"picked":"SKIP","floor":31},{"not_picked":["Core Surge","Rainbow+1"],"picked":"Amplify+1","floor":33},{"not_picked":["Go for the Eyes","Force Field+1","Heatsinks"],"picked":"SKIP","floor":35},{"not_picked":["Hologram+1","Ball Lightning"],"picked":"Steam Power+1","floor":37},{"not_picked":["Redo+1","Fusion+1","Sweeping Beam+1"],"picked":"SKIP","floor":38},{"not_picked":["Rebound","Rip and Tear+1","Hologram+1"],"picked":"SKIP","floor":39}],"player_experience":942197,"relics_obtained":[{"floor":6,"key":"Sundial"},{"floor":8,"key":"Toxic Egg 2"},{"floor":9,"key":"Nunchaku"},{"floor":11,"key":"Thread and Needle"},{"floor":23,"key":"Old Coin"},{"floor":26,"key":"War Paint"},{"floor":30,"key":"Anchor"}],"event_choices":[{"damage_healed":0,"gold_gain":0,"player_choice":"Grow","damage_taken":0,"max_hp_gain":0,"max_hp_loss":0,"event_name":"Living Wall","floor":2,"gold_loss":0,"cards_upgraded":["Zap"]},{"damage_healed":0,"gold_gain":0,"player_choice":"Take Damage","damage_taken":24,"relics_obtained":["Golden Idol"],"max_hp_gain":0,"max_hp_loss":0,"event_name":"Golden Idol","floor":4,"gold_loss":0},{"cards_removed":["Strike_B"],"damage_healed":0,"gold_gain":0,"player_choice":"Card Removal","damage_taken":7,"max_hp_gain":0,"max_hp_loss":0,"event_name":"Golden Wing","floor":14,"gold_loss":0},{"damage_healed":0,"gold_gain":50,"player_choice":"Pray","damage_taken":0,"max_hp_gain":0,"max_hp_loss":0,"event_name":"Golden Shrine","floor":19,"gold_loss":0},{"damage_healed":0,"gold_gain":0,"player_choice":"Fight","damage_taken":0,"max_hp_gain":0,"max_hp_loss":0,"event_name":"Colosseum","floor":22,"gold_loss":0},{"damage_healed":0,"gold_gain":0,"player_choice":"Fled From Nobs","damage_taken":0,"max_hp_gain":0,"max_hp_loss":0,"event_name":"Colosseum","floor":22,"gold_loss":0},{"cards_removed":["Strike_B"],"damage_healed":0,"gold_gain":0,"player_choice":"Removed Attack","damage_taken":0,"max_hp_gain":0,"max_hp_loss":0,"event_name":"Falling","floor":36,"gold_loss":0}],"is_beta":false,"boss_relics":[{"not_picked":["Black Star","Pandora\u0027s Box"],"picked":"Ectoplasm"},{"not_picked":["Coffee Dripper","Runic Dome","Philosopher\u0027s Stone"]}],"items_purged_floors":[],"is_endless":false,"potions_floor_spawned":[6,8,16,18,30,31,33,37],"killed_by":"Reptomancer","ascension_level":20}