{"gold_per_floor":[119,119,69,86,157,157,191,207,207,207,207,237,249,269,269,364,364,349,449,466,483,398,398,418,418],"floor_reached":25,"playtime":788,"items_purged":[],"score":238,"play_id":"e74051bb-6072-4f17-88ca-d713e5634129","local_time":"20190504211633","is_ascension_mode":false,"campfire_choices":[{"data":"PiercingWail","floor":6,"key":"SMITH"},{"data":"Backstab","floor":11,"key":"SMITH"},{"data":"Crippling Poison","floor":15,"key":"SMITH"},{"data":"Malaise","floor":23,"key":"SMITH"}],"neow_cost":"NONE","seed_source_timestamp":98964323870700,"circlet_count":0,"master_deck":["Defend_G","Defend_G","Defend_G","Defend_G","Defend_G","Strike_G","Strike_G","Strike_G","Survivor","Neutralize+1","PiercingWail+1","Sucker Punch","Cloak And Dagger","Backstab+1","Cloak And Dagger","Leg Sweep","Crippling Poison+1","Malaise+1","Deadly Poison+1","Riddle With Holes+1","Deflect"],"relics":["Ring of the Snake","NeowsBlessing","Bottled Lightning","Blood Vial","Bag of Marbles","Shuriken","Black Star","Juzu Bracelet"],"potions_floor_usage":[16,16],"damage_taken":[{"damage":0,"enemies":"2 Louse","floor":1,"turns":1},{"damage":0,"enemies":"Jaw Worm","floor":4,"turns":1},{"damage":0,"enemies":"Lagavulin","floor":7,"turns":1},{"damage":2,"enemies":"Cultist","floor":8,"turns":4},{"damage":11,"enemies":"3 Sentries","floor":12,"turns":14},{"damage":0,"enemies":"Lots of Slimes","floor":13,"turns":4},{"damage":4,"enemies":"Large Slime","floor":14,"turns":7},{"damage":11,"enemies":"The Guardian","floor":16,"turns":14},{"damage":2,"enemies":"2 Thieves","floor":18,"turns":4},{"damage":14,"enemies":"Spheric Guardian","floor":20,"turns":4},{"damage":5,"enemies":"Centurion and Healer","floor":21,"turns":9},{"damage":14,"enemies":"3 Cultists","floor":24,"turns":6},{"damage":47,"enemies":"Gremlin Leader","floor":25,"turns":6}],"seed_played":"6621152849523268036","potions_obtained":[{"floor":4,"key":"Ancient Potion"},{"floor":7,"key":"Regen Potion"},{"floor":12,"key":"Poison Potion"},{"floor":16,"key":"SteroidPotion"},{"floor":20,"key":"GamblersBrew"},{"floor":24,"key":"GhostInAJar"}],"is_trial":false,"path_per_floor":["M","?","?","M","T","R","E","M","T","?","R","E","M","M","R","B",null,"M","?","M","M","?","R","M","E"],"character_chosen":"THE_SILENT","items_purchased":[],"campfire_rested":0,"item_purchase_floors":[],"current_hp_per_floor":[70,70,70,70,70,70,70,68,68,68,68,59,61,59,59,65,70,68,68,56,53,53,53,41,0],"gold":418,"neow_bonus":"THREE_ENEMY_KILL","is_prod":false,"is_daily":false,"chose_seed":false,"campfire_upgraded":4,"win_rate":0,"timestamp":1557018993,"path_taken":["M","?","?","M","?","R","E","M","T","?","R","E","M","M","R","BOSS","M","?","?","M","?","R","M","E"],"build_version":"2019-01-23","purchased_purges":0,"victory":false,"max_hp_per_floor":[70,70,70,70,70,70,70,70,70,70,70,70,70,70,70,70,70,70,70,70,70,70,70,70,70],"card_choices":[{"not_picked":["Dagger Spray","Underhanded Strike"],"picked":"PiercingWail","floor":1},{"not_picked":["Outmaneuver","Dodge and Roll"],"picked":"Sucker Punch","floor":4},{"not_picked":["Heel Hook","Accuracy"],"picked":"Cloak And Dagger","floor":7},{"not_picked":["Sucker Punch","Predator"],"picked":"Backstab","floor":8},{"not_picked":["Unload","Slice"],"picked":"Cloak And Dagger","floor":12},{"not_picked":["Bane","PiercingWail"],"picked":"Leg Sweep","floor":13},{"not_picked":["Infinite Blades","Deadly Poison"],"picked":"Crippling Poison","floor":14},{"not_picked":["Burst","After Image"],"picked":"Malaise","floor":16},{"not_picked":["Infinite Blades","Outmaneuver"],"picked":"Deadly Poison+1","floor":18},{"not_picked":["Accuracy","Cloak And Dagger+1"],"picked":"Riddle With Holes+1","floor":20},{"not_picked":["Underhanded Strike","Reflex"],"picked":"Deflect","floor":21},{"not_picked":["Flying Knee+1","Blur+1","Unload"],"picked":"SKIP","floor":24}],"player_experience":93791,"relics_obtained":[{"floor":5,"key":"Bottled Lightning"},{"floor":7,"key":"Blood Vial"},{"floor":9,"key":"Bag of Marbles"},{"floor":12,"key":"Shuriken"}],"event_choices":[{"damage_healed":0,"gold_gain":0,"player_choice":"Grow","damage_taken":0,"max_hp_gain":0,"max_hp_loss":0,"event_name":"Living Wall","floor":2,"gold_loss":0,"cards_upgraded":["Neutralize"]},{"cards_removed":["Strike_G"],"damage_healed":0,"gold_gain":0,"player_choice":"Card Removal","damage_taken":0,"max_hp_gain":0,"max_hp_loss":0,"event_name":"The Cleric","floor":3,"gold_loss":50},{"cards_removed":["Strike_G"],"damage_healed":0,"gold_gain":0,"player_choice":"Purged","damage_taken":0,"max_hp_gain":0,"max_hp_loss":0,"event_name":"Purifier","floor":10,"gold_loss":0},{"damage_healed":0,"gold_gain":100,"player_choice":"Pray","damage_taken":0,"max_hp_gain":0,"max_hp_loss":0,"event_name":"Golden Shrine","floor":19,"gold_loss":0},{"damage_healed":0,"gold_gain":0,"player_choice":"Obtained Relic","damage_taken":0,"relics_obtained":["Juzu Bracelet"],"max_hp_gain":0,"max_hp_loss":0,"event_name":"Addict","floor":22,"gold_loss":85}],"is_beta":false,"boss_relics":[{"not_picked":["Coffee Dripper","Velvet Choker"],"picked":"Black Star"}],"items_purged_floors":[],"is_endless":false,"potions_floor_spawned":[4,7,12,13,16,20,21,24],"killed_by":"Gremlin Leader","ascension_level":0}