{"path_per_floor":["M","?","M","M","M","R","E","$","T","M","M","R","$","M","R","B",null,"M","M","M"],"character_chosen":"THE_SILENT","items_purchased":["Backstab","Dodge and Roll"],"gold_per_floor":[115,115,134,159,178,178,211,36,36,49,62,62,62,76,76,207,207,225,249,270,270],"floor_reached":21,"campfire_rested":0,"playtime":1908,"item_purchase_floors":[8,8],"current_hp_per_floor":[70,70,70,70,70,70,44,44,44,43,43,43,43,43,43,31,77,51,56,8,0],"items_purged":["Injury"],"gold":270,"score":185,"play_id":"79c3d3d5-3bc2-4f5e-b2ba-a13bd617e967","local_time":"20180531103815","is_prod":false,"is_daily":false,"chose_seed":false,"is_ascension_mode":false,"campfire_upgraded":3,"win_rate":0.0,"timestamp":1527781095,"campfire_choices":[{"data":"Dagger Spray","floor":6,"key":"SMITH"},{"data":"Tactician","floor":12,"key":"SMITH"},{"data":"Terror","floor":15,"key":"SMITH"}],"path_taken":["M","?","M","M","M","R","E","?","T","M","M","R","$","M","R","BOSS","M","M","M","M"],"build_version":"2018-05-24","seed_source_timestamp":729650300653155,"purchased_purges":1,"victory":false,"master_deck":["Defend_G","Defend_G","Defend_G","Defend_G","Defend_G","Strike_G","Strike_G","Strike_G","Strike_G","Strike_G","Survivor","Neutralize","Flying Knee","Dagger Spray+1","Backstab","Dagger Throw","Tactician+1","Backstab","Dodge and Roll","Deflect","Deflect","Terror+1","Tools of the Trade","Backflip+1","Flying Knee+1"],"max_hp_per_floor":[70,70,70,70,70,70,77,77,77,77,77,77,77,77,77,77,77,77,77,77,77],"relics":["Ring of the Snake","NeowsBlessing","Golden Idol","Strawberry","Bottled Lightning","Black Star"],"card_choices":[{"not_picked":["Prepared","Dagger Throw"],"picked":"Flying Knee","floor":1},{"not_picked":["Predator","Well Laid Plans"],"picked":"Dagger Spray","floor":3},{"not_picked":["Eviscerate","Quick Slash"],"picked":"Backstab","floor":4},{"not_picked":["Prepared","Acrobatics"],"picked":"Dagger Throw","floor":5},{"not_picked":["Crippling Poison","Reflex"],"picked":"Tactician","floor":7},{"not_picked":["Backflip","Poisoned Stab"],"picked":"Deflect","floor":10},{"not_picked":["Noxious Fumes","Dash"],"picked":"Deflect","floor":11},{"not_picked":["Predator","Slice"],"picked":"Terror","floor":14},{"not_picked":["Night Terror","Adrenaline"],"picked":"Tools of the Trade","floor":16},{"not_picked":["Quick Slash","Prepared"],"picked":"Backflip+1","floor":18},{"not_picked":["PiercingWail","Quick Slash"],"picked":"Flying Knee+1","floor":19},{"not_picked":["Quick Slash","Sucker Punch","Riddle With Holes"],"picked":"SKIP","floor":20}],"player_experience":72736,"potions_floor_usage":[7,16,16,19,20],"damage_taken":[{"damage":0,"enemies":"Jaw Worm","floor":1,"turns":1},{"damage":0,"enemies":"2 Louse","floor":3,"turns":1},{"damage":0,"enemies":"Cultist","floor":4,"turns":1},{"damage":0,"enemies":"Large Slime","floor":5,"turns":6},{"damage":33,"enemies":"Lagavulin","floor":7,"turns":7},{"damage":1,"enemies":"Lots of Slimes","floor":10,"turns":3},{"damage":0,"enemies":"Looter","floor":11,"turns":1},{"damage":0,"enemies":"Blue Slaver","floor":14,"turns":1},{"damage":12,"enemies":"Slime Boss","floor":16,"turns":10},{"damage":26,"enemies":"Spheric Guardian","floor":18,"turns":6},{"damage":9,"enemies":"2 Thieves","floor":19,"turns":5},{"damage":48,"enemies":"Cultist and Chosen","floor":20,"turns":9},{"damage":14,"enemies":"Sentry and Sphere","floor":21,"turns":3}],"relics_obtained":[{"floor":7,"key":"Strawberry"},{"floor":9,"key":"Bottled Lightning"}],"event_choices":[{"event_name":"Golden Idol","player_choice":"Take Wound","floor":2,"damage_taken":0}],"boss_relics":[{"not_picked":["Velvet Choker","Calling Bell"],"picked":"Black Star"}],"items_purged_floors":[8],"potions_floor_spawned":[3,5,14,16,19],"seed_played":"1396487045855934028","killed_by":"Sentry and Sphere","ascension_level":0,"potions_obtained":[{"floor":3,"key":"FearPotion"},{"floor":5,"key":"Ancient Potion"},{"floor":14,"key":"Strength Potion"},{"floor":16,"key":"Regen Potion"},{"floor":19,"key":"Energy Potion"}],"is_trial":false}