{"gold_per_floor":[113,113,113,133,157,157,157,232,312,312,160,198,6,46,46,174,174,198,213,128,146,146,146,187,286,313,313,313,157,198,219,219,350,350,366,366,699,751,296,296,324,339,362,362,462,462,462,472,472,472],"floor_reached":51,"playtime":1758,"items_purged":["Strike_R","Strike_R"],"score":790,"play_id":"3710f125-0113-4b0e-b08a-a460b2ec425d","local_time":"20190208170334","is_ascension_mode":false,"campfire_choices":[{"data":"Whirlwind","floor":6.0,"key":"SMITH"},{"data":"Flex","floor":10.0,"key":"SMITH"},{"data":"Bash","floor":15.0,"key":"SMITH"},{"data":"Inflame","floor":23.0,"key":"SMITH"},{"floor":27.0,"key":"REST"},{"data":"Limit Break","floor":32.0,"key":"SMITH"},{"data":"Blind","floor":40.0,"key":"SMITH"},{"data":"Disarm","floor":47,"key":"SMITH"},{"data":"Offering","floor":49,"key":"SMITH"}],"neow_cost":"NONE","seed_source_timestamp":1407596203717700,"circlet_count":0,"master_deck":["Strike_R","Strike_R","Strike_R","Defend_R","Defend_R","Defend_R","Defend_R","Bash+1","Limit Break+1","Flex+1","Whirlwind+1","Pummel","Impervious","Inflame+1","Feed+1","Dual Wield+1","Iron Wave+1","Reaper+1","Blind+1","Battle Trance","Disarm+1","Offering+1","Disarm+1","Madness","Madness","Clothesline+1","Clumsy","Shrug It Off+1","Flex+1"],"special_seed":0,"relics":["Burning Blood","Mummified Hand","Anchor","Regal Pillow","Vajra","Molten Egg 2","Boot","Whetstone","Lantern","Cursed Key","Magic Flower","Pen Nib","Chemical X","Oddly Smooth Stone","Happy Flower","Bird Faced Urn"],"potions_floor_usage":[45,50],"damage_taken":[{"damage":1.0,"enemies":"Cultist","floor":1.0,"turns":3.0},{"damage":5.0,"enemies":"2 Louse","floor":4.0,"turns":4.0},{"damage":5.0,"enemies":"Small Slimes","floor":5.0,"turns":3.0},{"damage":14.0,"enemies":"Gremlin Nob","floor":12.0,"turns":3.0},{"damage":0.0,"enemies":"3 Sentries","floor":14.0,"turns":2.0},{"damage":44.0,"enemies":"Hexaghost","floor":16.0,"turns":5.0},{"damage":0.0,"enemies":"Spheric Guardian","floor":18.0,"turns":1.0},{"damage":0.0,"enemies":"Chosen","floor":19.0,"turns":3.0},{"damage":3.0,"enemies":"Snecko","floor":21.0,"turns":4.0},{"damage":60.0,"enemies":"Book of Stabbing","floor":24.0,"turns":6.0},{"damage":12.0,"enemies":"Colosseum Slavers","floor":28.0,"turns":4.0},{"damage":22.0,"enemies":"Slavers","floor":30.0,"turns":4.0},{"damage":15.0,"enemies":"Snake Plant","floor":31.0,"turns":3.0},{"damage":37.0,"enemies":"Champ","floor":33.0,"turns":7.0},{"damage":1.0,"enemies":"Orb Walker","floor":35.0,"turns":2.0},{"damage":14.0,"enemies":"2 Orb Walkers","floor":38.0,"turns":3.0},{"damage":82.0,"enemies":"Reptomancer","floor":41.0,"turns":6.0},{"damage":34.0,"enemies":"3 Darklings","floor":42.0,"turns":7.0},{"damage":0,"enemies":"Mind Bloom Boss Battle","floor":45,"turns":4},{"damage":9,"enemies":"4 Shapes","floor":48,"turns":7},{"damage":66,"enemies":"Awakened One","floor":50,"turns":9}],"seed_played":"-3992760192165215840","potions_obtained":[{"floor":4.0,"key":"SteroidPotion"},{"floor":5.0,"key":"Dexterity Potion"},{"floor":12.0,"key":"Regen Potion"},{"floor":21.0,"key":"SteroidPotion"},{"floor":24.0,"key":"Weak Potion"},{"floor":30.0,"key":"EntropicBrew"},{"floor":33.0,"key":"Swift Potion"},{"floor":42.0,"key":"AttackPotion"},{"floor":48,"key":"Block Potion"}],"is_trial":false,"path_per_floor":["M","?","?","M","M","R","?","?","T","R","$","E","$","E","R","B",null,"M","M","?","M","$","R","E","?","T","R","?","$","E","M","R","B",null,"M","?","?","?","$","R","E","M","T","$","?","?","R","M","R","B",null],"character_chosen":"IRONCLAD","items_purchased":["Anchor","SteroidPotion","Inflame","Blind","Battle Trance","Pen Nib","Chemical X"],"campfire_rested":1,"item_purchase_floors":[11,13,13,29,29,39,39],"current_hp_per_floor":[80,74,79,79,79,79,79,68,68,68,68,60,60,66,66,28,79,79,79,79,79,79,79,25,25,25,63,61,61,49,55,55,52,83,87,76,76,83,83,83,49,89,89,89,99,99,99,99,99,45],"gold":472,"neow_bonus":"ONE_RANDOM_RARE_CARD","is_prod":false,"is_daily":false,"chose_seed":false,"campfire_upgraded":8,"win_rate":0,"timestamp":1549613014,"path_taken":["M","?","?","M","M","R","?","?","T","R","?","E","$","E","R","BOSS","M","M","?","M","$","R","E","?","T","R","?","$","E","M","R","BOSS","M","?","?","?","$","R","E","M","T","$","?","?","R","M","R","BOSS"],"build_version":"2019-01-23","purchased_purges":2,"victory":true,"max_hp_per_floor":[80,74,79,79,79,79,79,79,79,79,79,79,79,79,79,79,79,79,79,79,79,79,79,79,79,79,79,79,79,83,83,83,83,83,87,87,87,91,91,91,91,91,91,91,99,99,99,99,99,99],"card_choices":[{"not_picked":["True Grit","Metallicize"],"picked":"Flex","floor":1.0},{"not_picked":["Pommel Strike","Shrug It Off"],"picked":"Whirlwind","floor":4.0},{"not_picked":["Barricade","Body Slam"],"picked":"Pummel","floor":5.0},{"not_picked":["Twin Strike","Iron Wave"],"picked":"Impervious","floor":12.0},{"not_picked":["Twin Strike","Havoc","True Grit"],"picked":"SKIP","floor":14.0},{"not_picked":["Juggernaut","Bludgeon"],"picked":"Feed","floor":16.0},{"not_picked":["Twin Strike","Perfected Strike"],"picked":"Dual Wield+1","floor":18.0},{"not_picked":["Burning Pact","Cleave"],"picked":"Iron Wave","floor":19.0},{"not_picked":["Rupture+1","Cleave+1","Anger+1"],"picked":"SKIP","floor":21.0},{"not_picked":["Rupture","Shockwave"],"picked":"Reaper+1","floor":24.0},{"not_picked":["Anger+1","Fire Breathing"],"picked":"Disarm","floor":30.0},{"not_picked":["Disarm","Twin Strike+1","Reckless Charge+1"],"picked":"SKIP","floor":31.0},{"not_picked":["Dark Embrace","Brutality"],"picked":"Offering","floor":33.0},{"not_picked":["Dual Wield","Anger+1"],"picked":"Disarm+1","floor":35.0},{"not_picked":["Pummel+1","Havoc+1"],"picked":"Clothesline+1","floor":38.0},{"not_picked":["Perfected Strike+1","Iron Wave+1","Dual Wield"],"picked":"SKIP","floor":41.0},{"not_picked":["Barricade","Perfected Strike+1","Headbutt+1"],"picked":"SKIP","floor":42.0},{"not_picked":["Anger+1","Body Slam+1"],"picked":"Shrug It Off+1","floor":45},{"not_picked":["Body Slam+1","Clash+1"],"picked":"Flex+1","floor":48}],"player_experience":495026,"relics_obtained":[{"floor":9.0,"key":"Mummified Hand"},{"floor":12.0,"key":"Regal Pillow"},{"floor":14.0,"key":"Vajra"},{"floor":24.0,"key":"Boot"},{"floor":26.0,"key":"Whetstone"},{"floor":30.0,"key":"Lantern"},{"floor":38.0,"key":"Magic Flower"},{"floor":41.0,"key":"Oddly Smooth Stone"},{"floor":43,"key":"Happy Flower"},{"floor":45,"key":"Bird Faced Urn"}],"event_choices":[{"damage_healed":0.0,"max_hp_gain":0.0,"max_hp_loss":6.0,"gold_gain":0.0,"event_name":"Golden Idol","player_choice":"Lose Max HP","floor":2.0,"gold_loss":0.0,"damage_taken":0.0,"relics_obtained":["Golden Idol"]},{"damage_healed":0.0,"max_hp_gain":5.0,"max_hp_loss":0.0,"gold_gain":0.0,"event_name":"Big Fish","player_choice":"Donut","floor":3.0,"gold_loss":0.0,"damage_taken":0.0},{"damage_healed":0.0,"max_hp_gain":0.0,"max_hp_loss":0.0,"gold_gain":0.0,"event_name":"Liars Game","player_choice":"Ignored","floor":7.0,"gold_loss":0.0,"damage_taken":0.0},{"damage_healed":0.0,"max_hp_gain":0.0,"max_hp_loss":0.0,"gold_gain":75.0,"event_name":"World of Goop","player_choice":"Gather Gold","floor":8.0,"gold_loss":0.0,"damage_taken":11.0},{"damage_healed":0.0,"max_hp_gain":0.0,"max_hp_loss":0.0,"gold_gain":0.0,"event_name":"Addict","player_choice":"Obtained Relic","floor":20.0,"gold_loss":85.0,"damage_taken":0.0,"relics_obtained":["Molten Egg 2"]},{"damage_healed":0.0,"max_hp_gain":0.0,"max_hp_loss":0.0,"gold_gain":99.0,"event_name":"Nest","player_choice":"Stole From Cult","floor":25.0,"gold_loss":0.0,"damage_taken":0.0},{"damage_healed":0.0,"max_hp_gain":0.0,"max_hp_loss":0.0,"gold_gain":0.0,"event_name":"Colosseum","player_choice":"Fight","floor":28.0,"gold_loss":0.0,"damage_taken":0.0},{"damage_healed":0.0,"max_hp_gain":0.0,"max_hp_loss":0.0,"gold_gain":0.0,"event_name":"Colosseum","player_choice":"Fled From Nobs","floor":28.0,"gold_loss":0.0,"damage_taken":0.0},{"damage_healed":0.0,"max_hp_gain":0.0,"max_hp_loss":0.0,"gold_gain":0.0,"event_name":"Winding Halls","player_choice":"Embrace Madness","floor":36.0,"gold_loss":0.0,"damage_taken":11.0,"cards_obtained":["Madness","Madness"]},{"damage_healed":0.0,"max_hp_gain":0.0,"max_hp_loss":0.0,"gold_gain":333.0,"event_name":"The Moai Head","player_choice":"Gave Idol","floor":37.0,"relics_lost":["Golden Idol"],"gold_loss":0.0,"damage_taken":0.0},{"damage_healed":0.0,"max_hp_gain":0.0,"max_hp_loss":0.0,"gold_gain":0.0,"event_name":"Mysterious Sphere","player_choice":"Fight","floor":38.0,"gold_loss":0.0,"damage_taken":0.0},{"damage_healed":0,"gold_gain":0,"player_choice":"Fight","damage_taken":0,"max_hp_gain":0,"max_hp_loss":0,"event_name":"MindBloom","floor":45,"gold_loss":0},{"damage_healed":0,"gold_gain":0,"player_choice":"Memory 1","damage_taken":0,"max_hp_gain":0,"max_hp_loss":0,"event_name":"SensoryStone","floor":46,"gold_loss":0}],"is_beta":false,"boss_relics":[{"not_picked":["Snecko Eye","Calling Bell","Pandora\u0027s Box"]},{"not_picked":["Runic Pyramid","Orrery"],"picked":"Cursed Key"}],"items_purged_floors":[13,39],"is_endless":false,"potions_floor_spawned":[4,5,12,21,24,30,33,42,45,48],"ascension_level":0}