{"gold_per_floor":[114,114,114,124,74,89,106,126,171,171,12,23,23,46,58,170,182,212,240,104,104,114,114,133,161,186,186,203,222,182,199,199,299,299,311,323,339,64,64,64,83,83,83,83,99,109,109,109,109,109],"floor_reached":51,"playtime":3099,"items_purged":["Defend_G","Strike_G"],"score":883,"play_id":"28b52d3d-e548-4733-bea7-8e751c38deab","local_time":"20190101235317","is_ascension_mode":true,"campfire_choices":[{"data":"Neutralize","floor":10.0,"key":"SMITH"},{"data":"Dash","floor":13.0,"key":"SMITH"},{"data":"Noxious Fumes","floor":15.0,"key":"SMITH"},{"floor":23.0,"key":"REST"},{"data":"Catalyst","floor":27.0,"key":"SMITH"},{"floor":32.0,"key":"REST"},{"floor":40.0,"key":"REST"},{"data":"Crippling Poison","floor":42,"key":"SMITH"},{"floor":44,"key":"REST"},{"floor":47,"key":"REST"},{"data":"Leg Sweep","floor":49,"key":"SMITH"}],"neow_cost":"NONE","seed_source_timestamp":599188214122153,"circlet_count":0,"master_deck":["Defend_G","Defend_G","Defend_G","Defend_G","Strike_G","Strike_G","Strike_G","Survivor","Neutralize+1","Noxious Fumes+1","Flying Knee","Dash+1","Bandage Up","Poisoned Stab","Bullet Time","Bouncing Flask","Catalyst+1","Outmaneuver","Bullet Time","Crippling Poison+1","Backflip","Backflip","Dodge and Roll+1","Footwork+1","Die Die Die","Leg Sweep+1","Parasite","Prepared+1","Calculated Gamble+1","Acrobatics"],"special_seed":0,"relics":["Runic Pyramid","Frozen Egg 2","Centennial Puzzle","MawBank","White Beast Statue","Art of War","Potion Belt","Philosopher\u0027s Stone","Bottled Tornado","Pantograph"],"potions_floor_usage":[41,41,41,45,50,50],"damage_taken":[{"damage":0.0,"enemies":"Jaw Worm","floor":1.0,"turns":4.0},{"damage":5.0,"enemies":"2 Louse","floor":4.0,"turns":3.0},{"damage":0.0,"enemies":"Small Slimes","floor":6.0,"turns":3.0},{"damage":9.0,"enemies":"Looter","floor":7.0,"turns":4.0},{"damage":3.0,"enemies":"Blue Slaver","floor":8.0,"turns":5.0},{"damage":5.0,"enemies":"Red Slaver","floor":12.0,"turns":3.0},{"damage":35.0,"enemies":"The Guardian","floor":16.0,"turns":9.0},{"damage":2.0,"enemies":"Shell Parasite","floor":18.0,"turns":5.0},{"damage":0.0,"enemies":"3 Byrds","floor":19.0,"turns":4.0},{"damage":22.0,"enemies":"Sentry and Sphere","floor":22.0,"turns":6.0},{"damage":13.0,"enemies":"Cultist and Chosen","floor":24.0,"turns":6.0},{"damage":5.0,"enemies":"Gremlin Leader","floor":25.0,"turns":5.0},{"damage":25.0,"enemies":"Snake Plant","floor":28.0,"turns":5.0},{"damage":0.0,"enemies":"Chosen and Byrds","floor":29.0,"turns":4.0},{"damage":7.0,"enemies":"Shelled Parasite and Fungi","floor":31.0,"turns":5.0},{"damage":61.0,"enemies":"Champ","floor":33.0,"turns":10.0},{"damage":12.0,"enemies":"3 Shapes","floor":35.0,"turns":2.0},{"damage":18.0,"enemies":"3 Darklings","floor":36.0,"turns":5.0},{"damage":11.0,"enemies":"Writhing Mass","floor":37.0,"turns":5.0},{"damage":12,"enemies":"4 Shapes","floor":41,"turns":1},{"damage":21,"enemies":"3 Darklings","floor":45,"turns":4},{"damage":7,"enemies":"Maw","floor":46,"turns":7},{"damage":68,"enemies":"Awakened One","floor":50,"turns":18}],"seed_played":"-26173941975704257","potions_obtained":[{"floor":1.0,"key":"GhostInAJar"},{"floor":6.0,"key":"GhostInAJar"},{"floor":7.0,"key":"Fire Potion"},{"floor":8.0,"key":"PowerPotion"},{"floor":19.0,"key":"Block Potion"},{"floor":22.0,"key":"Swift Potion"},{"floor":24.0,"key":"Fruit Juice"},{"floor":25.0,"key":"GamblersBrew"},{"floor":28.0,"key":"AttackPotion"},{"floor":29.0,"key":"EssenceOfSteel"},{"floor":30.0,"key":"Swift Potion"},{"floor":30.0,"key":"SpeedPotion"},{"floor":30.0,"key":"PowerPotion"},{"floor":31.0,"key":"SpeedPotion"},{"floor":33.0,"key":"Poison Potion"},{"floor":35.0,"key":"SteroidPotion"},{"floor":36.0,"key":"SteroidPotion"},{"floor":37.0,"key":"Ancient Potion"},{"floor":41,"key":"GamblersBrew"},{"floor":45,"key":"GamblersBrew"},{"floor":46,"key":"AttackPotion"}],"is_trial":false,"path_per_floor":["M","?","?","M","?","M","M","M","T","R","$","M","R","T","R","B",null,"M","M","$","?","M","R","M","E","T","R","M","M","?","M","R","B",null,"M","M","M","$","?","R","M","R","T","R","M","M","R","?","R","B",null],"character_chosen":"THE_SILENT","items_purchased":["Bandage Up","Outmaneuver","Bottled Tornado","Prepared"],"campfire_rested":5,"item_purchase_floors":[11,20,38,38],"current_hp_per_floor":[63,60,65,60,60,60,51,48,48,48,48,47,47,47,47,16,60,62,66,66,66,48,70,66,65,65,65,44,48,48,45,69,12,63,55,41,34,34,34,58,46,46,46,70,49,46,70,70,70,16],"gold":109,"neow_bonus":"BOSS_RELIC","is_prod":false,"is_daily":false,"chose_seed":false,"campfire_upgraded":6,"win_rate":0,"timestamp":1546354397,"path_taken":["M","?","?","M","?","M","M","M","T","R","$","M","R","?","R","BOSS","M","M","$","?","?","R","M","E","T","R","M","M","?","?","R","BOSS","M","?","?","$","?","R","?","R","T","R","M","M","R","?","R","BOSS"],"build_version":"2018-12-20","purchased_purges":2,"victory":true,"max_hp_per_floor":[70,70,75,75,75,75,75,75,75,75,75,75,75,75,75,75,75,75,75,75,75,75,75,80,80,80,80,80,80,80,80,80,80,80,80,80,80,80,80,80,80,80,80,80,80,80,80,80,80,80],"card_choices":[{"not_picked":["Crippling Poison","Blade Dance"],"picked":"Noxious Fumes","floor":1.0},{"not_picked":["Heel Hook","Crippling Poison"],"picked":"Dagger Spray","floor":4.0},{"not_picked":["Choke","Endless Agony","Acrobatics"],"picked":"SKIP","floor":6.0},{"not_picked":["Dagger Throw","Slice"],"picked":"Flying Knee","floor":7.0},{"not_picked":["Deflect","Terror"],"picked":"Dash","floor":8.0},{"not_picked":["Underhanded Strike","Deadly Poison"],"picked":"Poisoned Stab","floor":12.0},{"not_picked":["After Image+1","Burst"],"picked":"Bullet Time","floor":16.0},{"not_picked":["Terror","Deflect+1"],"picked":"Bouncing Flask","floor":18.0},{"not_picked":["Flying Knee","Cloak And Dagger"],"picked":"Catalyst","floor":19.0},{"not_picked":["Poisoned Stab","Bane+1"],"picked":"Crippling Poison","floor":22.0},{"not_picked":["Flechettes","Dagger Spray"],"picked":"Backflip","floor":24.0},{"not_picked":["Heel Hook","Tools of the Trade+1","Accuracy+1"],"picked":"SKIP","floor":25.0},{"not_picked":["Outmaneuver","Prepared"],"picked":"Backflip","floor":28.0},{"not_picked":["PiercingWail","Flying Knee"],"picked":"Dodge and Roll+1","floor":29.0},{"not_picked":["Outmaneuver+1","Quick Slash"],"picked":"Footwork+1","floor":31.0},{"not_picked":["Doppelganger","Storm of Steel"],"picked":"Die Die Die","floor":33.0},{"not_picked":["PiercingWail","Reflex"],"picked":"Leg Sweep","floor":35.0},{"not_picked":["Flying Knee+1","PiercingWail","Predator"],"picked":"SKIP","floor":36.0},{"not_picked":["Underhanded Strike","Noxious Fumes+1","Acrobatics+1"],"picked":"SKIP","floor":37.0},{"not_picked":["Quick Slash","Escape Plan","Outmaneuver+1"],"picked":"SKIP","floor":41},{"not_picked":["Backflip+1","Sucker Punch+1"],"picked":"Calculated Gamble+1","floor":45},{"not_picked":["Distraction","Backflip"],"picked":"Acrobatics","floor":46}],"player_experience":306073,"relics_obtained":[{"floor":9.0,"key":"Centennial Puzzle"},{"floor":14.0,"key":"MawBank"},{"floor":25.0,"key":"Art of War"},{"floor":26.0,"key":"Potion Belt"},{"floor":43,"key":"Pantograph"}],"event_choices":[{"damage_healed":0.0,"max_hp_gain":0.0,"max_hp_loss":0.0,"gold_gain":0.0,"event_name":"Scrap Ooze","player_choice":"Success","floor":2.0,"gold_loss":0.0,"damage_taken":3.0,"relics_obtained":["Frozen Egg 2"]},{"damage_healed":0.0,"max_hp_gain":5.0,"max_hp_loss":0.0,"gold_gain":0.0,"event_name":"Big Fish","player_choice":"Donut","floor":3.0,"gold_loss":0.0,"damage_taken":0.0},{"cards_removed":["Strike_G"],"damage_healed":0.0,"max_hp_gain":0.0,"max_hp_loss":0.0,"gold_gain":0.0,"event_name":"The Cleric","player_choice":"Card Removal","floor":5.0,"gold_loss":50.0,"damage_taken":0.0},{"damage_healed":0.0,"max_hp_gain":0.0,"max_hp_loss":0.0,"gold_gain":0.0,"event_name":"Duplicator","player_choice":"Copied","floor":21.0,"gold_loss":0.0,"damage_taken":0.0,"cards_obtained":["Bullet Time"]},{"damage_healed":0.0,"max_hp_gain":0.0,"max_hp_loss":0.0,"gold_gain":0.0,"event_name":"The Woman in Blue","player_choice":"Bought 3 Potions","floor":30.0,"gold_loss":0.0,"damage_taken":0.0},{"damage_healed":0.0,"max_hp_gain":0.0,"max_hp_loss":0.0,"gold_gain":0.0,"event_name":"Upgrade Shrine","player_choice":"Upgraded","floor":39.0,"gold_loss":0.0,"damage_taken":0.0,"cards_upgraded":["Prepared"]},{"cards_removed":["Dagger Spray"],"damage_healed":0,"gold_gain":0,"player_choice":"Removed Attack","damage_taken":0,"max_hp_gain":0,"max_hp_loss":0,"event_name":"Falling","floor":48,"gold_loss":0}],"is_beta":false,"boss_relics":[{"not_picked":["Cursed Key","Calling Bell"],"picked":"White Beast Statue"},{"not_picked":["Coffee Dripper","Snecko Eye"],"picked":"Philosopher\u0027s Stone"}],"items_purged_floors":[11,20],"is_endless":false,"potions_floor_spawned":[1,6,7,8,18,19,22,24,25,28,29,31,33,35,36,37,41,45,46],"ascension_level":8}