{"gold_per_floor":[111,111,121,46,60,60,90,104,130,142,157,172,186,201,201,201],"floor_reached":16,"playtime":498,"items_purged":["Strike_R"],"score":108,"play_id":"b89ef62f-8543-4412-aa5f-44e107eb1a25","local_time":"20190511215936","is_ascension_mode":false,"campfire_choices":[{"data":"Bash","floor":6,"key":"SMITH"},{"floor":15,"key":"REST"}],"neow_cost":"NONE","seed_source_timestamp":441971243815250,"circlet_count":0,"master_deck":["Strike_R+1","Strike_R+1","Strike_R","Strike_R","Defend_R","Defend_R","Defend_R","Defend_R","Bash+1","Heavy Blade","Body Slam"],"relics":["Burning Blood","Whetstone","Pen Nib"],"potions_floor_usage":[7,10,11,16,16],"damage_taken":[{"damage":6,"enemies":"2 Louse","floor":1,"turns":3},{"damage":9,"enemies":"Cultist","floor":3,"turns":4},{"damage":6,"enemies":"Jaw Worm","floor":5,"turns":3},{"damage":60,"enemies":"Lagavulin","floor":7,"turns":7},{"damage":13,"enemies":"Exordium Wildlife","floor":8,"turns":5},{"damage":5,"enemies":"Large Slime","floor":10,"turns":4},{"damage":2,"enemies":"3 Louse","floor":11,"turns":2},{"damage":8,"enemies":"2 Fungi Beasts","floor":12,"turns":3},{"damage":16,"enemies":"Exordium Wildlife","floor":13,"turns":6},{"damage":5,"enemies":"Looter","floor":14,"turns":3},{"damage":50,"enemies":"Hexaghost","floor":16,"turns":9}],"seed_played":"-2469275418588557496","potions_obtained":[{"floor":0,"key":"Block Potion"},{"floor":0,"key":"Fire Potion"},{"floor":0,"key":"FairyPotion"},{"floor":8,"key":"Fire Potion"},{"floor":13,"key":"Explosive Potion"},{"floor":14,"key":"BloodPotion"}],"is_trial":false,"path_per_floor":["M","?","M","$","M","R","E","M","T","M","M","M","M","M","R","B"],"character_chosen":"IRONCLAD","items_purchased":[],"campfire_rested":1,"item_purchase_floors":[],"current_hp_per_floor":[80,80,77,77,77,77,23,16,16,17,21,19,9,10,34,0],"gold":201,"neow_bonus":"THREE_SMALL_POTIONS","is_prod":false,"is_daily":false,"chose_seed":false,"campfire_upgraded":1,"win_rate":0,"timestamp":1557626376,"path_taken":["M","?","M","$","M","R","E","M","T","M","M","M","M","?","R","BOSS"],"build_version":"2019-01-23","purchased_purges":1,"victory":false,"max_hp_per_floor":[80,80,80,80,80,80,80,80,80,80,80,80,80,80,80,80],"card_choices":[{"not_picked":["Sentinel","Uppercut","Rampage"],"picked":"SKIP","floor":1},{"not_picked":["Havoc","Intimidate","Warcry"],"picked":"SKIP","floor":3},{"not_picked":["Reckless Charge","Headbutt","Anger"],"picked":"SKIP","floor":5},{"not_picked":["Pummel","Evolve","Havoc"],"picked":"SKIP","floor":7},{"not_picked":["Power Through","Twin Strike"],"picked":"Heavy Blade","floor":8},{"not_picked":["Sword Boomerang","Dropkick","Body Slam"],"picked":"SKIP","floor":10},{"not_picked":["Twin Strike","Cleave"],"picked":"Body Slam","floor":11},{"not_picked":["Heavy Blade","Clash","Anger"],"picked":"SKIP","floor":12},{"not_picked":["Perfected Strike","Twin Strike","Combust"],"picked":"SKIP","floor":13},{"not_picked":["Cleave","Berserk","Rupture"],"picked":"SKIP","floor":14}],"player_experience":133897,"relics_obtained":[{"floor":7,"key":"Whetstone"},{"floor":9,"key":"Pen Nib"}],"event_choices":[{"damage_healed":0,"gold_gain":0,"player_choice":"Ignored","damage_taken":0,"max_hp_gain":0,"max_hp_loss":0,"event_name":"NoteForYourself","floor":2,"gold_loss":0}],"is_beta":false,"boss_relics":[],"items_purged_floors":[4],"is_endless":false,"potions_floor_spawned":[1,5,8,13,14],"killed_by":"Hexaghost","ascension_level":0}