{"gold_per_floor":[212,5,24,99,114,114,144,156,156,25,25,25,25,84,84,159,159,177,92,92,111,24,59,59,59,84,99,99,111,111,121,121,121],"floor_reached":33,"playtime":1523,"items_purged":["Strike_R"],"score":579,"play_id":"79751549-28d4-4854-95b2-ae212e3b0dc7","local_time":"20190313114251","is_ascension_mode":true,"campfire_choices":[{"data":"Flex","floor":6,"key":"SMITH"},{"data":"Heavy Blade","floor":11,"key":"SMITH"},{"data":"Panacea","floor":13,"key":"SMITH"},{"floor":15,"key":"REST"},{"data":"Whirlwind","floor":25,"key":"SMITH"},{"data":"Shockwave","floor":28,"key":"SMITH"},{"floor":30,"key":"REST"},{"data":"1","floor":32,"key":"LIFT"}],"neow_cost":"NONE","seed_source_timestamp":542151408081504,"circlet_count":0,"master_deck":["AscendersBane","Strike_R","Strike_R","Strike_R","Strike_R","Defend_R","Defend_R","Defend_R","Defend_R","Bash","Shockwave+1","Panacea+1","Flex+1","Shrug It Off","Heavy Blade+1","Pommel Strike","Double Tap","True Grit","Whirlwind+1","Shrug It Off","Disarm"],"relics":["Burning Blood","Orichalcum","Pantograph","Sozu","Girya","Centennial Puzzle","Juzu Bracelet"],"potions_floor_usage":[7,7,16,18],"damage_taken":[{"damage":4,"enemies":"Jaw Worm","floor":1,"turns":5},{"damage":12,"enemies":"2 Louse","floor":3,"turns":3},{"damage":12,"enemies":"Small Slimes","floor":5,"turns":4},{"damage":28,"enemies":"Gremlin Nob","floor":7,"turns":4},{"damage":11,"enemies":"Blue Slaver","floor":8,"turns":4},{"damage":0,"enemies":"Slime Boss","floor":16,"turns":3},{"damage":7,"enemies":"2 Thieves","floor":18,"turns":3},{"damage":10,"enemies":"3 Byrds","floor":21,"turns":6},{"damage":30,"enemies":"Slavers","floor":23,"turns":9},{"damage":31,"enemies":"Cultist and Chosen","floor":27,"turns":6},{"damage":20,"enemies":"Snake Plant","floor":29,"turns":3},{"damage":22,"enemies":"Centurion and Healer","floor":31,"turns":5},{"damage":55,"enemies":"Collector","floor":33,"turns":5}],"seed_played":"-1582425510258794409","potions_obtained":[{"floor":3,"key":"PowerPotion"},{"floor":7,"key":"Block Potion"},{"floor":8,"key":"Swift Potion"}],"is_trial":false,"path_per_floor":["M","$","M","?","M","R","E","M","T","$","R","?","R","?","R","B",null,"M","?","?","M","$","E","?","R","T","M","R","M","R","M","R","B"],"character_chosen":"IRONCLAD","items_purchased":["Panacea","Flex","PowerPotion","SteroidPotion","Whirlwind"],"campfire_rested":2,"item_purchase_floors":[2,2,2,10,22],"current_hp_per_floor":[70,70,64,53,47,47,25,20,20,20,20,20,20,20,42,73,75,74,74,74,70,70,46,61,61,61,36,36,22,44,28,28,0],"gold":121,"neow_bonus":"HUNDRED_GOLD","is_prod":false,"is_daily":false,"chose_seed":false,"campfire_upgraded":5,"win_rate":0,"timestamp":1552444971,"path_taken":["M","$","M","?","M","R","E","M","T","$","R","?","R","?","R","BOSS","M","?","?","M","$","E","?","R","T","M","R","M","R","M","R","BOSS"],"build_version":"2019-01-23","purchased_purges":1,"victory":false,"max_hp_per_floor":[75,75,75,75,75,75,75,75,75,75,75,75,75,75,75,75,75,75,75,75,75,75,75,75,75,75,75,75,75,75,75,75,75],"card_choices":[{"not_picked":["Iron Wave","Dropkick"],"picked":"Shockwave","floor":1},{"not_picked":["Hemokinesis","Pommel Strike"],"picked":"Shrug It Off","floor":3},{"not_picked":["Combust","Thunderclap","Havoc"],"picked":"SKIP","floor":5},{"not_picked":["Iron Wave","Flex"],"picked":"Heavy Blade","floor":7},{"not_picked":["Barricade","Flex"],"picked":"Pommel Strike","floor":8},{"not_picked":["Brutality","Berserk"],"picked":"Double Tap","floor":16},{"not_picked":["Cleave+1","Uppercut"],"picked":"True Grit","floor":18},{"not_picked":["Second Wind","True Grit","Wild Strike+1"],"picked":"SKIP","floor":21},{"not_picked":["Warcry","Shockwave"],"picked":"Shrug It Off","floor":23},{"not_picked":["Wild Strike","Reckless Charge+1","Entrench"],"picked":"SKIP","floor":27},{"not_picked":["Wild Strike","Immolate","Perfected Strike"],"picked":"SKIP","floor":29},{"not_picked":["Warcry","Iron Wave"],"picked":"Disarm","floor":31}],"player_experience":688089,"relics_obtained":[{"floor":7,"key":"Orichalcum"},{"floor":9,"key":"Pantograph"},{"floor":23,"key":"Centennial Puzzle"},{"floor":26,"key":"Juzu Bracelet"}],"event_choices":[{"damage_healed":0,"gold_gain":75,"player_choice":"Gather Gold","damage_taken":11,"max_hp_gain":0,"max_hp_loss":0,"event_name":"World of Goop","floor":4,"gold_loss":0},{"damage_healed":0,"gold_gain":0,"player_choice":"Leave","damage_taken":0,"max_hp_gain":0,"max_hp_loss":0,"event_name":"The Cleric","floor":12,"gold_loss":0},{"damage_healed":0,"gold_gain":59,"player_choice":"Gained Gold","damage_taken":0,"max_hp_gain":0,"max_hp_loss":0,"event_name":"Golden Wing","floor":14,"gold_loss":0},{"damage_healed":0,"gold_gain":0,"player_choice":"Obtained Relic","damage_taken":0,"relics_obtained":["Girya"],"max_hp_gain":0,"max_hp_loss":0,"event_name":"Addict","floor":19,"gold_loss":85},{"damage_healed":0,"gold_gain":0,"player_choice":"Ignored","damage_taken":0,"max_hp_gain":0,"max_hp_loss":0,"event_name":"Ghosts","floor":20,"gold_loss":0},{"damage_healed":15,"gold_gain":0,"player_choice":"Heal","damage_taken":0,"max_hp_gain":0,"max_hp_loss":0,"event_name":"The Library","floor":24,"gold_loss":0}],"is_beta":false,"boss_relics":[{"not_picked":["Ectoplasm","Calling Bell"],"picked":"Sozu"}],"items_purged_floors":[10],"is_endless":false,"potions_floor_spawned":[3,7,8,21,23,29],"killed_by":"Collector","ascension_level":17}