{"gold_per_floor":[115,115,133,151,162,162,179,214,214,232,37,71,71,90,90,90],"floor_reached":16,"playtime":888,"items_purged":["Strike_G"],"score":253,"play_id":"1b45f957-3130-4a4a-9f60-5d0794d35c32","local_time":"20190504164909","is_ascension_mode":true,"campfire_choices":[{"data":"Neutralize","floor":6,"key":"SMITH"},{"data":"Die Die Die","floor":13,"key":"SMITH"},{"data":"Bouncing Flask","floor":15,"key":"SMITH"}],"neow_cost":"NONE","seed_source_timestamp":474010828183500,"circlet_count":0,"master_deck":["AscendersBane","Defend_G","Defend_G","Defend_G","Defend_G","Defend_G","Strike_G","Strike_G","Strike_G","Survivor","Neutralize+1","Dodge and Roll","Crippling Poison","Deadly Poison","Predator","Bouncing Flask+1","Footwork","Footwork","Dash","Die Die Die+1"],"relics":["Ring of the Snake","Strawberry","Mango","Meat on the Bone","Omamori"],"potions_floor_usage":[8,16,16],"damage_taken":[{"damage":0,"enemies":"2 Louse","floor":1,"turns":3},{"damage":0,"enemies":"Cultist","floor":3,"turns":5},{"damage":0,"enemies":"Small Slimes","floor":4,"turns":4},{"damage":4,"enemies":"Blue Slaver","floor":5,"turns":6},{"damage":6,"enemies":"3 Louse","floor":7,"turns":3},{"damage":19,"enemies":"Lagavulin","floor":8,"turns":7},{"damage":2,"enemies":"Large Slime","floor":10,"turns":8},{"damage":12,"enemies":"3 Sentries","floor":12,"turns":12},{"damage":1,"enemies":"Red Slaver","floor":14,"turns":4},{"damage":48,"enemies":"Slime Boss","floor":16,"turns":9}],"seed_played":"-1841500884996606039","potions_obtained":[{"floor":3,"key":"Strength Potion"},{"floor":7,"key":"LiquidBronze"},{"floor":10,"key":"PowerPotion"},{"floor":12,"key":"AttackPotion"}],"is_trial":false,"path_per_floor":["M","?","M","M","M","R","M","E","T","M","$","E","R","M","R","B"],"character_chosen":"THE_SILENT","items_purchased":["Footwork","Dash"],"campfire_rested":0,"item_purchase_floors":[11,11],"current_hp_per_floor":[66,66,66,66,62,62,56,51,51,49,49,49,49,48,48,0],"gold":90,"neow_bonus":"RANDOM_COMMON_RELIC","is_prod":false,"is_daily":false,"chose_seed":false,"campfire_upgraded":3,"win_rate":0,"timestamp":1556956149,"path_taken":["M","?","M","?","M","R","M","E","T","M","$","E","R","M","R","BOSS"],"build_version":"2019-01-23","purchased_purges":1,"victory":false,"max_hp_per_floor":[73,73,73,73,73,73,73,87,87,87,87,87,87,87,87,87],"card_choices":[{"not_picked":["Calculated Gamble","Slice"],"picked":"Dodge and Roll","floor":1},{"not_picked":["Reflex","Eviscerate"],"picked":"Crippling Poison","floor":3},{"not_picked":["Sucker Punch","Deflect"],"picked":"Deadly Poison","floor":4},{"not_picked":["Acrobatics","Finisher"],"picked":"Predator","floor":5},{"not_picked":["Acrobatics","Underhanded Strike","Sucker Punch"],"picked":"SKIP","floor":7},{"not_picked":["Bane","Crippling Poison"],"picked":"Bouncing Flask","floor":8},{"not_picked":["Bane","Underhanded Strike"],"picked":"Footwork","floor":10},{"not_picked":["Heel Hook","Dagger Throw"],"picked":"Die Die Die","floor":12},{"not_picked":["Terror","Expertise","Underhanded Strike"],"picked":"SKIP","floor":14}],"player_experience":1215832,"relics_obtained":[{"floor":8,"key":"Mango"},{"floor":9,"key":"Meat on the Bone"},{"floor":12,"key":"Omamori"}],"event_choices":[{"cards_removed":["Strike_G"],"damage_healed":0,"gold_gain":0,"player_choice":"Purged","damage_taken":0,"max_hp_gain":0,"max_hp_loss":0,"event_name":"Purifier","floor":2,"gold_loss":0}],"is_beta":false,"boss_relics":[],"items_purged_floors":[11],"is_endless":false,"potions_floor_spawned":[3,7,10,12],"killed_by":"Slime Boss","ascension_level":20}