{"gold_per_floor":[110,127,145,145,161,161,161,219,245,245,260,279,312,277,277,277],"floor_reached":16,"playtime":641,"items_purged":[],"score":112,"play_id":"138d5213-177a-49a0-9047-614672c7fcb6","local_time":"20181209232055","is_ascension_mode":false,"campfire_choices":[{"data":"Fire Breathing","floor":6,"key":"SMITH"},{"data":"Heavy Blade","floor":10,"key":"SMITH"},{"data":"Double Tap","floor":15,"key":"SMITH"}],"neow_cost":"NONE","seed_source_timestamp":943678870958673,"circlet_count":0,"master_deck":["Strike_R","Strike_R","Strike_R","Strike_R+1","Defend_R","Defend_R","Defend_R","Defend_R+1","Bash","Iron Wave","Fire Breathing+1","Heavy Blade+1","Double Tap+1"],"relics":["Burning Blood","NeowsBlessing","Tiny Chest","Oddly Smooth Stone","Potion Belt"],"potions_floor_usage":[3,5,8,13,13],"damage_taken":[{"damage":0,"enemies":"Jaw Worm","floor":1,"turns":1},{"damage":0,"enemies":"Small Slimes","floor":2,"turns":1},{"damage":0,"enemies":"Cultist","floor":3,"turns":1},{"damage":15,"enemies":"Looter","floor":5,"turns":3},{"damage":31,"enemies":"Lagavulin","floor":8,"turns":5},{"damage":7,"enemies":"Gremlin Gang","floor":11,"turns":4},{"damage":1,"enemies":"2 Fungi Beasts","floor":12,"turns":3},{"damage":16,"enemies":"Gremlin Nob","floor":13,"turns":3},{"damage":44,"enemies":"Hexaghost","floor":16,"turns":9}],"seed_played":"-5622276975005473473","potions_obtained":[{"floor":2,"key":"EntropicBrew"},{"floor":8,"key":"Strength Potion"}],"is_trial":false,"path_per_floor":["M","M","M","?","M","R","?","E","T","R","M","M","E","?","R","B"],"character_chosen":"IRONCLAD","items_purchased":[],"campfire_rested":0,"item_purchase_floors":[],"current_hp_per_floor":[80,80,80,64,55,55,55,30,30,30,29,34,24,44,44,0],"gold":277,"neow_bonus":"THREE_ENEMY_KILL","is_prod":false,"is_daily":false,"chose_seed":false,"campfire_upgraded":3,"win_rate":0,"timestamp":1544365255,"path_taken":["M","M","M","?","M","R","?","E","T","R","?","M","E","?","R","BOSS"],"build_version":"2018-12-06","purchased_purges":0,"victory":false,"max_hp_per_floor":[80,80,80,80,80,80,80,80,80,80,80,80,80,80,80,80],"card_choices":[{"not_picked":["Cleave","Perfected Strike","Thunderclap"],"picked":"SKIP","floor":1},{"not_picked":["Wild Strike","Warcry"],"picked":"Iron Wave","floor":2},{"not_picked":["Havoc","Searing Blow"],"picked":"Fire Breathing","floor":3},{"not_picked":["Anger","Twin Strike","Clash"],"picked":"SKIP","floor":5},{"not_picked":["Feel No Pain","Fire Breathing","Second Wind"],"picked":"SKIP","floor":8},{"not_picked":["True Grit","Clothesline"],"picked":"Double Tap","floor":11},{"not_picked":["Iron Wave","Warcry","Ghostly Armor"],"picked":"SKIP","floor":12},{"not_picked":["Sentinel","Metallicize","Dark Embrace"],"picked":"SKIP","floor":13}],"player_experience":121494,"relics_obtained":[{"floor":8,"key":"Tiny Chest"},{"floor":9,"key":"Oddly Smooth Stone"},{"floor":13,"key":"Potion Belt"}],"event_choices":[{"damage_healed":0,"gold_gain":0,"player_choice":"Entered Light","damage_taken":16,"max_hp_gain":0,"max_hp_loss":0,"event_name":"Shining Light","floor":4,"gold_loss":0,"cards_upgraded":["Strike_R","Defend_R"]},{"damage_healed":0,"gold_gain":0,"cards_transformed":["Strike_R"],"player_choice":"Transformed","damage_taken":0,"max_hp_gain":0,"max_hp_loss":0,"event_name":"Transmorgrifier","floor":7,"gold_loss":0,"cards_obtained":["Heavy Blade"]},{"damage_healed":20,"gold_gain":0,"player_choice":"Healed","damage_taken":0,"max_hp_gain":0,"max_hp_loss":0,"event_name":"The Cleric","floor":14,"gold_loss":35}],"is_beta":false,"boss_relics":[],"items_purged_floors":[],"is_endless":false,"potions_floor_spawned":[2,3,8],"killed_by":"Hexaghost","ascension_level":0}