{"gold_per_floor":[110,110,120,120,135,135,170,170,170,203,203,223,254,264,264,369,369,379,65,76,86,86,86,117,129,129,129,129,129,154,174,174,274,274,294,312,312,331,345,345,345,412,412,412,276,326,376,426,426,426,426,426,39,66,66],"floor_reached":55,"playtime":2466,"items_purged":["Strike_R","Strike_R"],"score":675,"play_id":"ff5d1540-886d-4bad-aa03-1ba1859bffa6","local_time":"20190417231330","is_ascension_mode":false,"campfire_choices":[{"data":"Rage","floor":6,"key":"SMITH"},{"data":"Bash","floor":8,"key":"SMITH"},{"data":"Disarm","floor":15,"key":"SMITH"},{"data":"Spot Weakness","floor":23,"key":"SMITH"},{"data":"Juggernaut","floor":27,"key":"SMITH"},{"floor":32,"key":"REST"},{"data":"Limit Break","floor":40,"key":"SMITH"},{"floor":44,"key":"RECALL"},{"data":"Flame Barrier","floor":49,"key":"SMITH"},{"data":"Shrug It Off","floor":52,"key":"SMITH"}],"neow_cost":"NONE","seed_source_timestamp":1391367101105,"circlet_count":0,"master_deck":["Strike_R+1","Strike_R+1","Defend_R","Defend_R","Defend_R","Defend_R+1","Bash+1","Rage+1","Cleave","Rampage","Shrug It Off+1","Disarm+1","Metallicize+1","Clothesline+1","Juggernaut+1","Spot Weakness+1","Cleave+1","Armaments+1","Iron Wave+1","Spot Weakness","Iron Wave+1","Limit Break+1","Burning Pact+1","Clothesline+1","Flame Barrier+1","Madness","Madness","Disarm","Demon Form","Iron Wave+1"],"relics":["Burning Blood","Whetstone","Mango","Molten Egg 2","Pocketwatch","Sozu","Matryoshka","Kunai","Bag of Marbles","Dodecahedron","Bronze Scales","Black Star","SsserpentHead","Juzu Bracelet","Ancient Tea Set","Red Skull","Bottled Tornado","Centennial Puzzle"],"potions_floor_usage":[38,55],"damage_taken":[{"damage":5,"enemies":"2 Louse","floor":1,"turns":2},{"damage":0,"enemies":"Cultist","floor":3,"turns":3},{"damage":0,"enemies":"Small Slimes","floor":5,"turns":2},{"damage":27,"enemies":"3 Sentries","floor":7,"turns":9},{"damage":8,"enemies":"Lagavulin","floor":10,"turns":6},{"damage":8,"enemies":"Gremlin Gang","floor":12,"turns":5},{"damage":18,"enemies":"3 Sentries","floor":13,"turns":7},{"damage":6,"enemies":"Exordium Wildlife","floor":14,"turns":4},{"damage":24,"enemies":"Hexaghost","floor":16,"turns":14},{"damage":11,"enemies":"2 Thieves","floor":18,"turns":4},{"damage":2,"enemies":"Spheric Guardian","floor":20,"turns":3},{"damage":0,"enemies":"Cultist and Chosen","floor":21,"turns":5},{"damage":30,"enemies":"Slavers","floor":24,"turns":5},{"damage":11,"enemies":"Shelled Parasite and Fungi","floor":25,"turns":4},{"damage":21,"enemies":"Gremlin Leader","floor":30,"turns":5},{"damage":9,"enemies":"Chosen and Byrds","floor":31,"turns":6},{"damage":37,"enemies":"Champ","floor":33,"turns":8},{"damage":7,"enemies":"Orb Walker","floor":35,"turns":3},{"damage":15,"enemies":"3 Shapes","floor":36,"turns":3},{"damage":1,"enemies":"Spire Growth","floor":38,"turns":6},{"damage":2,"enemies":"3 Darklings","floor":39,"turns":5},{"damage":5,"enemies":"Writhing Mass","floor":42,"turns":5},{"damage":69,"enemies":"Time Eater","floor":50,"turns":11},{"damage":68,"enemies":"Shield and Spear","floor":54,"turns":9},{"damage":53,"enemies":"The Heart","floor":55,"turns":5}],"seed_played":"-5172889588012743810","potions_obtained":[{"floor":3,"key":"Dexterity Potion"},{"floor":5,"key":"Ancient Potion"},{"floor":10,"key":"FairyPotion"}],"is_trial":false,"path_per_floor":["M","?","M","T","M","R","E","R","T","E","?","M","E","M","R","B",null,"M","$","M","M","?","R","E","M","T","R","$","?","E","M","R","B",null,"M","M","?","M","M","R","?","M","T","R","$","?","?","?","R","B",null,"R","$","E","B"],"character_chosen":"IRONCLAD","items_purchased":["Matryoshka","Flame Barrier","Disarm","Demon Form","Red Skull"],"campfire_rested":1,"item_purchase_floors":[19,45,53,53,53],"current_hp_per_floor":[80,80,80,80,80,80,73,73,73,71,52,50,38,38,38,20,94,89,89,93,94,94,94,70,65,65,65,65,65,50,47,75,44,94,93,84,84,89,93,93,93,94,94,94,94,82,82,82,82,19,94,94,94,32,0],"gold":66,"neow_bonus":"TRANSFORM_CARD","is_prod":false,"is_daily":false,"chose_seed":false,"campfire_upgraded":8,"win_rate":0,"timestamp":1555557210,"path_taken":["M","?","?","?","M","R","E","R","T","E","?","M","E","M","R","BOSS","M","$","M","M","?","R","E","?","T","R","$","?","E","M","R","BOSS","M","?","?","M","M","R","?","?","T","R","$","?","?","?","R","BOSS","R","$","E","BOSS"],"build_version":"2019-01-23","purchased_purges":2,"victory":false,"max_hp_per_floor":[80,80,80,80,80,80,94,94,94,94,94,94,94,94,94,94,94,94,94,94,94,94,94,94,94,94,94,94,94,94,94,94,94,94,94,94,94,94,94,94,94,94,94,94,94,94,94,94,94,94,94,94,94,94,94],"card_choices":[{"not_picked":["Body Slam","Blood for Blood"],"picked":"Rage","floor":1},{"not_picked":["True Grit","Sword Boomerang"],"picked":"Cleave","floor":3},{"not_picked":["Warcry","Flex","Hemokinesis"],"picked":"SKIP","floor":5},{"not_picked":["Double Tap","Havoc"],"picked":"Rampage","floor":7},{"not_picked":["Thunderclap","Limit Break"],"picked":"Shrug It Off","floor":10},{"not_picked":["Cleave+1","Pommel Strike+1"],"picked":"Disarm","floor":12},{"not_picked":["Anger+1","Dropkick+1"],"picked":"Metallicize","floor":13},{"not_picked":["Heavy Blade+1","Inflame"],"picked":"Clothesline+1","floor":14},{"not_picked":["Reaper+1","Exhume"],"picked":"Juggernaut","floor":16},{"not_picked":["Seeing Red+1","Shrug It Off"],"picked":"Spot Weakness","floor":18},{"not_picked":["Corruption","Warcry","Twin Strike+1"],"picked":"SKIP","floor":20},{"not_picked":["Anger+1","Twin Strike+1"],"picked":"Cleave+1","floor":21},{"not_picked":["Offering","Warcry"],"picked":"Armaments+1","floor":24},{"not_picked":["Warcry","Havoc+1"],"picked":"Iron Wave+1","floor":25},{"not_picked":["Thunderclap+1","Clothesline+1"],"picked":"Spot Weakness","floor":30},{"not_picked":["Havoc","Cleave+1"],"picked":"Iron Wave+1","floor":31},{"not_picked":["Bludgeon+1","Barricade"],"picked":"Limit Break","floor":33},{"not_picked":["Power Through+1","Blood for Blood+1"],"picked":"Burning Pact+1","floor":35},{"not_picked":["Heavy Blade+1","Hemokinesis+1","Pommel Strike+1"],"picked":"SKIP","floor":36},{"not_picked":["Evolve+1","Blood for Blood+1","Twin Strike+1"],"picked":"SKIP","floor":38},{"not_picked":["Warcry+1","Clash+1"],"picked":"Clothesline+1","floor":39},{"not_picked":["Clothesline+1","Wild Strike+1","Sever Soul+1"],"picked":"SKIP","floor":42},{"not_picked":["Perfected Strike+1","Clash+1"],"picked":"Iron Wave+1","floor":54}],"player_experience":139321,"relics_obtained":[{"floor":4,"key":"Whetstone"},{"floor":7,"key":"Mango"},{"floor":10,"key":"Molten Egg 2"},{"floor":13,"key":"Pocketwatch"},{"floor":24,"key":"Kunai"},{"floor":26,"key":"Bag of Marbles"},{"floor":26,"key":"Dodecahedron"},{"floor":30,"key":"Bronze Scales"},{"floor":43,"key":"Juzu Bracelet"},{"floor":43,"key":"Ancient Tea Set"},{"floor":54,"key":"Bottled Tornado"},{"floor":54,"key":"Centennial Puzzle"}],"event_choices":[{"damage_healed":0,"gold_gain":0,"player_choice":"Full Heal","damage_taken":0,"max_hp_gain":0,"max_hp_loss":0,"event_name":"Wheel of Change","floor":2,"gold_loss":0},{"damage_healed":0,"gold_gain":0,"player_choice":"Entered Light","damage_taken":19,"max_hp_gain":0,"max_hp_loss":0,"event_name":"Shining Light","floor":11,"gold_loss":0,"cards_upgraded":["Clash","Defend_R"]},{"damage_healed":0,"gold_gain":0,"player_choice":"Got Potions","damage_taken":0,"max_hp_gain":0,"max_hp_loss":0,"event_name":"Lab","floor":22,"gold_loss":0},{"damage_healed":0,"gold_gain":0,"player_choice":"Forge","damage_taken":0,"max_hp_gain":0,"max_hp_loss":0,"event_name":"Accursed Blacksmith","floor":29,"gold_loss":0,"cards_upgraded":["Metallicize"]},{"cards_removed":["Clash"],"damage_healed":0,"gold_gain":0,"player_choice":"Removed Attack","damage_taken":0,"max_hp_gain":0,"max_hp_loss":0,"event_name":"Falling","floor":37,"gold_loss":0},{"damage_healed":0,"gold_gain":0,"player_choice":"Trade","damage_taken":0,"relics_obtained":["SsserpentHead"],"max_hp_gain":0,"max_hp_loss":0,"event_name":"FaceTrader","floor":41,"gold_loss":0},{"damage_healed":0,"gold_gain":0,"player_choice":"Embrace Madness","damage_taken":12,"max_hp_gain":0,"max_hp_loss":0,"event_name":"Winding Halls","floor":46,"gold_loss":0,"cards_obtained":["Madness","Madness"]},{"damage_healed":0,"gold_gain":0,"player_choice":"Ignored","damage_taken":0,"max_hp_gain":0,"max_hp_loss":0,"event_name":"Mysterious Sphere","floor":47,"gold_loss":0},{"damage_healed":0,"gold_gain":0,"player_choice":"Ignored","damage_taken":0,"max_hp_gain":0,"max_hp_loss":0,"event_name":"Tomb of Lord Red Mask","floor":48,"gold_loss":0}],"is_beta":false,"boss_relics":[{"not_picked":["Coffee Dripper","Runic Cube"],"picked":"Sozu"},{"not_picked":["Philosopher\u0027s Stone","Pandora\u0027s Box"],"picked":"Black Star"}],"items_purged_floors":[19,45],"is_endless":false,"potions_floor_spawned":[3,5,10,16,21,24,30,35,36],"killed_by":"The Heart","ascension_level":0}