{"gold_per_floor":[115,135,135,153,164,164,190,190,190,190,205,205,218,237,237,237],"floor_reached":16,"playtime":766,"items_purged":[],"score":208,"play_id":"5230fcf4-4580-493b-b3df-e8d2ebfb057d","local_time":"20190421233848","is_ascension_mode":true,"campfire_choices":[{"data":"Dagger Spray","floor":6,"key":"SMITH"},{"data":"Neutralize","floor":8,"key":"SMITH"},{"floor":10,"key":"REST"},{"data":"Deadly Poison","floor":15,"key":"SMITH"}],"neow_cost":"NONE","seed_source_timestamp":227932537807715,"circlet_count":0,"master_deck":["AscendersBane","Defend_G","Defend_G","Defend_G","Defend_G","Defend_G","Strike_G","Strike_G","Strike_G","Strike_G","Strike_G","Survivor","Neutralize+1","Dagger Spray+1","Quick Slash","Prepared","Poisoned Stab","Malaise","Bane","Distraction","Deadly Poison+1"],"relics":["Ring of the Snake","Mango","Ninja Scroll","Golden Idol"],"potions_floor_usage":[7,16,16],"damage_taken":[{"damage":0,"enemies":"Cultist","floor":1,"turns":4},{"damage":1,"enemies":"Small Slimes","floor":2,"turns":5},{"damage":0,"enemies":"2 Louse","floor":4,"turns":4},{"damage":21,"enemies":"Lots of Slimes","floor":5,"turns":3},{"damage":27,"enemies":"Gremlin Nob","floor":7,"turns":5},{"damage":6,"enemies":"Large Slime","floor":11,"turns":7},{"damage":0,"enemies":"Looter","floor":13,"turns":3},{"damage":9,"enemies":"Exordium Thugs","floor":14,"turns":7},{"damage":48,"enemies":"Slime Boss","floor":16,"turns":7}],"seed_played":"6090683769864770723","potions_obtained":[{"floor":0,"key":"GhostInAJar"},{"floor":0,"key":"SkillPotion"},{"floor":13,"key":"Poison Potion"}],"is_trial":false,"path_per_floor":["M","M","?","M","M","R","E","R","T","R","M","?","M","M","R","B"],"character_chosen":"THE_SILENT","items_purchased":[],"campfire_rested":1,"item_purchase_floors":[],"current_hp_per_floor":[59,58,58,58,37,37,24,24,24,48,42,42,42,33,33,0],"gold":237,"neow_bonus":"THREE_SMALL_POTIONS","is_prod":false,"is_daily":false,"chose_seed":false,"campfire_upgraded":3,"win_rate":0,"timestamp":1555857528,"path_taken":["M","?","?","M","M","R","E","R","T","R","M","?","M","M","R","BOSS"],"build_version":"2019-01-23","purchased_purges":0,"victory":false,"max_hp_per_floor":[66,66,66,66,66,66,80,80,80,80,80,72,72,72,72,72],"card_choices":[{"not_picked":["Backflip","Expertise"],"picked":"Dagger Spray","floor":1},{"not_picked":["Flechettes","Acrobatics"],"picked":"Quick Slash","floor":2},{"not_picked":["Acrobatics","Outmaneuver"],"picked":"Prepared","floor":4},{"not_picked":["Distraction","Setup"],"picked":"Poisoned Stab","floor":5},{"not_picked":["Dodge and Roll","Cloak And Dagger"],"picked":"Malaise","floor":7},{"not_picked":["Sucker Punch","Catalyst"],"picked":"Bane","floor":11},{"not_picked":["Flying Knee","Eviscerate"],"picked":"Distraction","floor":13},{"not_picked":["Quick Slash","Blade Dance"],"picked":"Deadly Poison","floor":14}],"player_experience":1032610,"relics_obtained":[{"floor":7,"key":"Mango"},{"floor":9,"key":"Ninja Scroll"}],"event_choices":[{"damage_healed":0,"gold_gain":0,"player_choice":"Ignored","damage_taken":0,"max_hp_gain":0,"max_hp_loss":0,"event_name":"Liars Game","floor":3,"gold_loss":0},{"damage_healed":0,"gold_gain":0,"player_choice":"Lose Max HP","damage_taken":0,"relics_obtained":["Golden Idol"],"max_hp_gain":0,"max_hp_loss":8,"event_name":"Golden Idol","floor":12,"gold_loss":0}],"is_beta":false,"boss_relics":[],"items_purged_floors":[],"is_endless":false,"potions_floor_spawned":[2,5,13],"killed_by":"Slime Boss","ascension_level":20}