{"gold_per_floor":[114,132,82,0,0,0,20,36,116,116,132,132,148,148,148,245,245,258,78,46,46,46],"floor_reached":22,"playtime":964,"items_purged":[],"score":220,"play_id":"ba9dea02-7911-42ea-a8b0-fff224dcea74","local_time":"20181102215842","is_ascension_mode":true,"campfire_choices":[{"data":"Die Die Die","floor":6,"key":"SMITH"},{"data":"Footwork","floor":10,"key":"SMITH"},{"data":"Caltrops","floor":12,"key":"SMITH"},{"data":"Neutralize","floor":15,"key":"SMITH"}],"neow_cost":"NONE","seed_source_timestamp":276694214283635,"circlet_count":0,"master_deck":["Defend_G","Defend_G","Defend_G","Defend_G","Strike_G","Strike_G","Strike_G","Survivor","Neutralize+1","Die Die Die+1","Caltrops+1","Unload","Footwork+1","Envenom","Prepared+1","Blur+1","PiercingWail+1"],"relics":["Ring of the Snake","Toxic Egg 2","Empty Cage","Bronze Scales"],"potions_floor_usage":[16,16,20],"damage_taken":[{"damage":2,"enemies":"Cultist","floor":1,"turns":4},{"damage":1,"enemies":"Jaw Worm","floor":2,"turns":5},{"damage":0,"enemies":"Small Slimes","floor":7,"turns":2},{"damage":0,"enemies":"Exordium Thugs","floor":8,"turns":5},{"damage":0,"enemies":"2 Fungi Beasts","floor":11,"turns":3},{"damage":6,"enemies":"Looter","floor":13,"turns":3},{"damage":33,"enemies":"Slime Boss","floor":16,"turns":13},{"damage":25,"enemies":"Shell Parasite","floor":18,"turns":8},{"damage":20,"enemies":"2 Thieves","floor":20,"turns":5},{"damage":11,"enemies":"Snecko","floor":22,"turns":7}],"seed_played":"7426520446598636094","potions_obtained":[{"floor":0,"key":"Swift Potion"},{"floor":0,"key":"FearPotion"},{"floor":0,"key":"EntropicBrew"},{"floor":1,"key":"Regen Potion"},{"floor":7,"key":"Explosive Potion"}],"is_trial":false,"path_per_floor":["M","M","?","$","?","R","M","M","T","R","M","R","M","?","R","B",null,"M","$","M","?","M"],"character_chosen":"THE_SILENT","items_purchased":["Caltrops","Bronze Scales","Blur+1"],"campfire_rested":0,"item_purchase_floors":[4,19,19],"current_hp_per_floor":[68,67,67,67,67,67,67,67,67,67,67,67,61,66,66,48,68,43,43,23,23,12],"gold":46,"neow_bonus":"THREE_SMALL_POTIONS","is_prod":false,"is_daily":false,"chose_seed":false,"campfire_upgraded":4,"win_rate":0,"timestamp":1541192322,"path_taken":["M","?","?","$","?","R","?","M","T","R","M","R","M","?","R","BOSS","M","$","M","?","M"],"build_version":"2018-11-01","purchased_purges":0,"victory":false,"max_hp_per_floor":[70,70,70,70,70,70,70,70,70,70,70,70,70,75,75,75,75,75,75,75,75,75],"card_choices":[{"not_picked":["Prepared","Bane"],"picked":"Blade Dance","floor":1},{"not_picked":["Flechettes","Acrobatics"],"picked":"Die Die Die","floor":2},{"not_picked":["Catalyst","Finisher","Blade Dance"],"picked":"SKIP","floor":7},{"not_picked":["Dagger Throw","Bane"],"picked":"Footwork","floor":8},{"not_picked":["Dagger Spray","Eviscerate","Distraction+1"],"picked":"SKIP","floor":11},{"not_picked":["Bane","Catalyst+1","Dagger Throw"],"picked":"SKIP","floor":13},{"not_picked":["Doppelganger+1","Burst+1"],"picked":"Envenom","floor":16},{"not_picked":["Riddle With Holes","Terror+1"],"picked":"Prepared+1","floor":18},{"not_picked":["Sucker Punch","Quick Slash"],"picked":"PiercingWail+1","floor":20}],"player_experience":267925,"relics_obtained":[{"floor":9,"key":"Toxic Egg 2"}],"event_choices":[{"cards_removed":["Blade Dance"],"damage_healed":0,"gold_gain":0,"player_choice":"Card Removal","damage_taken":0,"max_hp_gain":0,"max_hp_loss":0,"event_name":"The Cleric","floor":3,"gold_loss":50},{"damage_healed":0,"gold_gain":0,"cards_transformed":["Strike_G"],"player_choice":"Transformed","damage_taken":0,"max_hp_gain":0,"max_hp_loss":0,"event_name":"Transmorgrifier","floor":5,"gold_loss":0,"cards_obtained":["Unload"]},{"damage_healed":0,"gold_gain":0,"player_choice":"Donut","damage_taken":0,"max_hp_gain":5,"max_hp_loss":0,"event_name":"Big Fish","floor":14,"gold_loss":0},{"damage_healed":0,"gold_gain":0,"player_choice":"Ignored","damage_taken":0,"max_hp_gain":0,"max_hp_loss":0,"event_name":"Beggar","floor":21,"gold_loss":0}],"is_beta":false,"boss_relics":[{"not_picked":["Pandora\u0027s Box","HoveringKite"],"picked":"Empty Cage"}],"items_purged_floors":[],"is_endless":false,"potions_floor_spawned":[1,7,13],"killed_by":"Snecko","ascension_level":5}