{"gold_per_floor":[110,130,140,140,140,179,179,194,194,194,215,234,274,292,292,423,423,439,44,44,83,83,83,106,130,430,430,430],"floor_reached":28,"playtime":2516,"items_purged":["Normality"],"score":299,"play_id":"9ac48b9f-f5cb-4c5f-8e15-a11b7a544514","local_time":"20181123180545","is_ascension_mode":true,"campfire_choices":[{"data":"Neutralize","floor":7.0,"key":"SMITH"},{"floor":15.0,"key":"REST"},{"floor":23.0,"key":"REST"},{"floor":27,"key":"REST"}],"neow_cost":"NONE","seed_source_timestamp":0,"circlet_count":0,"master_deck":["Defend_G+1","Defend_G","Defend_G","Defend_G","Defend_G","Strike_G","Strike_G","Strike_G","Strike_G","Survivor","Neutralize+1","Sucker Punch","Injury","Endless Agony+1","Flechettes","Unload","Cloak And Dagger","Escape Plan+1","Dodge and Roll","Cloak And Dagger","Clumsy","Writhe","Dodge and Roll","Caltrops","PiercingWail+1","Sucker Punch+1"],"special_seed":0,"relics":["Ring of the Snake","Golden Idol","Happy Flower","Letter Opener","Ice Cream","Calling Bell","War Paint","Mercury Hourglass","FossilizedHelix","OrangePellets","Red Mask","Old Coin"],"potions_floor_usage":[25,28,28],"damage_taken":[{"damage":0.0,"enemies":"Jaw Worm","floor":1.0,"turns":6.0},{"damage":0.0,"enemies":"Small Slimes","floor":2.0,"turns":3.0},{"damage":0.0,"enemies":"Cultist","floor":3.0,"turns":4.0},{"damage":24.0,"enemies":"Gremlin Nob","floor":6.0,"turns":6.0},{"damage":4.0,"enemies":"Exordium Wildlife","floor":8.0,"turns":8.0},{"damage":10.0,"enemies":"3 Louse","floor":11.0,"turns":3.0},{"damage":1.0,"enemies":"Red Slaver","floor":12.0,"turns":5.0},{"damage":1.0,"enemies":"Lagavulin","floor":13.0,"turns":5.0},{"damage":1.0,"enemies":"2 Fungi Beasts","floor":14.0,"turns":3.0},{"damage":12.0,"enemies":"The Guardian","floor":16.0,"turns":14.0},{"damage":21.0,"enemies":"Shell Parasite","floor":18.0,"turns":8.0},{"damage":20.0,"enemies":"Masked Bandits","floor":21.0,"turns":6.0},{"damage":15.0,"enemies":"Chosen","floor":24.0,"turns":6.0},{"damage":13,"enemies":"Centurion and Healer","floor":25,"turns":6},{"damage":32,"enemies":"Gremlin Leader","floor":28,"turns":10}],"seed_played":"4976707862072857306","potions_obtained":[{"floor":0.0,"key":"SpeedPotion"},{"floor":0.0,"key":"SpeedPotion"},{"floor":0.0,"key":"SpeedPotion"},{"floor":2.0,"key":"Dexterity Potion"},{"floor":3.0,"key":"Block Potion"},{"floor":11.0,"key":"SpeedPotion"},{"floor":13.0,"key":"GhostInAJar"},{"floor":14.0,"key":"PowerPotion"},{"floor":18.0,"key":"Dexterity Potion"},{"floor":21.0,"key":"SteroidPotion"},{"floor":25,"key":"GhostInAJar"}],"is_trial":false,"path_per_floor":["M","M","M","?","?","E","R","M","T","?","M","M","E","M","R","B",null,"M","$","?","?","?","R","M","M","T","R","E"],"character_chosen":"THE_SILENT","items_purchased":["Caltrops","OrangePellets","Block Potion"],"campfire_rested":3,"item_purchase_floors":[19,19,19],"current_hp_per_floor":[63,63,63,56,56,32,32,28,28,28,18,17,16,15,36,24,59,38,38,38,18,18,39,24,11,11,32,0],"gold":430,"neow_bonus":"THREE_SMALL_POTIONS","is_prod":false,"is_daily":false,"chose_seed":false,"campfire_upgraded":1,"win_rate":0,"timestamp":1543017945,"path_taken":["M","M","M","?","?","E","R","M","T","?","M","?","E","M","R","BOSS","M","$","?","?","?","R","M","?","T","R","E"],"build_version":"2018-11-15","purchased_purges":1,"victory":false,"max_hp_per_floor":[70,70,70,70,70,70,70,70,70,70,70,70,70,70,70,70,70,70,70,70,70,70,70,70,70,70,70,70],"card_choices":[{"not_picked":["Outmaneuver","Underhanded Strike","Terror"],"picked":"SKIP","floor":1.0},{"not_picked":["Heel Hook","Prepared"],"picked":"Sucker Punch","floor":2.0},{"not_picked":["Concentrate","Prepared","Acrobatics"],"picked":"SKIP","floor":3.0},{"not_picked":["Bullet Time","Blade Dance"],"picked":"Endless Agony","floor":6.0},{"not_picked":["Acrobatics","Accuracy"],"picked":"Flechettes","floor":8.0},{"not_picked":["Setup","Underhanded Strike"],"picked":"Cloak And Dagger","floor":11.0},{"not_picked":["Poisoned Stab","Blade Dance"],"picked":"Escape Plan","floor":12.0},{"not_picked":["Underhanded Strike","Concentrate"],"picked":"Dodge and Roll","floor":13.0},{"not_picked":["Flying Knee","Blade Dance"],"picked":"Cloak And Dagger","floor":14.0},{"not_picked":["Blade Dance","Masterful Stab"],"picked":"Dodge and Roll","floor":18.0},{"not_picked":["Blur","Prepared"],"picked":"PiercingWail+1","floor":21.0},{"not_picked":["Underhanded Strike","Setup+1","Dagger Throw"],"picked":"SKIP","floor":24.0},{"not_picked":["Blur","Deflect+1"],"picked":"Sucker Punch+1","floor":25}],"player_experience":257601,"relics_obtained":[{"floor":6.0,"key":"Happy Flower"},{"floor":9.0,"key":"Letter Opener"},{"floor":13.0,"key":"Ice Cream"},{"floor":17.0,"key":"War Paint"},{"floor":17.0,"key":"Mercury Hourglass"},{"floor":17.0,"key":"FossilizedHelix"},{"floor":21.0,"key":"Red Mask"},{"floor":26,"key":"Old Coin"}],"event_choices":[{"cards_removed":["Strike_G"],"damage_healed":0.0,"max_hp_gain":0.0,"max_hp_loss":0.0,"gold_gain":0.0,"event_name":"Golden Wing","player_choice":"Card Removal","floor":4.0,"gold_loss":0.0,"damage_taken":7.0},{"damage_healed":0.0,"max_hp_gain":0.0,"max_hp_loss":0.0,"gold_gain":0.0,"event_name":"Golden Idol","player_choice":"Take Wound","floor":5.0,"gold_loss":0.0,"damage_taken":0.0,"relics_obtained":["Golden Idol"],"cards_obtained":["Injury"]},{"damage_healed":0.0,"max_hp_gain":0.0,"max_hp_loss":0.0,"gold_gain":0.0,"event_name":"Match and Keep!","player_choice":"1 cards matched","floor":10.0,"gold_loss":0.0,"damage_taken":0.0,"cards_obtained":["Unload"]},{"damage_healed":0.0,"max_hp_gain":0.0,"max_hp_loss":0.0,"gold_gain":0.0,"event_name":"Beggar","player_choice":"Ignored","floor":20.0,"gold_loss":0.0,"damage_taken":0.0},{"damage_healed":0.0,"max_hp_gain":0.0,"max_hp_loss":0.0,"gold_gain":0.0,"event_name":"Masked Bandits","player_choice":"Fought Bandits","floor":21.0,"gold_loss":0.0,"damage_taken":0.0},{"damage_healed":0.0,"max_hp_gain":0.0,"max_hp_loss":0.0,"gold_gain":0.0,"event_name":"Upgrade Shrine","player_choice":"Upgraded","floor":22.0,"gold_loss":0.0,"damage_taken":0.0,"cards_upgraded":["Endless Agony"]}],"is_beta":false,"boss_relics":[{"not_picked":["Runic Dome","Sozu"],"picked":"Calling Bell"}],"items_purged_floors":[19],"is_endless":false,"potions_floor_spawned":[2,3,11,13,14,18,21,25],"killed_by":"Gremlin Leader","ascension_level":6}