{"gold_per_floor":[116,116,116,81,91,125,125,28,53,99,111,138,167,191,203,319,331,362,374,386,398,427,439,479,491,503,526,569,595,636,663,675,785,797,823,446,458,758,772,807,807,822,849,849,859,229,243,0,0,0],"floor_reached":51,"playtime":2617,"items_purged":["Defend_B","Pain"],"score":949,"play_id":"7fe5f917-fa4b-4066-8b52-50664253fcfd","local_time":"20190408043428","is_ascension_mode":true,"campfire_choices":[{"data":"Dualcast","floor":7,"key":"SMITH"},{"data":"Tempest","floor":11,"key":"SMITH"},{"data":"Loop","floor":15,"key":"SMITH"},{"data":"Buffer","floor":23,"key":"SMITH"},{"data":"Electrodynamics","floor":25,"key":"SMITH"},{"data":"Capacitor","floor":32,"key":"SMITH"},{"data":"Loop","floor":41,"key":"SMITH"},{"data":"Capacitor","floor":44,"key":"SMITH"},{"data":"Loop","floor":49,"key":"SMITH"}],"neow_cost":"NONE","seed_source_timestamp":194480125496720,"circlet_count":0,"master_deck":["Defend_B","Defend_B+1","Defend_B+1","Zap","Dualcast+1","Tempest+1","Glacier","Hologram","Loop+1","Go for the Eyes+1","Electrodynamics+1","Coolheaded","Buffer+1","White Noise+1","Bite+1","Bite+1","Bite+1","Bite+1","Bite+1","Coolheaded","Loop+1","BootSequence","Capacitor+1","Loop+1","Glacier+1","Capacitor+1","Storm","White Noise+1"],"relics":["Cracked Core","NeowsBlessing","Molten Egg 2","War Paint","MawBank","Turnip","Runic Dome","Nilry\u0027s Codex","Singing Bowl","Cables","Dream Catcher","Thread and Needle","Cursed Key","Bottled Lightning","Calipers","Torii","Art of War","Red Mask"],"potions_floor_usage":[10,16,21,24,28,30,31,39],"damage_taken":[{"damage":0,"enemies":"Cultist","floor":1,"turns":1},{"damage":0,"enemies":"Small Slimes","floor":5,"turns":1},{"damage":0,"enemies":"3 Sentries","floor":6,"turns":1},{"damage":14,"enemies":"Gremlin Nob","floor":10,"turns":3},{"damage":0,"enemies":"2 Louse","floor":12,"turns":2},{"damage":3,"enemies":"Exordium Thugs","floor":13,"turns":3},{"damage":0,"enemies":"Large Slime","floor":14,"turns":3},{"damage":27,"enemies":"Hexaghost","floor":16,"turns":15},{"damage":10,"enemies":"Shell Parasite","floor":18,"turns":6},{"damage":17,"enemies":"Spheric Guardian","floor":22,"turns":4},{"damage":8,"enemies":"Slavers","floor":24,"turns":4},{"damage":18,"enemies":"Snake Plant","floor":27,"turns":5},{"damage":12,"enemies":"Gremlin Leader","floor":28,"turns":5},{"damage":0,"enemies":"Snecko","floor":29,"turns":4},{"damage":34,"enemies":"Slavers","floor":30,"turns":2},{"damage":0,"enemies":"3 Cultists","floor":31,"turns":4},{"damage":0,"enemies":"Champ","floor":33,"turns":14},{"damage":0,"enemies":"3 Shapes","floor":35,"turns":2},{"damage":2,"enemies":"Orb Walker","floor":37,"turns":4},{"damage":24,"enemies":"4 Shapes","floor":39,"turns":4},{"damage":1,"enemies":"Reptomancer","floor":40,"turns":8},{"damage":6,"enemies":"Transient","floor":42,"turns":5},{"damage":3,"enemies":"Jaw Worm Horde","floor":45,"turns":3},{"damage":1,"enemies":"Sphere and 2 Shapes","floor":47,"turns":3},{"damage":41,"enemies":"Time Eater","floor":50,"turns":12}],"seed_played":"4134126174799175710","potions_obtained":[{"floor":1,"key":"SteroidPotion"},{"floor":12,"key":"PowerPotion"},{"floor":16,"key":"Block Potion"},{"floor":21,"key":"FocusPotion"},{"floor":21,"key":"Block Potion"},{"floor":21,"key":"Fruit Juice"},{"floor":24,"key":"Strength Potion"},{"floor":27,"key":"Poison Potion"},{"floor":29,"key":"PowerPotion"},{"floor":30,"key":"SpeedPotion"},{"floor":31,"key":"LiquidBronze"},{"floor":40,"key":"FearPotion"}],"is_trial":false,"path_per_floor":["M","$","?","?","M","E","R","$","T","E","R","M","M","M","R","B",null,"M","?","?","?","M","R","E","R","T","M","E","M","E","M","R","B",null,"M","$","M","?","M","E","R","M","T","R","M","$","M","?","R","B",null],"character_chosen":"DEFECT","items_purchased":["Loop","Go for the Eyes+1","Bottled Lightning","Loop","Torii","Art of War","Storm"],"campfire_rested":0,"item_purchase_floors":[8,8,36,36,46,46,46],"current_hp_per_floor":[75,75,57,75,75,75,75,75,75,61,61,61,58,58,58,31,75,65,52,36,41,42,42,42,42,42,41,43,55,24,30,30,65,65,67,67,67,67,43,62,62,71,71,71,73,73,73,73,73,33],"gold":0,"neow_bonus":"THREE_ENEMY_KILL","is_prod":false,"is_daily":false,"chose_seed":false,"campfire_upgraded":9,"win_rate":0,"timestamp":1554690868,"path_taken":["M","?","?","?","M","E","R","$","T","E","R","M","M","M","R","BOSS","M","?","?","?","?","R","E","R","T","M","E","M","E","M","R","BOSS","M","?","M","?","M","E","R","M","T","R","?","$","M","?","R","BOSS"],"build_version":"2019-01-23","purchased_purges":2,"victory":true,"max_hp_per_floor":[75,75,75,75,75,75,75,75,75,75,75,75,75,75,75,75,75,75,52,52,57,57,57,59,59,59,61,63,63,63,63,63,65,65,67,67,67,67,67,69,69,71,71,71,73,73,73,73,73,73],"card_choices":[{"not_picked":["Static Discharge","FTL"],"picked":"Tempest","floor":1},{"not_picked":["Fusion","White Noise"],"picked":"Glacier","floor":5},{"not_picked":["Heatsinks","Rebound+1"],"picked":"Hologram","floor":6},{"not_picked":["Hologram","Rebound+1"],"picked":"Electrodynamics","floor":10},{"not_picked":["Gash+1","Steam","Rebound+1"],"picked":"SKIP","floor":12},{"not_picked":["Stack","Storm","Go for the Eyes+1"],"picked":"SKIP","floor":13},{"not_picked":["Multi-Cast","Beam Cell+1"],"picked":"Coolheaded","floor":14},{"not_picked":["Rainbow","Amplify"],"picked":"Buffer","floor":16},{"not_picked":["Turbo","FTL+1"],"picked":"White Noise+1","floor":18},{"not_picked":["Rebound+1","Steam"],"picked":"Coolheaded","floor":22},{"not_picked":["Reinforced Body+1","Sweeping Beam+1","Barrage+1"],"picked":"Singing Bowl","floor":24},{"not_picked":["Rip and Tear+1","Storm","Fusion"],"picked":"Singing Bowl","floor":27},{"not_picked":["Steam","Redo","Skim"],"picked":"Singing Bowl","floor":28},{"not_picked":["Hologram","Sweeping Beam+1"],"picked":"Loop","floor":29},{"not_picked":["Darkness","Barrage+1"],"picked":"BootSequence","floor":30},{"not_picked":["Thunder Strike+1","Conserve Battery"],"picked":"Capacitor","floor":31},{"not_picked":["Multi-Cast","Rainbow","Electrodynamics"],"picked":"Singing Bowl","floor":33},{"not_picked":["Sweeping Beam+1","Consume+1","Redo"],"picked":"Singing Bowl","floor":35},{"not_picked":["Fusion","Aggregate"],"picked":"Glacier+1","floor":37},{"not_picked":["FTL+1","White Noise+1"],"picked":"Capacitor","floor":39},{"not_picked":["Lockon+1","Steam+1","Sunder+1"],"picked":"Singing Bowl","floor":40},{"not_picked":["Gash+1","Rip and Tear+1","Heatsinks"],"picked":"Singing Bowl","floor":42},{"not_picked":["Darkness","Conserve Battery+1","Turbo"],"picked":"Singing Bowl","floor":45},{"not_picked":["Streamline+1","Steam+1"],"picked":"White Noise+1","floor":47}],"player_experience":465571,"relics_obtained":[{"floor":6,"key":"War Paint"},{"floor":9,"key":"MawBank"},{"floor":10,"key":"Turnip"},{"floor":20,"key":"Nilry\u0027s Codex"},{"floor":24,"key":"Singing Bowl"},{"floor":26,"key":"Cables"},{"floor":28,"key":"Dream Catcher"},{"floor":30,"key":"Thread and Needle"},{"floor":40,"key":"Calipers"}],"event_choices":[{"damage_healed":0,"gold_gain":0,"player_choice":"Success","damage_taken":18,"relics_obtained":["Molten Egg 2"],"max_hp_gain":0,"max_hp_loss":0,"event_name":"Scrap Ooze","floor":3,"gold_loss":0},{"damage_healed":18,"gold_gain":0,"player_choice":"Healed","damage_taken":0,"max_hp_gain":0,"max_hp_loss":0,"event_name":"The Cleric","floor":4,"gold_loss":35},{"damage_healed":0,"gold_gain":0,"player_choice":"Became a vampire","damage_taken":0,"max_hp_gain":0,"max_hp_loss":23,"event_name":"Vampires","floor":19,"gold_loss":0,"cards_obtained":["Bite","Bite","Bite","Bite","Bite"]},{"damage_healed":0,"gold_gain":0,"player_choice":"Obtained Book","damage_taken":16,"max_hp_gain":0,"max_hp_loss":0,"event_name":"Cursed Tome","floor":20,"gold_loss":0},{"damage_healed":0,"gold_gain":0,"player_choice":"Got Potions","damage_taken":0,"max_hp_gain":0,"max_hp_loss":0,"event_name":"Lab","floor":21,"gold_loss":0},{"damage_healed":0,"gold_gain":300,"player_choice":"Gold","damage_taken":0,"max_hp_gain":0,"max_hp_loss":0,"event_name":"Wheel of Change","floor":38,"gold_loss":0},{"damage_healed":0,"gold_gain":0,"player_choice":"Paid","damage_taken":0,"relics_obtained":["Red Mask"],"max_hp_gain":0,"max_hp_loss":0,"event_name":"Tomb of Lord Red Mask","floor":48,"gold_loss":243}],"is_beta":false,"boss_relics":[{"not_picked":["White Beast Statue","Velvet Choker"],"picked":"Runic Dome"},{"not_picked":["Nuclear Battery","Pandora\u0027s Box"],"picked":"Cursed Key"}],"items_purged_floors":[36,46],"is_endless":false,"potions_floor_spawned":[1,12,16,24,27,29,30,31,40,42],"ascension_level":2}