{"gold_per_floor":[111,111,111,126,20,55,55,55,55,55,71,89,104,120,120,120],"floor_reached":16,"playtime":308,"items_purged":[],"score":254,"play_id":"8dfa1080-31b6-4fda-87f0-a8a1c4769e98","local_time":"20190428013624","is_ascension_mode":true,"campfire_choices":[{"data":"Rampage","floor":7.0,"key":"SMITH"},{"data":"Burning Pact","floor":10.0,"key":"SMITH"},{"data":"Rampage","floor":15.0,"key":"SMITH"}],"neow_cost":"NONE","seed_source_timestamp":183804316970500,"circlet_count":0,"master_deck":["AscendersBane","Strike_R","Strike_R","Strike_R","Strike_R","Strike_R","Defend_R","Defend_R","Defend_R","Defend_R","Bash","Burning Pact+1","Seeing Red","Cleave","Sword Boomerang","Rampage+1","Headbutt","Rampage+1"],"special_seed":0,"relics":["Burning Blood","NeowsBlessing","Golden Idol","Oddly Smooth Stone","Turnip","Self Forming Clay"],"potions_floor_usage":[16],"damage_taken":[{"damage":0.0,"enemies":"Jaw Worm","floor":1.0,"turns":1.0},{"damage":0.0,"enemies":"Small Slimes","floor":4.0,"turns":1.0},{"damage":0.0,"enemies":"Lagavulin","floor":6.0,"turns":1.0},{"damage":0.0,"enemies":"Cultist","floor":11.0,"turns":3.0},{"damage":20.0,"enemies":"Lots of Slimes","floor":12.0,"turns":4.0},{"damage":0.0,"enemies":"2 Fungi Beasts","floor":13.0,"turns":3.0},{"damage":9.0,"enemies":"Blue Slaver","floor":14.0,"turns":5.0},{"damage":62,"enemies":"Hexaghost","floor":16,"turns":9}],"seed_played":"8942073250925728907","potions_obtained":[{"floor":1.0,"key":"PowerPotion"},{"floor":4.0,"key":"Fruit Juice"},{"floor":13.0,"key":"Explosive Potion"}],"is_trial":false,"path_per_floor":["M","?","T","M","$","E","R","?","T","R","M","M","M","M","R","B"],"character_chosen":"IRONCLAD","items_purchased":["Cleave","Sword Boomerang"],"campfire_rested":0,"item_purchase_floors":[5,5],"current_hp_per_floor":[74,68,68,68,68,68,68,64,64,64,73,59,65,62,62,0],"gold":120,"neow_bonus":"THREE_ENEMY_KILL","is_prod":false,"is_daily":false,"chose_seed":false,"campfire_upgraded":3,"win_rate":0,"timestamp":1556408184,"path_taken":["M","?","?","?","$","E","R","?","T","R","M","M","M","?","R","BOSS"],"build_version":"2019-01-23","purchased_purges":0,"victory":false,"max_hp_per_floor":[75,68,68,68,68,68,68,68,68,68,73,73,73,73,73,73],"card_choices":[{"not_picked":["Sever Soul","Flex"],"picked":"Burning Pact","floor":1.0},{"not_picked":["Iron Wave","Body Slam"],"picked":"Seeing Red","floor":4.0},{"not_picked":["Disarm","Seeing Red"],"picked":"Rampage","floor":6.0},{"not_picked":["Dropkick","Infernal Blade","Clash"],"picked":"SKIP","floor":11.0},{"not_picked":["Sword Boomerang","Thunderclap","Bloodletting"],"picked":"SKIP","floor":12.0},{"not_picked":["Searing Blow","Clash"],"picked":"Headbutt","floor":13.0},{"not_picked":["Perfected Strike","Fire Breathing"],"picked":"Rampage","floor":14.0}],"player_experience":610276,"relics_obtained":[{"floor":3.0,"key":"Oddly Smooth Stone"},{"floor":6.0,"key":"Turnip"},{"floor":9.0,"key":"Self Forming Clay"}],"event_choices":[{"damage_healed":0.0,"max_hp_gain":0.0,"max_hp_loss":7.0,"gold_gain":0.0,"event_name":"Golden Idol","player_choice":"Lose Max HP","floor":2.0,"gold_loss":0.0,"damage_taken":0.0,"relics_obtained":["Golden Idol"]},{"damage_healed":0.0,"max_hp_gain":0.0,"max_hp_loss":0.0,"gold_gain":0.0,"event_name":"The Woman in Blue","player_choice":"Bought 0 Potions","floor":8.0,"gold_loss":0.0,"damage_taken":0.0}],"is_beta":false,"boss_relics":[],"items_purged_floors":[],"is_endless":false,"potions_floor_spawned":[1,4,13,14],"killed_by":"Hexaghost","ascension_level":20}