{"gold_per_floor":[20,33,33,49,60,60,85,85,108,108,120,5,23,55,55,150,150,166,183,183,183,195,225,75,75,101,101,101,101,101,126,126,225,225,241,251,94,94,68,94,94,111,111,111,130,150,204,204,204,204],"floor_reached":51,"playtime":3026,"items_purged":["Strike_R"],"score":757,"play_id":"78ce4434-5d01-436f-a663-fca400ddd7f3","local_time":"20190414173135","is_ascension_mode":true,"campfire_choices":[{"data":"Bash","floor":6,"key":"SMITH"},{"data":"Spot Weakness","floor":8,"key":"SMITH"},{"data":"Shrug It Off","floor":10,"key":"SMITH"},{"data":"Anger","floor":15,"key":"SMITH"},{"data":"Bludgeon","floor":28,"key":"SMITH"},{"data":"Reaper","floor":32,"key":"SMITH"},{"data":"Armaments","floor":41,"key":"SMITH"},{"data":"Reaper","floor":44,"key":"SMITH"},{"data":"Shrug It Off","floor":49,"key":"SMITH"}],"neow_cost":"NO_GOLD","seed_source_timestamp":103308813794498,"circlet_count":0,"master_deck":["Strike_R","Strike_R","Strike_R","Strike_R","Defend_R","Defend_R","Defend_R","Defend_R","Bash+1","Shockwave+1","Shrug It Off+1","Spot Weakness+1","Anger+1","Headbutt","Inflame","Dropkick","Battle Trance","Exhume","Shockwave+1","Armaments+1","Bludgeon+1","Reaper+1","Reaper+1","Barricade","Shrug It Off+1","Seeing Red+1","Heavy Blade+1"],"relics":["Burning Blood","Centennial Puzzle","Juzu Bracelet","Bronze Scales","Snecko Eye","Art of War","Vajra","Omamori","Enchiridion","Dodecahedron","Letter Opener","Busted Crown","Lantern","Pantograph","Mercury Hourglass","StoneCalendar","Kunai"],"potions_floor_usage":[50],"damage_taken":[{"damage":6,"enemies":"Jaw Worm","floor":1,"turns":5},{"damage":1,"enemies":"Cultist","floor":2,"turns":3},{"damage":0,"enemies":"Small Slimes","floor":4,"turns":3},{"damage":3,"enemies":"Red Slaver","floor":5,"turns":6},{"damage":31,"enemies":"3 Sentries","floor":7,"turns":11},{"damage":3,"enemies":"Exordium Wildlife","floor":11,"turns":5},{"damage":10,"enemies":"Lots of Slimes","floor":13,"turns":5},{"damage":10,"enemies":"Lagavulin","floor":14,"turns":6},{"damage":21,"enemies":"Slime Boss","floor":16,"turns":8},{"damage":0,"enemies":"3 Byrds","floor":18,"turns":4},{"damage":10,"enemies":"Shell Parasite","floor":19,"turns":3},{"damage":3,"enemies":"Cultist and Chosen","floor":22,"turns":5},{"damage":18,"enemies":"Gremlin Leader","floor":23,"turns":5},{"damage":13,"enemies":"Book of Stabbing","floor":31,"turns":3},{"damage":18,"enemies":"Collector","floor":33,"turns":5},{"damage":7,"enemies":"3 Darklings","floor":35,"turns":3},{"damage":5,"enemies":"3 Shapes","floor":36,"turns":3},{"damage":18,"enemies":"Reptomancer","floor":40,"turns":4},{"damage":0,"enemies":"Transient","floor":42,"turns":5},{"damage":3,"enemies":"4 Shapes","floor":45,"turns":1},{"damage":19,"enemies":"3 Darklings","floor":46,"turns":3},{"damage":8,"enemies":"2 Orb Walkers","floor":47,"turns":3},{"damage":62,"enemies":"Donu and Deca","floor":50,"turns":9}],"seed_played":"-3604127501040057102","potions_obtained":[{"floor":1,"key":"Ancient Potion"},{"floor":2,"key":"Block Potion"},{"floor":13,"key":"Block Potion"},{"floor":23,"key":"GamblersBrew"},{"floor":33,"key":"Regen Potion"},{"floor":45,"key":"EssenceOfSteel"}],"is_trial":false,"path_per_floor":["M","M","?","M","M","R","E","R","T","R","M","$","M","E","R","B",null,"M","M","?","?","M","E","$","$","T","?","R","?","?","E","R","B",null,"M","M","$","?","$","E","R","M","T","R","M","M","?","T","R","B",null],"character_chosen":"IRONCLAD","items_purchased":["Headbutt","Inflame","Reaper","Lantern","Shrug It Off"],"campfire_rested":0,"item_purchase_floors":[12,12,24,37,39],"current_hp_per_floor":[96,96,96,96,96,96,71,71,71,71,74,74,70,66,66,51,96,96,92,92,92,95,83,83,83,83,67,67,67,67,90,90,96,96,96,96,96,96,96,85,85,96,96,96,96,96,94,94,94,71],"gold":204,"neow_bonus":"TWENTY_PERCENT_HP_BONUS","is_prod":false,"is_daily":false,"chose_seed":false,"campfire_upgraded":9,"win_rate":0,"timestamp":1555277495,"path_taken":["M","M","?","?","M","R","E","R","T","R","M","$","M","E","R","BOSS","M","M","?","?","M","E","?","$","T","?","R","?","?","E","R","BOSS","M","M","$","?","$","E","R","M","T","R","M","M","?","?","R","BOSS"],"build_version":"2019-01-23","purchased_purges":1,"victory":true,"max_hp_per_floor":[96,96,96,96,96,96,96,96,96,96,96,96,96,96,96,96,96,96,96,96,96,96,96,96,96,96,96,96,96,96,96,96,96,96,96,96,96,96,96,96,96,96,96,96,96,96,96,96,96,96],"card_choices":[{"not_picked":["Second Wind","Burning Pact"],"picked":"Shockwave","floor":1},{"not_picked":["Heavy Blade","Feel No Pain"],"picked":"Shrug It Off","floor":2},{"not_picked":["Havoc","Reckless Charge","Sever Soul"],"picked":"SKIP","floor":4},{"not_picked":["Flex","Sword Boomerang","Entrench"],"picked":"SKIP","floor":5},{"not_picked":["Hemokinesis","Thunderclap"],"picked":"Spot Weakness","floor":7},{"not_picked":["Evolve","Cleave"],"picked":"Anger","floor":11},{"not_picked":["Bloodletting","Flex"],"picked":"Dropkick","floor":13},{"not_picked":["Seeing Red","Searing Blow"],"picked":"Battle Trance","floor":14},{"not_picked":["Fiend Fire","Barricade"],"picked":"Exhume","floor":16},{"not_picked":["Warcry","Pommel Strike","True Grit"],"picked":"SKIP","floor":18},{"not_picked":["Flex+1","Ghostly Armor"],"picked":"Shockwave","floor":19},{"not_picked":["Iron Wave","Thunderclap"],"picked":"Armaments","floor":22},{"not_picked":["Body Slam+1","Perfected Strike+1"],"picked":"Bludgeon","floor":23},{"not_picked":["Blood for Blood","Sword Boomerang","Perfected Strike"],"picked":"SKIP","floor":31},{"not_picked":["Feed","Immolate"],"picked":"Barricade","floor":33},{"not_picked":["Body Slam"],"picked":"SKIP","floor":35},{"not_picked":["Thunderclap"],"picked":"SKIP","floor":36},{"not_picked":["Clash"],"picked":"SKIP","floor":40},{"not_picked":["Cleave"],"picked":"SKIP","floor":42},{"not_picked":[],"picked":"Seeing Red+1","floor":45},{"not_picked":[],"picked":"Heavy Blade+1","floor":46}],"player_experience":126356,"relics_obtained":[{"floor":7,"key":"Centennial Puzzle"},{"floor":9,"key":"Juzu Bracelet"},{"floor":14,"key":"Bronze Scales"},{"floor":23,"key":"Vajra"},{"floor":26,"key":"Omamori"},{"floor":27,"key":"Enchiridion"},{"floor":30,"key":"Dodecahedron"},{"floor":31,"key":"Letter Opener"},{"floor":40,"key":"Pantograph"},{"floor":43,"key":"Mercury Hourglass"},{"floor":47,"key":"StoneCalendar"},{"floor":48,"key":"Kunai"}],"event_choices":[{"damage_healed":0,"gold_gain":0,"player_choice":"Forge","damage_taken":0,"max_hp_gain":0,"max_hp_loss":0,"event_name":"Accursed Blacksmith","floor":3,"gold_loss":0,"cards_upgraded":["Shockwave"]},{"damage_healed":0,"gold_gain":0,"player_choice":"Upgraded","damage_taken":0,"max_hp_gain":0,"max_hp_loss":0,"event_name":"Upgrade Shrine","floor":20,"gold_loss":0,"cards_upgraded":["Shockwave"]},{"damage_healed":0,"gold_gain":0,"player_choice":"Gave Potion","damage_taken":0,"relics_obtained":["Art of War"],"max_hp_gain":0,"max_hp_loss":0,"event_name":"WeMeetAgain","floor":21,"gold_loss":0},{"damage_healed":0,"gold_gain":0,"player_choice":"Obtained Book","damage_taken":16,"max_hp_gain":0,"max_hp_loss":0,"event_name":"Cursed Tome","floor":27,"gold_loss":0},{"damage_healed":0,"gold_gain":0,"player_choice":"Copied","damage_taken":0,"max_hp_gain":0,"max_hp_loss":0,"event_name":"Duplicator","floor":29,"gold_loss":0,"cards_obtained":["Reaper"]},{"damage_healed":0,"gold_gain":0,"player_choice":"Relic","damage_taken":0,"max_hp_gain":0,"max_hp_loss":0,"event_name":"Wheel of Change","floor":30,"gold_loss":0},{"damage_healed":0,"gold_gain":0,"player_choice":"Memory 1","damage_taken":0,"max_hp_gain":0,"max_hp_loss":0,"event_name":"SensoryStone","floor":38,"gold_loss":0},{"damage_healed":0,"gold_gain":0,"player_choice":"Fight","damage_taken":0,"max_hp_gain":0,"max_hp_loss":0,"event_name":"Mysterious Sphere","floor":47,"gold_loss":0}],"is_beta":false,"boss_relics":[{"not_picked":["Astrolabe","Orrery"],"picked":"Snecko Eye"},{"not_picked":["Black Star","Runic Pyramid"],"picked":"Busted Crown"}],"items_purged_floors":[24],"is_endless":false,"potions_floor_spawned":[1,2,13,14,16,23,33,35,45,47],"ascension_level":1}