{"gold_per_floor":[116,116,216,228,403,403,415,433,433,461,461,480,430,443,443,547,547,557,102,102,118,130,130,143,173,196,196,196,208,208,219,219,320,320,333,345,25,0,18,18,48,62,138,238,269,269,269,279,279,279],"floor_reached":50,"playtime":2660,"items_purged":["Doubt","Strike_B"],"score":600,"play_id":"66cc94c7-e889-4fe6-864f-e1d3f7a7230a","local_time":"20181002161923","is_ascension_mode":true,"campfire_choices":[{"data":"Conserve Battery","floor":6,"key":"SMITH"},{"floor":11,"key":"REST"},{"data":"Go for the Eyes","floor":15,"key":"SMITH"},{"data":"Barrage","floor":23,"key":"SMITH"},{"data":"Streamline","floor":30,"key":"SMITH"},{"floor":32,"key":"REST"},{"data":"Barrage","floor":40,"key":"SMITH"},{"data":"Conserve Battery","floor":49,"key":"SMITH"}],"neow_cost":"NONE","seed_source_timestamp":244988723530017,"circlet_count":0,"master_deck":["Strike_B+1","Strike_B+1","Defend_B+1","Defend_B+1","Defend_B+1","Defend_B+1","Zap+1","Dualcast+1","Ball Lightning+1","Conserve Battery+1","Streamline+1","Capacitor+1","Go for the Eyes+1","Biased Cognition+1","Conserve Battery+1","Barrage+1","Go for the Eyes+1","Conserve Battery+1","Cold Snap+1","Storm+1","Electrodynamics+1","Barrage+1","Barrage+1","Electrodynamics+1","Stack+1","White Noise+1","Defragment+1","Capacitor+1","Undo+1","Defragment+1","Conserve Battery+1"],"relics":["Cracked Core","Gremlin Horn","Frozen Egg 2","Nuclear Battery","Mercury Hourglass","Pen Nib","Juzu Bracelet","Black Star","Anchor","Red Mask","Prayer Wheel","FossilizedHelix","Ornamental Fan","Bag of Preparation","Regal Pillow","WingedGreaves","Mark of the Bloom"],"potions_floor_usage":[16,16,33,33,45,50,50],"damage_taken":[{"damage":6,"enemies":"Jaw Worm","floor":1,"turns":3},{"damage":0,"enemies":"2 Louse","floor":4,"turns":2},{"damage":6,"enemies":"Cultist","floor":7,"turns":3},{"damage":16,"enemies":"Exordium Thugs","floor":8,"turns":4},{"damage":25,"enemies":"Gremlin Nob","floor":10,"turns":4},{"damage":0,"enemies":"2 Fungi Beasts","floor":12,"turns":2},{"damage":0,"enemies":"Large Slime","floor":14,"turns":3},{"damage":33,"enemies":"The Guardian","floor":16,"turns":13},{"damage":12,"enemies":"Shell Parasite","floor":18,"turns":6},{"damage":11,"enemies":"2 Thieves","floor":21,"turns":4},{"damage":10,"enemies":"Cultist and Chosen","floor":22,"turns":6},{"damage":0,"enemies":"Chosen and Byrds","floor":24,"turns":3},{"damage":4,"enemies":"Gremlin Leader","floor":25,"turns":6},{"damage":17,"enemies":"Colosseum Slavers","floor":27,"turns":3},{"damage":0,"enemies":"Centurion and Healer","floor":29,"turns":2},{"damage":0,"enemies":"Snecko","floor":31,"turns":4},{"damage":56,"enemies":"Champ","floor":33,"turns":7},{"damage":8,"enemies":"Orb Walker","floor":35,"turns":3},{"damage":2,"enemies":"3 Shapes","floor":36,"turns":2},{"damage":0,"enemies":"3 Darklings","floor":39,"turns":2},{"damage":16,"enemies":"2 Orb Walkers","floor":41,"turns":3},{"damage":5,"enemies":"Spire Growth","floor":42,"turns":4},{"damage":3,"enemies":"Nemesis","floor":45,"turns":7},{"damage":0,"enemies":"Maw","floor":48,"turns":4},{"damage":63,"enemies":"Time Eater","floor":50,"turns":6}],"seed_played":"-5781421913629358919","potions_obtained":[{"floor":7,"key":"Ancient Potion"},{"floor":10,"key":"Ancient Potion"},{"floor":12,"key":"Energy Potion"},{"floor":16,"key":"SteroidPotion"},{"floor":18,"key":"FocusPotion"},{"floor":36,"key":"Regen Potion"},{"floor":39,"key":"SteroidPotion"},{"floor":48,"key":"AttackPotion"}],"is_trial":false,"path_per_floor":["M","?","?","M","?","R","M","M","T","E","R","M","?","M","R","B",null,"M","$","?","M","M","R","M","E","T","?","?","M","R","M","R","B",null,"M","M","$","?","M","R","E","M","T","?","E","T","?","M","R"],"character_chosen":"DEFECT","items_purchased":["Mercury Hourglass","Regen Potion","Barrage","Anchor","Defragment+1"],"campfire_rested":2,"item_purchase_floors":[19,19,19,37,37],"current_hp_per_floor":[76,60,60,60,60,60,54,38,38,13,37,37,37,37,37,4,82,70,70,70,59,49,49,49,45,45,28,28,28,28,28,52,10,82,74,72,72,72,72,72,56,51,51,51,62,62,62,62,62,0],"gold":279,"neow_bonus":"TEN_PERCENT_HP_BONUS","is_prod":false,"is_daily":false,"chose_seed":false,"campfire_upgraded":6,"win_rate":0,"timestamp":1538489963,"path_taken":["M","?","?","M","?","R","M","?","T","E","R","M","?","M","R","BOSS","M","$","?","M","?","R","M","E","T","?","?","M","R","M","R","BOSS","M","M","$","?","M","R","E","M","T","?","E","?","?","M","R","BOSS"],"build_version":"2018-09-27","purchased_purges":2,"victory":false,"max_hp_per_floor":[82,82,82,82,82,82,82,82,82,82,82,82,82,82,82,82,82,82,82,82,82,82,82,82,82,82,82,82,82,82,82,82,82,82,82,82,82,82,82,82,82,82,82,82,82,82,82,82,82,82],"card_choices":[{"not_picked":["Sweeping Beam","Streamline"],"picked":"Ball Lightning","floor":1},{"not_picked":["Heatsinks","Turbo"],"picked":"Conserve Battery","floor":4},{"not_picked":["Redo","Scrape","Rebound"],"picked":"SKIP","floor":7},{"not_picked":["Steam Power","Aggregate"],"picked":"Streamline","floor":8},{"not_picked":["Fission","Gash","Streamline"],"picked":"SKIP","floor":10},{"not_picked":["Go for the Eyes","Compile Driver"],"picked":"Capacitor+1","floor":12},{"not_picked":["Gash","Seek"],"picked":"Go for the Eyes","floor":14},{"not_picked":["Seek","Core Surge"],"picked":"Biased Cognition+1","floor":16},{"not_picked":["Cold Snap","Rip and Tear"],"picked":"Conserve Battery+1","floor":18},{"not_picked":["Genetic Algorithm+1","Sweeping Beam"],"picked":"Conserve Battery+1","floor":21},{"not_picked":["Gash","Barrage+1"],"picked":"Cold Snap","floor":22},{"not_picked":["Reprogram","Cold Snap"],"picked":"Storm+1","floor":24},{"not_picked":["Leap","Auto Shields"],"picked":"Electrodynamics+1","floor":25},{"not_picked":["Coolheaded+1","Beam Cell"],"picked":"Barrage+1","floor":29},{"not_picked":["Beam Cell","Capacitor+1"],"picked":"Barrage","floor":31},{"not_picked":["Meteor Strike","Rainbow"],"picked":"Electrodynamics+1","floor":33},{"not_picked":["Barrage","Fusion"],"picked":"Stack","floor":35},{"not_picked":["Compile Driver","Rebound"],"picked":"White Noise+1","floor":36},{"not_picked":["Sweeping Beam","Chaos+1","Hologram"],"picked":"SKIP","floor":39},{"not_picked":["Go for the Eyes+1","Gash","Hologram+1"],"picked":"SKIP","floor":41},{"not_picked":["Reinforced Body","BootSequence+1"],"picked":"Capacitor+1","floor":42},{"not_picked":["Redo","Gash"],"picked":"Undo+1","floor":42},{"not_picked":["Hologram+1","All For One"],"picked":"Defragment+1","floor":45},{"not_picked":["Skim","Beam Cell+1"],"picked":"Conserve Battery","floor":48},{"not_picked":["Rebound","Redo+1","Defragment+1"],"picked":"SKIP","floor":48}],"player_experience":109574,"relics_obtained":[{"floor":9,"key":"Gremlin Horn"},{"floor":10,"key":"Frozen Egg 2"},{"floor":25,"key":"Pen Nib"},{"floor":26,"key":"Juzu Bracelet"},{"floor":41,"key":"Prayer Wheel"},{"floor":41,"key":"FossilizedHelix"},{"floor":43,"key":"Ornamental Fan"},{"floor":45,"key":"Bag of Preparation"},{"floor":45,"key":"Regal Pillow"},{"floor":46,"key":"WingedGreaves"}],"event_choices":[{"event_name":"Shining Light","player_choice":"Entered Light","floor":2,"damage_taken":0},{"event_name":"Golden Shrine","player_choice":"Pray","floor":3,"damage_taken":0},{"event_name":"Liars Game","player_choice":"agreed","floor":5,"damage_taken":0},{"event_name":"The Cleric","player_choice":"Card Removal","floor":13,"damage_taken":0},{"event_name":"Duplicator","player_choice":"One dupe","floor":20,"damage_taken":0},{"event_name":"Colosseum","player_choice":"Fight","floor":27,"damage_taken":0},{"event_name":"Colosseum","player_choice":"Fled From Nobs","floor":27,"damage_taken":0},{"event_name":"Ghosts","player_choice":"Ignored","floor":28,"damage_taken":0},{"event_name":"Tomb of Lord Red Mask","player_choice":"Paid","floor":38,"damage_taken":0},{"event_name":"Golden Shrine","player_choice":"Pray","floor":44,"damage_taken":0},{"event_name":"MindBloom","player_choice":"Upgrade","floor":47,"damage_taken":0}],"is_beta":false,"boss_relics":[{"not_picked":["Orrery","Inserter"],"picked":"Nuclear Battery"},{"not_picked":["Calling Bell","Tiny House"],"picked":"Black Star"}],"items_purged_floors":[19,37],"is_endless":false,"potions_floor_spawned":[7,10,12,14,16,18,24,27,29,31,36,39,48],"killed_by":"Time Eater","ascension_level":1}