{"gold_per_floor":[113,113,263,277,6,41,41,41,41,56,56,1,1,26,26,122,122,135,135,6,6,6,6,49,49,49,73,73,87,101,121,121,121],"floor_reached":33,"playtime":1370,"items_purged":["Doubt"],"score":551,"play_id":"58e2d55c-f8c0-498b-9756-fe407eb46555","local_time":"20190325235628","is_ascension_mode":true,"campfire_choices":[{"data":"Whirlwind","floor":7,"key":"SMITH"},{"data":"Bash","floor":11,"key":"SMITH"},{"data":"Shrug It Off","floor":13,"key":"SMITH"},{"data":"Disarm","floor":15,"key":"SMITH"},{"data":"Heavy Blade","floor":23,"key":"SMITH"},{"data":"Feed","floor":25,"key":"SMITH"},{"data":"Shrug It Off","floor":28,"key":"SMITH"},{"floor":32,"key":"REST"}],"neow_cost":"TEN_PERCENT_HP_LOSS","seed_source_timestamp":594032435793835,"circlet_count":0,"master_deck":["AscendersBane","Defend_R","Defend_R","Defend_R+1","Bash+1","Spot Weakness","Cleave","Shrug It Off+1","Disarm+1","Whirlwind+1","Pummel","Shrug It Off+1","Feed+1","Heavy Blade+1","Shrug It Off+1","Bite","Bite","Bite","Bite","Inflame","Shockwave+1","Warcry","Battle Trance"],"relics":["Burning Blood","Golden Idol","Dream Catcher","Bronze Scales","Cursed Key","MutagenicStrength","Lantern","Ornamental Fan"],"potions_floor_usage":[6,16,24,24,33,33],"damage_taken":[{"damage":14,"enemies":"Small Slimes","floor":1,"turns":5},{"damage":13,"enemies":"2 Louse","floor":4,"turns":4},{"damage":15,"enemies":"3 Sentries","floor":6,"turns":4},{"damage":2,"enemies":"Jaw Worm","floor":10,"turns":3},{"damage":4,"enemies":"Large Slime","floor":14,"turns":5},{"damage":29,"enemies":"Hexaghost","floor":16,"turns":11},{"damage":30,"enemies":"Spheric Guardian","floor":18,"turns":8},{"damage":19,"enemies":"Slavers","floor":24,"turns":5},{"damage":0,"enemies":"3 Byrds","floor":27,"turns":3},{"damage":13,"enemies":"Centurion and Healer","floor":29,"turns":5},{"damage":24,"enemies":"Cultist and Chosen","floor":30,"turns":8},{"damage":20,"enemies":"Snake Plant","floor":31,"turns":2},{"damage":70,"enemies":"Automaton","floor":33,"turns":8}],"seed_played":"-5570410615382404939","potions_obtained":[{"floor":4,"key":"AttackPotion"},{"floor":6,"key":"PowerPotion"},{"floor":16,"key":"Block Potion"},{"floor":27,"key":"EssenceOfSteel"},{"floor":29,"key":"AttackPotion"}],"is_trial":false,"path_per_floor":["M","?","?","M","$","E","R","?","T","M","R","$","R","M","R","B",null,"M","?","$","?","?","R","E","R","T","M","R","M","M","M","R","B"],"character_chosen":"IRONCLAD","items_purchased":["Shrug It Off","Disarm","Whirlwind","Swift Potion","Shrug It Off","Regen Potion"],"campfire_rested":1,"item_purchase_floors":[5,5,5,12,20,20],"current_hp_per_floor":[60,60,60,53,53,44,44,25,25,29,29,29,29,31,31,8,49,28,28,28,28,28,28,42,42,42,52,52,56,44,36,54,0],"gold":121,"neow_bonus":"REMOVE_TWO","is_prod":false,"is_daily":false,"chose_seed":false,"campfire_upgraded":7,"win_rate":0,"timestamp":1553525788,"path_taken":["M","?","?","M","$","E","R","?","T","M","R","?","R","M","R","BOSS","M","?","$","?","?","R","E","R","T","M","R","M","M","M","R","BOSS"],"build_version":"2019-01-23","purchased_purges":1,"victory":false,"max_hp_per_floor":[68,62,62,62,62,62,62,62,62,62,62,62,62,62,62,62,62,65,65,65,45,45,45,48,48,48,52,52,56,60,60,60,60],"card_choices":[{"not_picked":["Flex","Warcry"],"picked":"Spot Weakness","floor":1},{"not_picked":["True Grit","Perfected Strike"],"picked":"Cleave","floor":4},{"not_picked":["Combust","Feel No Pain"],"picked":"Pummel","floor":6},{"not_picked":["Pummel","Anger"],"picked":"Shrug It Off","floor":10},{"not_picked":["Searing Blow","Flex","Berserk"],"picked":"SKIP","floor":14},{"not_picked":["Barricade","Impervious"],"picked":"Feed","floor":16},{"not_picked":["Cleave+1","Intimidate"],"picked":"Heavy Blade","floor":18},{"not_picked":["Rupture","Corruption"],"picked":"Inflame","floor":24},{"not_picked":["Fire Breathing","Burning Pact+1"],"picked":"Shockwave+1","floor":27},{"not_picked":["Pommel Strike","Anger"],"picked":"Warcry","floor":29},{"not_picked":["Cleave","Burning Pact","Pommel Strike"],"picked":"SKIP","floor":30},{"not_picked":["Rupture","Sword Boomerang","Wild Strike+1"],"picked":"SKIP","floor":31},{"not_picked":["Corruption","Rage"],"picked":"Battle Trance","floor":32}],"player_experience":792616,"relics_obtained":[{"floor":6,"key":"Dream Catcher"},{"floor":9,"key":"Bronze Scales"},{"floor":24,"key":"Ornamental Fan"}],"event_choices":[{"damage_healed":0,"gold_gain":0,"player_choice":"Lose Max HP","damage_taken":0,"relics_obtained":["Golden Idol"],"max_hp_gain":0,"max_hp_loss":6,"event_name":"Golden Idol","floor":2,"gold_loss":0},{"damage_healed":0,"gold_gain":150,"player_choice":"AGREE","damage_taken":0,"max_hp_gain":0,"max_hp_loss":0,"event_name":"Liars Game","floor":3,"gold_loss":0,"cards_obtained":["Doubt"]},{"damage_healed":0,"gold_gain":0,"player_choice":"Entered Light","damage_taken":19,"max_hp_gain":0,"max_hp_loss":0,"event_name":"Shining Light","floor":8,"gold_loss":0,"cards_upgraded":["Defend_R","Shrug It Off"]},{"damage_healed":0,"gold_gain":0,"player_choice":"Inject Mutagens","damage_taken":0,"relics_obtained":["MutagenicStrength"],"max_hp_gain":0,"max_hp_loss":0,"event_name":"Drug Dealer","floor":19,"gold_loss":0},{"damage_healed":0,"gold_gain":0,"player_choice":"Became a vampire","damage_taken":0,"max_hp_gain":0,"max_hp_loss":20,"event_name":"Vampires","floor":21,"gold_loss":0,"cards_obtained":["Bite","Bite","Bite","Bite","Bite"]},{"cards_removed":["Bite"],"damage_healed":0,"gold_gain":0,"player_choice":"Gave Card","damage_taken":0,"relics_obtained":["Lantern"],"max_hp_gain":0,"max_hp_loss":0,"event_name":"WeMeetAgain","floor":22,"gold_loss":0}],"is_beta":false,"boss_relics":[{"not_picked":["Busted Crown","Coffee Dripper"],"picked":"Cursed Key"}],"items_purged_floors":[5],"is_endless":false,"potions_floor_spawned":[4,6,16,18,27,29],"killed_by":"Automaton","ascension_level":20}