{"gold_per_floor":[109,120,45,63,79,79,113,132,132,282,282],"floor_reached":11,"playtime":324,"items_purged":["Defend_B"],"score":146,"play_id":"6dd9962e-a84d-434d-a6f8-653b99b48968","local_time":"20190409002107","is_ascension_mode":true,"campfire_choices":[{"data":"Reinforced Body","floor":6,"key":"SMITH"}],"neow_cost":"PERCENT_DAMAGE","seed_source_timestamp":781642378316500,"circlet_count":0,"master_deck":["AscendersBane","Strike_B","Strike_B","Strike_B","Defend_B","Defend_B","Zap","Dualcast","Conserve Battery","Conserve Battery","Reinforced Body+1","Defragment","Doubt"],"relics":["Cracked Core","Thread and Needle","Gremlin Horn"],"potions_floor_usage":[11],"damage_taken":[{"damage":1,"enemies":"Cultist","floor":1,"turns":3},{"damage":5,"enemies":"Small Slimes","floor":2,"turns":3},{"damage":0,"enemies":"2 Louse","floor":4,"turns":2},{"damage":0,"enemies":"Red Slaver","floor":5,"turns":3},{"damage":17,"enemies":"Lagavulin","floor":7,"turns":9},{"damage":3,"enemies":"Exordium Thugs","floor":8,"turns":7},{"damage":20,"enemies":"Gremlin Nob","floor":11,"turns":4}],"seed_played":"8719912488241549647","potions_obtained":[{"floor":5,"key":"EssenceOfSteel"},{"floor":8,"key":"Explosive Potion"}],"is_trial":false,"path_per_floor":["M","M","$","M","M","R","E","M","T","?","E"],"character_chosen":"DEFECT","items_purchased":[],"campfire_rested":0,"item_purchase_floors":[],"current_hp_per_floor":[45,40,40,40,40,40,23,20,20,20,0],"gold":282,"neow_bonus":"REMOVE_TWO","is_prod":false,"is_daily":false,"chose_seed":false,"campfire_upgraded":1,"win_rate":0,"timestamp":1554762067,"path_taken":["M","M","$","M","?","R","E","M","T","?","E"],"build_version":"2019-01-23","purchased_purges":1,"victory":false,"max_hp_per_floor":[71,71,71,71,71,71,71,71,71,71,71],"card_choices":[{"not_picked":["Melter","Blizzard"],"picked":"Conserve Battery","floor":1},{"not_picked":["Beam Cell","Steam Power"],"picked":"Conserve Battery","floor":2},{"not_picked":["Scrape","Genetic Algorithm"],"picked":"Reinforced Body","floor":4},{"not_picked":["Sweeping Beam","Compile Driver","Beam Cell"],"picked":"SKIP","floor":5},{"not_picked":["Storm","Static Discharge","Compile Driver"],"picked":"SKIP","floor":7},{"not_picked":["Steam","Loop"],"picked":"Defragment","floor":8}],"player_experience":520707,"relics_obtained":[{"floor":7,"key":"Thread and Needle"},{"floor":9,"key":"Gremlin Horn"}],"event_choices":[{"damage_healed":0,"gold_gain":150,"player_choice":"AGREE","damage_taken":0,"max_hp_gain":0,"max_hp_loss":0,"event_name":"Liars Game","floor":10,"gold_loss":0,"cards_obtained":["Doubt"]}],"is_beta":false,"boss_relics":[],"items_purged_floors":[3],"is_endless":false,"potions_floor_spawned":[5,8],"killed_by":"Gremlin Nob","ascension_level":19}