{"gold_per_floor":[110,110,127,147,222,249,249,249,331,331,311,311,326,345,345,345],"floor_reached":16,"playtime":391,"items_purged":[],"score":195,"play_id":"b569e6b6-29dd-4575-9d8c-be94bc49c7ed","local_time":"20190319202728","is_ascension_mode":true,"campfire_choices":[{"data":"Inflame","floor":7,"key":"SMITH"},{"data":"Clothesline","floor":10,"key":"SMITH"},{"floor":12,"key":"REST"},{"data":"Anger","floor":15,"key":"SMITH"}],"neow_cost":"NONE","seed_source_timestamp":515361656240700,"circlet_count":0,"master_deck":["AscendersBane","Strike_R","Strike_R","Strike_R","Strike_R","Strike_R","Defend_R","Defend_R","Defend_R","Defend_R","Bash","Cleave","Regret","Clothesline+1","Inflame+1","Infernal Blade+1","Anger+1","Shrug It Off"],"relics":["Burning Blood","Vajra","Oddly Smooth Stone","Anchor","Bottled Tornado"],"potions_floor_usage":[13,16],"damage_taken":[{"damage":5,"enemies":"2 Louse","floor":1,"turns":4},{"damage":2,"enemies":"Jaw Worm","floor":3,"turns":3},{"damage":0,"enemies":"Small Slimes","floor":4,"turns":3},{"damage":50,"enemies":"Lagavulin","floor":6,"turns":8},{"damage":9,"enemies":"Gremlin Gang","floor":13,"turns":4},{"damage":0,"enemies":"Looter","floor":14,"turns":2},{"damage":51,"enemies":"Slime Boss","floor":16,"turns":8}],"seed_played":"6481317106090664982","potions_obtained":[{"floor":6,"key":"Fruit Juice"},{"floor":11,"key":"Fire Potion"},{"floor":14,"key":"EssenceOfSteel"}],"is_trial":false,"path_per_floor":["M","?","M","M","?","E","R","?","T","R","?","R","M","M","R","B"],"character_chosen":"IRONCLAD","items_purchased":[],"campfire_rested":1,"item_purchase_floors":[],"current_hp_per_floor":[69,69,73,75,64,20,20,20,20,20,20,42,39,45,45,0],"gold":345,"neow_bonus":"RANDOM_COMMON_RELIC","is_prod":false,"is_daily":false,"chose_seed":false,"campfire_upgraded":3,"win_rate":0,"timestamp":1553023648,"path_taken":["M","?","M","M","?","E","R","?","T","R","?","R","M","M","R","BOSS"],"build_version":"2019-01-23","purchased_purges":0,"victory":false,"max_hp_per_floor":[75,75,75,75,75,75,75,75,75,75,75,75,75,75,75,80],"card_choices":[{"not_picked":["Sword Boomerang","Warcry"],"picked":"Cleave","floor":1},{"not_picked":["Whirlwind","Iron Wave"],"picked":"Clothesline","floor":3},{"not_picked":["True Grit","Twin Strike"],"picked":"Inflame","floor":4},{"not_picked":["Perfected Strike","Thunderclap"],"picked":"Infernal Blade","floor":6},{"not_picked":["Sever Soul","Perfected Strike"],"picked":"Anger","floor":13},{"not_picked":["Rage","Feel No Pain"],"picked":"Shrug It Off","floor":14}],"player_experience":488583,"relics_obtained":[{"floor":6,"key":"Anchor"},{"floor":9,"key":"Bottled Tornado"}],"event_choices":[{"damage_healed":0,"gold_gain":0,"player_choice":"Box","damage_taken":0,"relics_obtained":["Oddly Smooth Stone"],"max_hp_gain":0,"max_hp_loss":0,"event_name":"Big Fish","floor":2,"gold_loss":0,"cards_obtained":["Regret"]},{"damage_healed":0,"gold_gain":75,"player_choice":"Gather Gold","damage_taken":11,"max_hp_gain":0,"max_hp_loss":0,"event_name":"World of Goop","floor":5,"gold_loss":0},{"damage_healed":0,"gold_gain":0,"player_choice":"Grow","damage_taken":0,"max_hp_gain":0,"max_hp_loss":0,"event_name":"Living Wall","floor":8,"gold_loss":0,"cards_upgraded":["Infernal Blade"]},{"damage_healed":0,"gold_gain":0,"player_choice":"Bought 1 Potion","damage_taken":0,"max_hp_gain":0,"max_hp_loss":0,"event_name":"The Woman in Blue","floor":11,"gold_loss":0}],"is_beta":false,"boss_relics":[],"items_purged_floors":[],"is_endless":false,"potions_floor_spawned":[6,14],"killed_by":"Slime Boss","ascension_level":19}