{"gold_per_floor":[111,12,25,25,25,25,25,25,325,363,363,386,351,365,365,460,460,370,370,370,57,57,57],"floor_reached":23,"playtime":741,"items_purged":[],"score":331,"play_id":"cb9a1de9-8af1-479a-9742-3feae184394e","local_time":"20190326190805","is_ascension_mode":true,"campfire_choices":[{"data":"Injury","floor":6,"key":"PURGE"},{"data":"Zap","floor":8,"key":"SMITH"},{"data":"Conserve Battery","floor":11,"key":"SMITH"},{"data":"Skim","floor":15,"key":"SMITH"}],"neow_cost":"PERCENT_DAMAGE","seed_source_timestamp":323295130153280,"circlet_count":0,"master_deck":["AscendersBane","Strike_B","Strike_B","Strike_B","Strike_B","Defend_B","Defend_B","Defend_B","Defend_B","Zap+1","Dualcast","Sweeping Beam","Conserve Battery+1","Undo","Loop+1","Skim+1","Machine Learning+1","Biased Cognition+1","Coolheaded","Chill","Self Repair+1","Ball Lightning"],"relics":["Cracked Core","Peace Pipe","Golden Idol","StoneCalendar","Old Coin","Frozen Egg 2","Ectoplasm","Gremlin Horn","Enchiridion"],"potions_floor_usage":[10,10,18,20,23],"damage_taken":[{"damage":1,"enemies":"Cultist","floor":1,"turns":3},{"damage":7,"enemies":"Jaw Worm","floor":3,"turns":3},{"damage":13,"enemies":"3 Sentries","floor":10,"turns":5},{"damage":0,"enemies":"2 Louse","floor":12,"turns":3},{"damage":15,"enemies":"Large Slime","floor":14,"turns":4},{"damage":38,"enemies":"The Guardian","floor":16,"turns":11},{"damage":21,"enemies":"2 Thieves","floor":18,"turns":4},{"damage":9,"enemies":"Shell Parasite","floor":19,"turns":7},{"damage":1,"enemies":"Sentry and Sphere","floor":20,"turns":3},{"damage":13,"enemies":"Slavers","floor":23,"turns":6}],"seed_played":"-5545323517461755309","potions_obtained":[{"floor":1,"key":"Strength Potion"},{"floor":3,"key":"Strength Potion"},{"floor":14,"key":"Dexterity Potion"},{"floor":19,"key":"SkillPotion"},{"floor":20,"key":"Explosive Potion"}],"is_trial":false,"path_per_floor":["M","$","M","?","?","R","?","R","T","E","R","M","?","M","R","B",null,"M","M","M","$","?","E"],"character_chosen":"DEFECT","items_purchased":["Sweeping Beam","Conserve Battery","Gremlin Horn","Ball Lightning"],"campfire_rested":0,"item_purchase_floors":[2,2,21,21],"current_hp_per_floor":[45,45,38,61,61,61,61,61,61,48,48,48,65,50,50,12,56,35,26,25,25,4,0],"gold":57,"neow_bonus":"ONE_RARE_RELIC","is_prod":false,"is_daily":false,"chose_seed":false,"campfire_upgraded":3,"win_rate":0,"timestamp":1553645285,"path_taken":["M","$","M","?","?","R","?","R","T","E","R","M","?","?","R","BOSS","M","M","?","$","?","E"],"build_version":"2019-01-23","purchased_purges":0,"victory":false,"max_hp_per_floor":[71,71,71,71,71,71,71,71,71,71,71,71,71,71,71,71,71,71,71,71,71,71,71],"card_choices":[{"not_picked":["Darkness","Steam","Stack"],"picked":"SKIP","floor":1},{"not_picked":["Steam Power","Conserve Battery"],"picked":"Undo","floor":3},{"not_picked":["Double Energy","White Noise"],"picked":"Loop","floor":10},{"not_picked":["Barrage","Cold Snap"],"picked":"Skim","floor":12},{"not_picked":["Sweeping Beam","Auto Shields"],"picked":"Machine Learning+1","floor":14},{"not_picked":["Echo Form+1","Electrodynamics+1"],"picked":"Biased Cognition+1","floor":16},{"not_picked":["Sweeping Beam","Streamline"],"picked":"Coolheaded","floor":18},{"not_picked":["Conserve Battery","Streamline"],"picked":"Chill","floor":19},{"not_picked":["Redo","Streamline"],"picked":"Self Repair+1","floor":20}],"player_experience":1156932,"relics_obtained":[{"floor":9,"key":"Old Coin"},{"floor":10,"key":"Frozen Egg 2"},{"floor":22,"key":"Enchiridion"}],"event_choices":[{"damage_healed":23,"gold_gain":0,"player_choice":"Banana","damage_taken":0,"max_hp_gain":0,"max_hp_loss":0,"event_name":"Big Fish","floor":4,"gold_loss":0},{"damage_healed":0,"gold_gain":0,"player_choice":"Take Wound","damage_taken":0,"relics_obtained":["Golden Idol"],"max_hp_gain":0,"max_hp_loss":0,"event_name":"Golden Idol","floor":5,"gold_loss":0,"cards_obtained":["Injury"]},{"damage_healed":0,"gold_gain":0,"player_choice":"Searched \u00272\u0027 times","damage_taken":0,"relics_obtained":["StoneCalendar"],"max_hp_gain":0,"max_hp_loss":0,"event_name":"Dead Adventurer","floor":7,"gold_loss":0},{"damage_healed":17,"gold_gain":0,"player_choice":"Healed","damage_taken":0,"max_hp_gain":0,"max_hp_loss":0,"event_name":"The Cleric","floor":13,"gold_loss":35},{"damage_healed":0,"gold_gain":0,"player_choice":"Obtained Book","damage_taken":21,"max_hp_gain":0,"max_hp_loss":0,"event_name":"Cursed Tome","floor":22,"gold_loss":0}],"is_beta":false,"boss_relics":[{"not_picked":["Pandora\u0027s Box","Tiny House"],"picked":"Ectoplasm"}],"items_purged_floors":[],"is_endless":false,"potions_floor_spawned":[1,3,14,19,20],"killed_by":"Slavers","ascension_level":15}