{"gold_per_floor":[115,131,16,30,30,30,63,63,89,105,125,137,137,137,137,240,290,310,325,94,110,110,110,123,123,123,46,77,92,92,92],"floor_reached":31,"playtime":3105,"items_purged":["Strike_G","Strike_G"],"score":282,"play_id":"39014341-c256-48a6-bc0b-6edf7f64db26","local_time":"20180925231706","is_ascension_mode":false,"campfire_choices":[{"data":"Neutralize","floor":6,"key":"SMITH"},{"floor":8,"key":"REST"},{"data":"Dodge and Roll","floor":15,"key":"SMITH"},{"floor":23,"key":"REST"},{"data":"Noxious Fumes","floor":25,"key":"SMITH"}],"neow_cost":"","seed_source_timestamp":374769697357828,"circlet_count":0,"master_deck":["Defend_G","Defend_G","Defend_G","Defend_G","Strike_G","Strike_G","Strike_G","Survivor","Neutralize+1","Dagger Spray","Terror","All Out Attack+1","Acrobatics","Flechettes","Deflect","Flying Knee","Dagger Spray","Dodge and Roll+1","Bullet Time","Sucker Punch","A Thousand Cuts","Escape Plan","Crippling Poison","Flying Knee","Noxious Fumes+1","Outmaneuver","Crippling Poison","Noxious Fumes","Leg Sweep+1"],"relics":["Ring of the Snake","Orichalcum","Strawberry","Tiny House","Kunai","Nloth\u0027s Gift"],"potions_floor_usage":[],"damage_taken":[{"damage":1,"enemies":"Small Slimes","floor":1,"turns":5},{"damage":8,"enemies":"Jaw Worm","floor":2,"turns":3},{"damage":4,"enemies":"Cultist","floor":4,"turns":3},{"damage":26,"enemies":"3 Sentries","floor":7,"turns":8},{"damage":1,"enemies":"Red Slaver","floor":10,"turns":3},{"damage":0,"enemies":"Large Slime","floor":11,"turns":4},{"damage":0,"enemies":"2 Fungi Beasts","floor":12,"turns":2},{"damage":21,"enemies":"Hexaghost","floor":16,"turns":11},{"damage":4,"enemies":"Shell Parasite","floor":18,"turns":5},{"damage":7,"enemies":"3 Byrds","floor":19,"turns":4},{"damage":15,"enemies":"Cultist and Chosen","floor":21,"turns":6},{"damage":14,"enemies":"Shelled Parasite and Fungi","floor":24,"turns":6},{"damage":28,"enemies":"Book of Stabbing","floor":28,"turns":7},{"damage":23,"enemies":"Snake Plant","floor":29,"turns":7},{"damage":12,"enemies":"Snecko","floor":31,"turns":3}],"seed_played":"-1336869690051949882","potions_obtained":[{"floor":1,"key":"PowerPotion"},{"floor":4,"key":"PowerPotion"},{"floor":7,"key":"PowerPotion"},{"floor":17,"key":"Poison Potion"},{"floor":19,"key":"Explosive Potion"}],"is_trial":false,"path_per_floor":["M","M","$","M","?","R","E","R","T","M","M","M","?","?","R","B",null,"M","M","$","M","?","R","M","R","T","$","E","M","?"],"character_chosen":"THE_SILENT","items_purchased":["All Out Attack","Noxious Fumes","Outmaneuver","Noxious Fumes"],"campfire_rested":2,"item_purchase_floors":[3,20,20,27],"current_hp_per_floor":[69,61,61,57,57,57,31,52,59,58,58,58,58,58,58,37,82,78,71,71,56,40,66,52,52,52,52,24,1,1,0],"gold":92,"neow_bonus":"","is_prod":false,"is_daily":false,"chose_seed":false,"campfire_upgraded":3,"win_rate":0.0,"timestamp":1537910226,"path_taken":["M","M","$","M","?","R","E","R","T","M","M","M","?","?","R","BOSS","M","M","$","M","?","R","M","R","T","$","E","M","?","M"],"build_version":"2018-09-20","purchased_purges":2,"victory":false,"max_hp_per_floor":[70,70,70,70,70,70,70,70,77,77,77,77,77,77,77,77,82,82,82,82,82,87,87,87,87,87,87,87,87,87,87],"card_choices":[{"not_picked":["Dagger Throw","Crippling Poison"],"picked":"Dagger Spray","floor":1},{"not_picked":["Blade Dance","Prepared"],"picked":"Terror","floor":2},{"not_picked":["Tactician","Quick Slash"],"picked":"Acrobatics","floor":4},{"not_picked":["Heel Hook","Outmaneuver"],"picked":"Deflect","floor":7},{"not_picked":["Slice","Masterful Stab"],"picked":"Flying Knee","floor":10},{"not_picked":["PiercingWail","Infinite Blades"],"picked":"Dagger Spray","floor":11},{"not_picked":["Bouncing Flask","Sucker Punch"],"picked":"Dodge and Roll","floor":12},{"not_picked":["Adrenaline","Malaise"],"picked":"A Thousand Cuts","floor":16},{"not_picked":["Predator","Dagger Throw"],"picked":"Escape Plan","floor":17},{"not_picked":["Outmaneuver","PiercingWail"],"picked":"Crippling Poison","floor":18},{"not_picked":["Leg Sweep","Catalyst"],"picked":"Flying Knee","floor":19},{"not_picked":["All Out Attack","Backflip"],"picked":"Crippling Poison","floor":21},{"not_picked":["Heel Hook","Bane","Deadly Poison"],"picked":"SKIP","floor":24},{"not_picked":["Underhanded Strike","Infinite Blades"],"picked":"Leg Sweep+1","floor":28},{"not_picked":["Deflect","Skewer","Outmaneuver"],"picked":"SKIP","floor":29}],"player_experience":15790,"relics_obtained":[{"floor":7,"key":"Orichalcum"},{"floor":9,"key":"Strawberry"},{"floor":26,"key":"Kunai"},{"floor":28,"key":"Nunchaku"}],"event_choices":[{"event_name":"Living Wall","player_choice":"Change","floor":5,"damage_taken":0},{"event_name":"Match and Keep!","player_choice":"2 cards matched","floor":13,"damage_taken":0},{"event_name":"Dead Adventurer","player_choice":"Searched \u00271\u0027 times","floor":14,"damage_taken":0},{"event_name":"Forgotten Altar","player_choice":"Shed Blood","floor":22,"damage_taken":0},{"event_name":"N\u0027loth","player_choice":"Traded a Nunchaku","floor":30,"damage_taken":0}],"is_beta":false,"boss_relics":[{"not_picked":["Coffee Dripper","Black Star"],"picked":"Tiny House"}],"items_purged_floors":[3,20],"is_endless":false,"potions_floor_spawned":[1,4,7,19,28],"killed_by":"Snecko","ascension_level":0}