{"gold_per_floor":[117,117,135,153,166,193,193,193,219,219,239,258,258,288,288,364,364,377,393,393,48,60,60,93,93,93,110,138,14,14,39,39,115,115,131,1130,1130,1150,749,778,794,821,846,345,345,345,378,388,388,388,388,388,388,69,97,97],"floor_reached":57,"playtime":4780,"items_purged":["Strike_R","Strike_R","Strike_R"],"score":2866,"play_id":"0aec473c-8ba7-46e7-896c-a0d9c766f4b8","local_time":"20190510210128","is_ascension_mode":true,"campfire_choices":[{"data":"Clothesline","floor":7.0,"key":"SMITH"},{"data":"Anger","floor":10.0,"key":"SMITH"},{"data":"Fiend Fire","floor":13.0,"key":"SMITH"},{"data":"Demon Form","floor":15.0,"key":"SMITH"},{"floor":23.0,"key":"RECALL"},{"floor":25.0,"key":"REST"},{"floor":32.0,"key":"REST"},{"floor":45,"key":"REST"},{"floor":49,"key":"REST"},{"floor":53,"key":"REST"}],"neow_cost":"NONE","seed_source_timestamp":380862931369700,"circlet_count":0,"master_deck":["AscendersBane","Defend_R","Defend_R+1","Defend_R","Defend_R","Bash+1","Shrug It Off","Dual Wield","Clothesline+1","Cleave","Anger+1","Shockwave","Fiend Fire+1","Demon Form+1","Reaper","True Grit","Headbutt+1","Corruption","True Grit","Thunderclap+1","Double Tap+1","Warcry+1","Exhume","Heavy Blade","Sword Boomerang","Feed","Heavy Blade+1","Apotheosis","Exhume","Pommel Strike","Flame Barrier","Havoc","Secret Technique","Demon Form","Disarm+1"],"special_seed":0,"relics":["Burning Blood","Bag of Preparation","Strawberry","Oddly Smooth Stone","Fusion Hammer","Pear","PreservedInsect","Letter Opener","Self Forming Clay","War Paint","Velvet Choker","Torii","Singing Bowl","Strange Spoon","Happy Flower","Gambling Chip","Anchor","Orichalcum","Art of War"],"potions_floor_usage":[40,56,56],"damage_taken":[{"damage":0.0,"enemies":"2 Louse","floor":1.0,"turns":3.0},{"damage":4.0,"enemies":"Cultist","floor":3.0,"turns":4.0},{"damage":8.0,"enemies":"Small Slimes","floor":4.0,"turns":5.0},{"damage":2.0,"enemies":"2 Fungi Beasts","floor":5.0,"turns":5.0},{"damage":27.0,"enemies":"3 Sentries","floor":6.0,"turns":7.0},{"damage":2.0,"enemies":"Blue Slaver","floor":11.0,"turns":4.0},{"damage":22.0,"enemies":"Gremlin Gang","floor":12.0,"turns":4.0},{"damage":8.0,"enemies":"Gremlin Nob","floor":14.0,"turns":3.0},{"damage":38.0,"enemies":"Hexaghost","floor":16.0,"turns":9.0},{"damage":0.0,"enemies":"Spheric Guardian","floor":18.0,"turns":1.0},{"damage":18.0,"enemies":"Shell Parasite","floor":19.0,"turns":4.0},{"damage":16.0,"enemies":"Cultist and Chosen","floor":22.0,"turns":4.0},{"damage":37.0,"enemies":"Gremlin Leader","floor":24.0,"turns":7.0},{"damage":24.0,"enemies":"3 Cultists","floor":27.0,"turns":5.0},{"damage":14.0,"enemies":"Book of Stabbing","floor":28.0,"turns":2.0},{"damage":9.0,"enemies":"Gremlin Leader","floor":31.0,"turns":5.0},{"damage":54.0,"enemies":"Collector","floor":33.0,"turns":9.0},{"damage":8.0,"enemies":"Orb Walker","floor":35.0,"turns":3.0},{"damage":37.0,"enemies":"3 Darklings","floor":38.0,"turns":6.0},{"damage":27,"enemies":"Reptomancer","floor":40,"turns":5},{"damage":8,"enemies":"Maw","floor":41,"turns":6},{"damage":23,"enemies":"Nemesis","floor":42,"turns":9},{"damage":41,"enemies":"Reptomancer","floor":47,"turns":6},{"damage":21,"enemies":"Spire Growth","floor":48,"turns":4},{"damage":31,"enemies":"Time Eater","floor":50,"turns":10},{"damage":89,"enemies":"Donu and Deca","floor":51,"turns":10},{"damage":87,"enemies":"Shield and Spear","floor":55,"turns":11},{"damage":127,"enemies":"The Heart","floor":56,"turns":7}],"seed_played":"-886257880598424105","potions_obtained":[{"floor":3.0,"key":"Explosive Potion"},{"floor":4.0,"key":"Energy Potion"},{"floor":14.0,"key":"Regen Potion"},{"floor":18.0,"key":"BloodPotion"},{"floor":19.0,"key":"LiquidBronze"},{"floor":28.0,"key":"BloodPotion"},{"floor":33.0,"key":"SpeedPotion"},{"floor":35.0,"key":"SpeedPotion"},{"floor":40,"key":"Explosive Potion"},{"floor":41,"key":"Dexterity Potion"}],"is_trial":false,"path_per_floor":["M","?","M","M","M","E","R","?","T","R","M","M","R","E","R","B",null,"M","M","?","$","M","R","E","R","T","M","E","$","?","E","R","B",null,"M","?","?","M","$","E","M","E","T","$","R","?","E","M","R","B","B",null,"R","$","E","B",null],"character_chosen":"IRONCLAD","items_purchased":["Corruption","True Grit","Fruit Juice","SkillPotion","Heavy Blade","Apotheosis","GamblersBrew","Strange Spoon","Havoc","PowerPotion","Happy Flower","Anchor","Orichalcum"],"campfire_rested":5,"item_purchase_floors":[21,21,21,21,29,39,39,44,44,44,44,54,54],"current_hp_per_floor":[74,74,75,73,75,54,54,54,61,61,65,49,49,47,47,30,69,75,63,73,78,82,82,51,80,80,86,78,78,49,83,102,82,97,95,95,95,90,90,94,107,94,94,94,113,107,105,94,121,121,119,124,125,125,117,26],"gold":97,"neow_bonus":"UPGRADE_CARD","is_prod":false,"is_daily":false,"chose_seed":false,"campfire_upgraded":4,"win_rate":0,"timestamp":1557489688,"path_taken":["M","?","M","M","?","E","R","?","T","R","M","M","R","E","R","BOSS","M","M","?","$","M","R","E","R","T","?","E","?","?","E","R","BOSS","M","?","?","M","$","E","?","E","T","$","R","?","E","M","R","BOSS","BOSS","R","$","E","BOSS"],"build_version":"2019-01-23","purchased_purges":3,"victory":true,"max_hp_per_floor":[75,75,75,75,75,75,75,75,82,82,82,82,82,82,82,82,82,82,82,92,97,97,97,97,97,97,97,97,97,102,102,102,102,102,102,102,102,105,105,109,109,113,113,113,113,117,117,121,121,121,125,125,125,125,131,131],"card_choices":[{"not_picked":["Dual Wield","Clash"],"picked":"Shrug It Off","floor":1.0},{"not_picked":["Wild Strike","Heavy Blade","Perfected Strike"],"picked":"SKIP","floor":3.0},{"not_picked":["Wild Strike","Entrench"],"picked":"Clothesline","floor":4.0},{"not_picked":["Perfected Strike","Wild Strike"],"picked":"Cleave","floor":5.0},{"not_picked":["Pommel Strike","Dual Wield"],"picked":"Anger","floor":6.0},{"not_picked":["Anger","Rage"],"picked":"Shockwave","floor":11.0},{"not_picked":["Intimidate","Armaments"],"picked":"Fiend Fire","floor":12.0},{"not_picked":["Clash","Pummel"],"picked":"Demon Form","floor":14.0},{"not_picked":["Impervious","Bludgeon"],"picked":"Reaper","floor":16.0},{"not_picked":["Heavy Blade","Burning Pact"],"picked":"True Grit","floor":18.0},{"not_picked":["Pummel","Pommel Strike"],"picked":"Headbutt+1","floor":19.0},{"not_picked":["Anger+1","Carnage"],"picked":"Thunderclap+1","floor":22.0},{"not_picked":["Clash","Hemokinesis"],"picked":"Double Tap","floor":24.0},{"not_picked":["Anger","Power Through"],"picked":"Warcry+1","floor":27.0},{"not_picked":["Wild Strike+1","Havoc"],"picked":"Exhume","floor":28.0},{"not_picked":["Twin Strike","Thunderclap"],"picked":"Sword Boomerang","floor":31.0},{"not_picked":["Exhume","Barricade"],"picked":"Feed","floor":33.0},{"not_picked":["Clothesline","Body Slam","Heavy Blade"],"picked":"SKIP","floor":35.0},{"not_picked":["Anger","Searing Blow"],"picked":"Heavy Blade+1","floor":38.0},{"not_picked":["Armaments+1","Anger+1"],"picked":"Exhume","floor":40},{"not_picked":["Warcry","Thunderclap"],"picked":"Pommel Strike","floor":41},{"not_picked":["Cleave","True Grit"],"picked":"Flame Barrier","floor":42},{"not_picked":["Jack Of All Trades","Chrysalis"],"picked":"Secret Technique","floor":46},{"not_picked":["Bandage Up","Forethought","Impatience"],"picked":"Singing Bowl","floor":46},{"not_picked":["Good Instincts","Blind","Purity"],"picked":"Singing Bowl","floor":46},{"not_picked":["Clothesline+1","Immolate"],"picked":"Demon Form","floor":47},{"not_picked":["Entrench+1","Cleave"],"picked":"Disarm+1","floor":48},{"not_picked":["Wild Strike","Perfected Strike","Armaments"],"picked":"Singing Bowl","floor":55}],"player_experience":1324782,"relics_obtained":[{"floor":6.0,"key":"Bag of Preparation"},{"floor":9.0,"key":"Strawberry"},{"floor":14.0,"key":"Oddly Smooth Stone"},{"floor":24.0,"key":"PreservedInsect"},{"floor":26.0,"key":"Letter Opener"},{"floor":28.0,"key":"Self Forming Clay"},{"floor":31.0,"key":"War Paint"},{"floor":40,"key":"Torii"},{"floor":42,"key":"Singing Bowl"},{"floor":47,"key":"Gambling Chip"},{"floor":55,"key":"Art of War"}],"event_choices":[{"damage_healed":0.0,"max_hp_gain":0.0,"max_hp_loss":0.0,"gold_gain":0.0,"cards_transformed":["Strike_R"],"event_name":"Transmorgrifier","player_choice":"Transformed","floor":2.0,"gold_loss":0.0,"damage_taken":0.0,"cards_obtained":["Dual Wield"]},{"cards_removed":["Strike_R"],"damage_healed":0.0,"max_hp_gain":0.0,"max_hp_loss":0.0,"gold_gain":0.0,"event_name":"Purifier","player_choice":"Purged","floor":8.0,"gold_loss":0.0,"damage_taken":0.0},{"damage_healed":0.0,"max_hp_gain":0.0,"max_hp_loss":0.0,"gold_gain":0.0,"event_name":"WeMeetAgain","player_choice":"Gave Potion","floor":20.0,"gold_loss":0.0,"damage_taken":0.0,"relics_obtained":["Pear"]},{"damage_healed":0.0,"max_hp_gain":5.0,"max_hp_loss":0.0,"gold_gain":0.0,"event_name":"Forgotten Altar","player_choice":"Shed Blood","floor":30.0,"gold_loss":0.0,"damage_taken":34.0},{"damage_healed":0.0,"max_hp_gain":0.0,"max_hp_loss":0.0,"gold_gain":999.0,"event_name":"MindBloom","player_choice":"Gold","floor":36.0,"gold_loss":0.0,"damage_taken":0.0,"cards_obtained":["Normality","Normality"]},{"cards_removed":["Normality","Normality"],"damage_healed":0.0,"max_hp_gain":0.0,"max_hp_loss":0.0,"gold_gain":0.0,"event_name":"Fountain of Cleansing","player_choice":"Removed Curses","floor":37.0,"gold_loss":0.0,"damage_taken":0.0},{"damage_healed":0,"gold_gain":0,"player_choice":"Memory 3","damage_taken":10,"max_hp_gain":0,"max_hp_loss":0,"event_name":"SensoryStone","floor":46,"gold_loss":0}],"is_beta":false,"boss_relics":[{"not_picked":["Pandora\u0027s Box","Empty Cage"],"picked":"Fusion Hammer"},{"not_picked":["Orrery","Busted Crown"],"picked":"Velvet Choker"}],"items_purged_floors":[21,29,39],"is_endless":false,"potions_floor_spawned":[3,4,5,14,18,19,28,33,35,40,41],"ascension_level":20}