{"gold_per_floor":[109,109,33,58,58,58,1,26,26,26,59,59,95,113,113,113],"floor_reached":16,"playtime":377,"items_purged":[],"score":211,"play_id":"4dd7a52f-6ed5-4b16-a594-7dc6a8bb1e7a","local_time":"20190328013006","is_ascension_mode":true,"campfire_choices":[{"data":"True Grit","floor":6,"key":"SMITH"},{"data":"Inflame","floor":10,"key":"SMITH"},{"data":"Disarm","floor":12,"key":"SMITH"},{"floor":15,"key":"DIG"}],"neow_cost":"NONE","seed_source_timestamp":26385899051400,"circlet_count":0,"master_deck":["AscendersBane","Strike_R","Strike_R","Strike_R","Strike_R","Strike_R","Defend_R","Defend_R","Defend_R","Defend_R","Bash","True Grit+1","Inflame","Inflame+1","Shrug It Off","Disarm+1","Fire Breathing","Corruption","Shrug It Off"],"relics":["Burning Blood","NeowsBlessing","Golden Idol","Calipers","Matryoshka","Shovel","WingedGreaves"],"potions_floor_usage":[13],"damage_taken":[{"damage":0,"enemies":"Small Slimes","floor":1,"turns":1},{"damage":0,"enemies":"2 Louse","floor":4,"turns":1},{"damage":0,"enemies":"Cultist","floor":8,"turns":1},{"damage":48,"enemies":"3 Sentries","floor":11,"turns":11},{"damage":11,"enemies":"Lagavulin","floor":13,"turns":8},{"damage":25,"enemies":"3 Louse","floor":14,"turns":6},{"damage":17,"enemies":"Slime Boss","floor":16,"turns":3}],"seed_played":"-6253125036578426974","potions_obtained":[{"floor":8,"key":"SteroidPotion"},{"floor":13,"key":"SteroidPotion"}],"is_trial":false,"path_per_floor":["M","?","$","M","?","R","$","M","T","R","E","R","E","M","R","B"],"character_chosen":"IRONCLAD","items_purchased":["Inflame","Shrug It Off"],"campfire_rested":0,"item_purchase_floors":[3,7],"current_hp_per_floor":[74,74,74,75,75,75,75,75,75,75,33,33,28,9,9,0],"gold":113,"neow_bonus":"THREE_ENEMY_KILL","is_prod":false,"is_daily":false,"chose_seed":false,"campfire_upgraded":3,"win_rate":0,"timestamp":1553733006,"path_taken":["M","?","$","M","?","R","$","?","T","R","E","R","E","M","R","BOSS"],"build_version":"2019-01-23","purchased_purges":0,"victory":false,"max_hp_per_floor":[75,75,75,75,75,75,75,75,75,75,75,75,75,75,75,75],"card_choices":[{"not_picked":["Armaments","Hemokinesis"],"picked":"True Grit","floor":1},{"not_picked":["Body Slam","Corruption"],"picked":"Inflame","floor":4},{"not_picked":["Power Through","Rupture"],"picked":"Disarm","floor":8},{"not_picked":["Twin Strike","Heavy Blade"],"picked":"Fire Breathing","floor":11},{"not_picked":["Intimidate","Wild Strike"],"picked":"Corruption","floor":13},{"not_picked":["Havoc","Wild Strike"],"picked":"Shrug It Off","floor":14}],"player_experience":501839,"relics_obtained":[{"floor":9,"key":"Calipers"},{"floor":11,"key":"Matryoshka"},{"floor":13,"key":"Shovel"},{"floor":15,"key":"WingedGreaves"}],"event_choices":[{"damage_healed":0,"gold_gain":0,"player_choice":"Take Wound","damage_taken":0,"relics_obtained":["Golden Idol"],"max_hp_gain":0,"max_hp_loss":0,"event_name":"Golden Idol","floor":2,"gold_loss":0,"cards_obtained":["Injury"]},{"cards_removed":["Injury"],"damage_healed":0,"gold_gain":0,"player_choice":"Removed Curses","damage_taken":0,"max_hp_gain":0,"max_hp_loss":0,"event_name":"Fountain of Cleansing","floor":5,"gold_loss":0}],"is_beta":false,"boss_relics":[],"items_purged_floors":[],"is_endless":false,"potions_floor_spawned":[8,13],"killed_by":"Slime Boss","ascension_level":19}