{"gold_per_floor":[111,130,2,2,18,18,18,52,52,52,72,72,72,88,88,163,163,177,190,190,202,152,152,167,167,191,116,116,131,131,143,143,143],"floor_reached":33,"playtime":1395,"items_purged":["Strike_G"],"score":494,"play_id":"f6e815e2-2a80-4924-a2b6-ef670cc480a0","local_time":"20190413221206","is_ascension_mode":true,"campfire_choices":[{"data":"Crippling Poison","floor":6,"key":"SMITH"},{"data":"Neutralize","floor":7,"key":"SMITH"},{"data":"Crippling Poison","floor":12,"key":"SMITH"},{"data":"Well Laid Plans","floor":15,"key":"SMITH"},{"floor":23,"key":"REST"},{"data":"Backflip","floor":25,"key":"SMITH"},{"floor":28,"key":"REST"},{"floor":32,"key":"REST"}],"neow_cost":"TEN_PERCENT_HP_LOSS","seed_source_timestamp":1344352441334416,"circlet_count":0,"master_deck":["AscendersBane","Defend_G","Defend_G","Defend_G","Defend_G","Defend_G","Strike_G","Survivor","Neutralize+1","All Out Attack+1","Crippling Poison+1","Backflip+1","Cloak And Dagger","Crippling Poison+1","Well Laid Plans+1","Corpse Explosion","Dodge and Roll","Deadly Poison+1","Footwork","PiercingWail+1"],"relics":["Ring of the Snake","WingedGreaves","Matryoshka","Vajra","Bronze Scales","Runic Dome","Orichalcum","Happy Flower"],"potions_floor_usage":[8,33],"damage_taken":[{"damage":4,"enemies":"Small Slimes","floor":1,"turns":4},{"damage":1,"enemies":"Cultist","floor":2,"turns":4},{"damage":0,"enemies":"2 Louse","floor":5,"turns":2},{"damage":22,"enemies":"Lagavulin","floor":8,"turns":8},{"damage":0,"enemies":"2 Fungi Beasts","floor":11,"turns":2},{"damage":3,"enemies":"Blue Slaver","floor":14,"turns":4},{"damage":13,"enemies":"Hexaghost","floor":16,"turns":11},{"damage":12,"enemies":"Shell Parasite","floor":18,"turns":5},{"damage":9,"enemies":"Spheric Guardian","floor":19,"turns":5},{"damage":11,"enemies":"Chosen and Byrds","floor":21,"turns":5},{"damage":0,"enemies":"3 Cultists","floor":24,"turns":3},{"damage":0,"enemies":"Cultist and Chosen","floor":29,"turns":5},{"damage":16,"enemies":"Chosen and Byrds","floor":31,"turns":7},{"damage":66,"enemies":"Champ","floor":33,"turns":17}],"seed_played":"-344613791804449232","potions_obtained":[{"floor":1,"key":"Explosive Potion"},{"floor":11,"key":"GamblersBrew"}],"is_trial":false,"path_per_floor":["M","M","$","?","M","R","R","E","T","?","M","R","?","M","R","B",null,"M","M","?","M","?","R","M","R","T","?","R","M","?","M","R","B"],"character_chosen":"THE_SILENT","items_purchased":["Dexterity Potion"],"campfire_rested":3,"item_purchase_floors":[3],"current_hp_per_floor":[55,54,54,54,54,54,54,32,32,25,25,25,25,22,22,9,47,35,26,26,15,15,33,33,33,33,33,51,51,51,35,53,0],"gold":143,"neow_bonus":"ONE_RARE_RELIC","is_prod":false,"is_daily":false,"chose_seed":false,"campfire_upgraded":5,"win_rate":0,"timestamp":1555161126,"path_taken":["M","M","$","?","?","R","R","E","T","?","M","R","?","M","R","BOSS","M","M","?","M","?","R","?","R","T","?","R","M","?","M","R","BOSS"],"build_version":"2019-01-23","purchased_purges":1,"victory":false,"max_hp_per_floor":[60,60,60,60,60,60,60,60,60,60,60,60,60,60,60,60,60,60,60,60,60,60,60,60,60,60,60,60,60,60,60,60,60],"card_choices":[{"not_picked":["Expertise","PiercingWail"],"picked":"All Out Attack","floor":1},{"not_picked":["Flechettes","Acrobatics"],"picked":"Crippling Poison","floor":2},{"not_picked":["Bane","Acrobatics"],"picked":"Backflip","floor":5},{"not_picked":["Unload","Deflect"],"picked":"Cloak And Dagger","floor":8},{"not_picked":["Outmaneuver","Deflect"],"picked":"Crippling Poison","floor":11},{"not_picked":["Dagger Spray","Flying Knee"],"picked":"Well Laid Plans","floor":14},{"not_picked":["Bullet Time","After Image"],"picked":"Corpse Explosion","floor":16},{"not_picked":["Cloak And Dagger","Slice","Dagger Spray"],"picked":"SKIP","floor":18},{"not_picked":["Masterful Stab","Accuracy","Slice"],"picked":"SKIP","floor":19},{"not_picked":["Masterful Stab","Accuracy","Slice"],"picked":"SKIP","floor":19},{"not_picked":["Expertise","Outmaneuver"],"picked":"Dodge and Roll","floor":21},{"not_picked":["Concentrate","Dagger Spray"],"picked":"Deadly Poison+1","floor":24},{"not_picked":["Sucker Punch","Flechettes","Bane"],"picked":"SKIP","floor":29},{"not_picked":["Dodge and Roll","Sucker Punch"],"picked":"PiercingWail+1","floor":31}],"player_experience":921317,"relics_obtained":[{"floor":8,"key":"Matryoshka"},{"floor":9,"key":"Vajra"},{"floor":9,"key":"Bronze Scales"},{"floor":26,"key":"Orichalcum"},{"floor":26,"key":"Happy Flower"}],"event_choices":[{"damage_healed":0,"gold_gain":0,"player_choice":"Forge","damage_taken":0,"max_hp_gain":0,"max_hp_loss":0,"event_name":"Accursed Blacksmith","floor":4,"gold_loss":0,"cards_upgraded":["All Out Attack"]},{"cards_removed":["Strike_G"],"damage_healed":0,"gold_gain":0,"player_choice":"Card Removal","damage_taken":7,"max_hp_gain":0,"max_hp_loss":0,"event_name":"Golden Wing","floor":10,"gold_loss":0},{"damage_healed":0,"gold_gain":0,"player_choice":"Searched \u00270\u0027 times","damage_taken":0,"max_hp_gain":0,"max_hp_loss":0,"event_name":"Dead Adventurer","floor":13,"gold_loss":0},{"damage_healed":0,"gold_gain":0,"player_choice":"Ignored","damage_taken":0,"max_hp_gain":0,"max_hp_loss":0,"event_name":"The Mausoleum","floor":20,"gold_loss":0},{"damage_healed":0,"gold_gain":0,"player_choice":"Bet on Murderer","damage_taken":0,"max_hp_gain":0,"max_hp_loss":0,"event_name":"The Joust","floor":22,"gold_loss":50},{"cards_removed":["Strike_G"],"damage_healed":0,"gold_gain":0,"player_choice":"Gave Gold","damage_taken":0,"max_hp_gain":0,"max_hp_loss":0,"event_name":"Beggar","floor":27,"gold_loss":75},{"damage_healed":0,"gold_gain":0,"cards_transformed":["Strike_G"],"player_choice":"Transformed","damage_taken":0,"max_hp_gain":0,"max_hp_loss":0,"event_name":"Transmorgrifier","floor":30,"gold_loss":0,"cards_obtained":["Footwork"]}],"is_beta":false,"boss_relics":[{"not_picked":["Eternal Feather","Astrolabe"],"picked":"Runic Dome"}],"items_purged_floors":[3],"is_endless":false,"potions_floor_spawned":[1,5,11,18,19],"killed_by":"Champ","ascension_level":20}