{"gold_per_floor":[149,169,179,191,116,116,143,143,143,143,176,188,200,75,75,152,152,172,187,200,200,200,200,234,234,234,234,234,253,253,266,266,266],"floor_reached":33,"playtime":1307,"items_purged":["Strike_B"],"score":554,"play_id":"0418b29d-37ce-4499-8340-e0b1ec3758c9","local_time":"20190507194436","is_ascension_mode":true,"campfire_choices":[{"data":"Zap","floor":6,"key":"SMITH"},{"data":"Consume","floor":8,"key":"SMITH"},{"floor":10,"key":"REST"},{"data":"Loop","floor":15,"key":"SMITH"},{"floor":23,"key":"REST"},{"data":"Self Repair","floor":25,"key":"SMITH"},{"floor":27,"key":"REST"},{"floor":32,"key":"REST"}],"neow_cost":"NONE","seed_source_timestamp":120617585797600,"circlet_count":0,"master_deck":["AscendersBane","Strike_B","Strike_B","Defend_B","Defend_B","Defend_B","Defend_B","Zap+1","Dualcast","Leap","Loop+1","Self Repair+1","Ball Lightning","Consume+1","Ball Lightning","Cold Snap","Rebound","Electrodynamics","Genetic Algorithm","Cold Snap","Chill","RitualDagger","Conserve Battery+1","Glacier+1"],"relics":["Cracked Core","Tiny Chest","Orichalcum","Letter Opener","Velvet Choker","Boot","Toxic Egg 2"],"potions_floor_usage":[3,7,11,18,20,24,33],"damage_taken":[{"damage":1,"enemies":"Cultist","floor":1,"turns":3},{"damage":0,"enemies":"2 Louse","floor":2,"turns":2},{"damage":2,"enemies":"Small Slimes","floor":3,"turns":3},{"damage":6,"enemies":"Looter","floor":4,"turns":4},{"damage":42,"enemies":"3 Sentries","floor":7,"turns":10},{"damage":20,"enemies":"Gremlin Nob","floor":11,"turns":4},{"damage":3,"enemies":"Blue Slaver","floor":12,"turns":3},{"damage":6,"enemies":"3 Louse","floor":13,"turns":3},{"damage":29,"enemies":"Slime Boss","floor":16,"turns":9},{"damage":27,"enemies":"Shell Parasite","floor":18,"turns":4},{"damage":5,"enemies":"Spheric Guardian","floor":19,"turns":3},{"damage":13,"enemies":"Snake Plant","floor":20,"turns":3},{"damage":9,"enemies":"Gremlin Leader","floor":24,"turns":5},{"damage":0,"enemies":"Snecko","floor":29,"turns":4},{"damage":0,"enemies":"3 Cultists","floor":31,"turns":4},{"damage":71,"enemies":"Collector","floor":33,"turns":8}],"seed_played":"-4639095764027117990","potions_obtained":[{"floor":1,"key":"AttackPotion"},{"floor":4,"key":"GamblersBrew"},{"floor":7,"key":"FearPotion"},{"floor":11,"key":"Ancient Potion"},{"floor":16,"key":"LiquidBronze"},{"floor":19,"key":"PowerPotion"},{"floor":31,"key":"Explosive Potion"}],"is_trial":false,"path_per_floor":["M","M","M","M","?","R","E","R","T","R","E","M","M","$","R","B",null,"M","M","M","?","?","R","E","R","T","R","?","M","T","M","R","B"],"character_chosen":"DEFECT","items_purchased":["Rebound"],"campfire_rested":4,"item_purchase_floors":[14],"current_hp_per_floor":[63,63,61,62,62,62,27,27,27,48,35,39,33,33,33,11,56,36,31,25,25,19,40,31,31,31,52,32,42,42,42,64,0],"gold":266,"neow_bonus":"RANDOM_COMMON_RELIC","is_prod":false,"is_daily":false,"chose_seed":false,"campfire_upgraded":4,"win_rate":0,"timestamp":1557225876,"path_taken":["M","M","?","M","?","R","E","R","T","R","E","M","M","$","R","BOSS","M","M","M","?","?","R","E","R","T","R","?","M","?","M","R","BOSS"],"build_version":"2019-01-23","purchased_purges":1,"victory":false,"max_hp_per_floor":[71,71,71,71,71,71,71,71,71,71,71,71,71,71,71,71,71,71,71,71,71,71,71,71,71,71,71,76,76,76,76,76,76],"card_choices":[{"not_picked":["Auto Shields","Lockon"],"picked":"Leap","floor":1},{"not_picked":["Tempest","Capacitor"],"picked":"Loop","floor":2},{"not_picked":["Gash","Hologram"],"picked":"Self Repair","floor":3},{"not_picked":["Hologram","Sweeping Beam"],"picked":"Ball Lightning","floor":4},{"not_picked":["Redo","Darkness"],"picked":"Consume","floor":7},{"not_picked":["Coolheaded","Fusion"],"picked":"Ball Lightning","floor":11},{"not_picked":["Scrape","Gash","Reprogram"],"picked":"SKIP","floor":12},{"not_picked":["Chaos","Sweeping Beam"],"picked":"Cold Snap","floor":13},{"not_picked":["Buffer","Machine Learning"],"picked":"Electrodynamics","floor":16},{"not_picked":["Consume","Streamline"],"picked":"Genetic Algorithm","floor":18},{"not_picked":["Turbo","Streamline+1"],"picked":"Cold Snap","floor":19},{"not_picked":["Streamline","Stack","Scrape+1"],"picked":"SKIP","floor":20},{"not_picked":["Scrape+1","Streamline","Double Energy+1"],"picked":"SKIP","floor":24},{"not_picked":["Auto Shields+1","Redo+1"],"picked":"Conserve Battery+1","floor":29},{"not_picked":["Reprogram+1","Consume+1"],"picked":"Glacier+1","floor":31}],"player_experience":1267733,"relics_obtained":[{"floor":7,"key":"Orichalcum"},{"floor":9,"key":"Letter Opener"},{"floor":24,"key":"Boot"},{"floor":26,"key":"Toxic Egg 2"}],"event_choices":[{"cards_removed":["Strike_B"],"damage_healed":0,"gold_gain":0,"player_choice":"Card Removal","damage_taken":0,"max_hp_gain":0,"max_hp_loss":0,"event_name":"The Cleric","floor":5,"gold_loss":75},{"damage_healed":0,"gold_gain":0,"player_choice":"Read","damage_taken":0,"max_hp_gain":0,"max_hp_loss":0,"event_name":"The Library","floor":21,"gold_loss":0,"cards_obtained":["Chill"]},{"damage_healed":0,"gold_gain":0,"player_choice":"Joined the Cult","damage_taken":6,"max_hp_gain":0,"max_hp_loss":0,"event_name":"Nest","floor":22,"gold_loss":0,"cards_obtained":["RitualDagger"]},{"damage_healed":0,"gold_gain":0,"player_choice":"Shed Blood","damage_taken":25,"max_hp_gain":5,"max_hp_loss":0,"event_name":"Forgotten Altar","floor":28,"gold_loss":0}],"is_beta":false,"boss_relics":[{"not_picked":["Philosopher\u0027s Stone","FrozenCore"],"picked":"Velvet Choker"}],"items_purged_floors":[14],"is_endless":false,"potions_floor_spawned":[1,4,7,11,16,19,31],"killed_by":"Collector","ascension_level":20}