{"gold_per_floor":[116,116,133,148,160,160,189,189,243,223,223,498,525,537,537,634,634,646,646,72,84,9,9,44,44,67,86,86,97,128,145,145,246,246,258,270,270,270],"floor_reached":38,"playtime":4385,"items_purged":["Strike_G"],"score":538,"play_id":"1338f5f0-0c5f-443a-b55f-958cc0493310","local_time":"20181117121434","is_ascension_mode":true,"campfire_choices":[{"data":"Adrenaline","floor":6.0,"key":"SMITH"},{"data":"Noxious Fumes","floor":11.0,"key":"SMITH"},{"floor":15.0,"key":"REST"},{"floor":23.0,"key":"REST"},{"floor":28.0,"key":"REST"},{"floor":32.0,"key":"REST"}],"neow_cost":"NONE","seed_source_timestamp":0,"circlet_count":0,"master_deck":["Survivor","Neutralize","Noxious Fumes+1","Adrenaline+1","Deadly Poison","Blur","Leg Sweep","Deflect","Regret","Deadly Poison","A Thousand Cuts","Adrenaline","Outmaneuver+1","Setup+1","Deadly Poison","Apotheosis","Flying Knee+1","Leg Sweep+1","Decay","Expertise+1","Blur+1","Backflip+1","Venomology","Deflect","Flying Knee","Caltrops","Accuracy","Setup","Deadly Poison+1"],"special_seed":0,"relics":["Ring of the Snake","Darkstone Periapt","Orichalcum","Ancient Tea Set","Astrolabe","Nilry\u0027s Codex","Bottled Lightning","Strawberry","Gremlin Horn","Oddly Smooth Stone","Meat on the Bone","Pandora\u0027s Box"],"potions_floor_usage":[38],"damage_taken":[{"damage":2.0,"enemies":"Cultist","floor":1.0,"turns":4.0},{"damage":0.0,"enemies":"Small Slimes","floor":3.0,"turns":4.0},{"damage":0.0,"enemies":"Jaw Worm","floor":4.0,"turns":4.0},{"damage":15.0,"enemies":"3 Louse","floor":5.0,"turns":4.0},{"damage":7.0,"enemies":"Lagavulin","floor":7.0,"turns":6.0},{"damage":12.0,"enemies":"3 Sentries","floor":13.0,"turns":6.0},{"damage":5.0,"enemies":"Red Slaver","floor":14.0,"turns":4.0},{"damage":22.0,"enemies":"The Guardian","floor":16.0,"turns":9.0},{"damage":29.0,"enemies":"3 Byrds","floor":18.0,"turns":7.0},{"damage":17.0,"enemies":"2 Thieves","floor":21.0,"turns":3.0},{"damage":42.0,"enemies":"Slavers","floor":24.0,"turns":7.0},{"damage":5.0,"enemies":"Cultist and Chosen","floor":27.0,"turns":5.0},{"damage":15.0,"enemies":"Centurion and Healer","floor":29.0,"turns":5.0},{"damage":11.0,"enemies":"Book of Stabbing","floor":30.0,"turns":6.0},{"damage":0.0,"enemies":"Shelled Parasite and Fungi","floor":31.0,"turns":4.0},{"damage":9.0,"enemies":"Automaton","floor":33.0,"turns":9.0},{"damage":15.0,"enemies":"3 Shapes","floor":35.0,"turns":7.0},{"damage":37,"enemies":"3 Darklings","floor":36,"turns":4},{"damage":62,"enemies":"2 Orb Walkers","floor":38,"turns":4}],"seed_played":"5040007698298028991","potions_obtained":[{"floor":1.0,"key":"LiquidBronze"},{"floor":3.0,"key":"Poison Potion"},{"floor":13.0,"key":"Swift Potion"},{"floor":24.0,"key":"Explosive Potion"},{"floor":30.0,"key":"Swift Potion"},{"floor":33.0,"key":"LiquidBronze"}],"is_trial":false,"path_per_floor":["M","?","M","M","M","R","E","?","T","?","R","?","E","M","R","B",null,"M","?","$","M","$","R","E","?","T","M","R","M","E","M","R","B",null,"M","M","M","?","?"],"character_chosen":"THE_SILENT","items_purchased":["Apotheosis","Bottled Lightning","Strawberry"],"campfire_rested":4,"item_purchase_floors":[20,20,20],"current_hp_per_floor":[75,75,75,75,60,60,53,53,53,53,53,59,47,42,66,44,83,54,38,45,28,28,55,13,19,19,14,42,27,16,28,56,59,96,81,56,56,0],"gold":270,"neow_bonus":"TEN_PERCENT_HP_BONUS","is_prod":false,"is_daily":false,"chose_seed":false,"campfire_upgraded":2,"win_rate":0,"timestamp":1542478474,"path_taken":["M","?","M","?","M","R","E","?","T","?","R","?","E","M","R","BOSS","M","?","$","M","$","R","E","?","T","M","R","M","E","M","R","BOSS","M","M","?","?"],"build_version":"2018-11-15","purchased_purges":1,"victory":false,"max_hp_per_floor":[77,77,77,77,77,77,77,77,77,77,77,83,83,83,83,83,83,83,83,90,90,90,90,90,96,96,96,96,96,96,96,96,96,96,96,96,96,96],"card_choices":[{"not_picked":["Escape Plan","Blade Dance"],"picked":"Noxious Fumes","floor":1.0},{"not_picked":["Sucker Punch","Endless Agony"],"picked":"Deadly Poison","floor":3.0},{"not_picked":["Slice","Cloak And Dagger"],"picked":"Blur","floor":4.0},{"not_picked":["Infinite Blades","Distraction"],"picked":"Leg Sweep","floor":5.0},{"not_picked":["Blade Dance","Flying Knee"],"picked":"Deflect","floor":7.0},{"not_picked":["Accuracy","Slice"],"picked":"Deadly Poison","floor":13.0},{"not_picked":["Setup","Reflex"],"picked":"A Thousand Cuts","floor":14.0},{"not_picked":["Night Terror","Unload"],"picked":"Adrenaline","floor":16.0},{"not_picked":["Bane","Masterful Stab"],"picked":"Deadly Poison","floor":18.0},{"not_picked":["Infinite Blades","Tactician"],"picked":"Flying Knee+1","floor":21.0},{"not_picked":["Blur","Skewer"],"picked":"Leg Sweep+1","floor":24.0},{"not_picked":["Choke","Cloak And Dagger"],"picked":"Expertise+1","floor":27.0},{"not_picked":["Underhanded Strike","Heel Hook"],"picked":"Blur+1","floor":29.0},{"not_picked":["Outmaneuver+1","Poisoned Stab"],"picked":"Backflip+1","floor":30.0},{"not_picked":["All Out Attack","Prepared","Blade Dance+1"],"picked":"SKIP","floor":31.0},{"not_picked":["Wraith Form v2","A Thousand Cuts"],"picked":"Venomology","floor":33.0},{"not_picked":["Sucker Punch+1","Tactician+1"],"picked":"Deadly Poison+1","floor":35},{"not_picked":["Calculated Gamble+1","Dodge and Roll","Quick Slash+1"],"picked":"SKIP","floor":36}],"player_experience":204710,"relics_obtained":[{"floor":7.0,"key":"Darkstone Periapt"},{"floor":9.0,"key":"Orichalcum"},{"floor":13.0,"key":"Ancient Tea Set"},{"floor":19.0,"key":"Nilry\u0027s Codex"},{"floor":24.0,"key":"Gremlin Horn"},{"floor":26.0,"key":"Oddly Smooth Stone"},{"floor":30.0,"key":"Meat on the Bone"}],"event_choices":[{"damage_healed":0.0,"max_hp_gain":0.0,"max_hp_loss":0.0,"gold_gain":0.0,"cards_transformed":["Defend_G"],"event_name":"Transmorgrifier","player_choice":"Transformed","floor":2.0,"gold_loss":0.0,"damage_taken":0.0,"cards_obtained":["Adrenaline"]},{"damage_healed":0.0,"max_hp_gain":0.0,"max_hp_loss":0.0,"gold_gain":0.0,"event_name":"Golden Wing","player_choice":"Ignored","floor":8.0,"gold_loss":0.0,"damage_taken":0.0},{"damage_healed":0.0,"max_hp_gain":0.0,"max_hp_loss":0.0,"gold_gain":0.0,"event_name":"World of Goop","player_choice":"Left Gold","floor":10.0,"gold_loss":20.0,"damage_taken":0.0},{"damage_healed":0.0,"max_hp_gain":0.0,"max_hp_loss":0.0,"gold_gain":275.0,"event_name":"Golden Shrine","player_choice":"Desecrate","floor":12.0,"gold_loss":0.0,"damage_taken":0.0,"cards_obtained":["Regret"]},{"damage_healed":0.0,"max_hp_gain":0.0,"max_hp_loss":0.0,"gold_gain":0.0,"event_name":"Cursed Tome","player_choice":"Obtained Book","floor":19.0,"gold_loss":0.0,"damage_taken":16.0},{"damage_healed":0.0,"max_hp_gain":0.0,"max_hp_loss":0.0,"gold_gain":0.0,"event_name":"Forgotten Altar","player_choice":"Smashed Altar","floor":25.0,"gold_loss":0.0,"damage_taken":0.0,"cards_obtained":["Decay"]},{"cards_removed":["After Image"],"damage_healed":0,"gold_gain":0,"player_choice":"Removed Power","damage_taken":0,"max_hp_gain":0,"max_hp_loss":0,"event_name":"Falling","floor":37,"gold_loss":0},{"damage_healed":0,"gold_gain":0,"player_choice":"Fight","damage_taken":0,"max_hp_gain":0,"max_hp_loss":0,"event_name":"Mysterious Sphere","floor":38,"gold_loss":0}],"is_beta":false,"boss_relics":[{"not_picked":["HoveringKite","Busted Crown"],"picked":"Astrolabe"},{"not_picked":["Velvet Choker","Black Star"],"picked":"Pandora\u0027s Box"}],"items_purged_floors":[22],"is_endless":false,"potions_floor_spawned":[1,3,13,24,30,33],"killed_by":"2 Orb Walkers","ascension_level":3}