{"gold_per_floor":[112,112,132,307,307,307,348,399,426,439,460,460,410,434,434,553,553,568,589,610,634,549,549,549,549,575,575,600,505,519,519,519,519],"floor_reached":33,"playtime":1207,"items_purged":["Strike_B","Turbo"],"score":272,"play_id":"68d8aa71-ba73-481e-a84a-24526af98d5d","local_time":"20190413130330","is_ascension_mode":false,"campfire_choices":[{"data":"Zap","floor":6,"key":"SMITH"},{"data":"Genetic Algorithm","floor":12,"key":"SMITH"},{"data":"Streamline","floor":15,"key":"SMITH"},{"data":"Electrodynamics","floor":23,"key":"SMITH"},{"data":"Double Energy","floor":25,"key":"SMITH"},{"floor":27,"key":"RECALL"},{"data":"Hologram","floor":32,"key":"SMITH"}],"neow_cost":"NONE","seed_source_timestamp":8929435773276,"circlet_count":0,"master_deck":["Zap+1","Dualcast+1","Genetic Algorithm+1","Double Energy+1","Gash","Streamline+1","Biased Cognition","Beam Cell","Scrape","Electrodynamics+1","Chill","FTL","Double Energy+1","Melter","Gash","Cold Snap","Hologram+1"],"relics":["Cracked Core","NeowsBlessing","Golden Idol","Ornamental Fan","War Paint","Smiling Mask","Pandora\u0027s Box","Bronze Scales"],"potions_floor_usage":[11,14,16,30,33],"damage_taken":[{"damage":0,"enemies":"2 Louse","floor":1,"turns":1},{"damage":0,"enemies":"Small Slimes","floor":3,"turns":1},{"damage":0,"enemies":"3 Sentries","floor":7,"turns":1},{"damage":1,"enemies":"Cultist","floor":10,"turns":3},{"damage":9,"enemies":"Large Slime","floor":11,"turns":5},{"damage":4,"enemies":"Red Slaver","floor":14,"turns":4},{"damage":26,"enemies":"The Guardian","floor":16,"turns":11},{"damage":8,"enemies":"Shell Parasite","floor":18,"turns":3},{"damage":10,"enemies":"Chosen","floor":19,"turns":3},{"damage":21,"enemies":"Snake Plant","floor":20,"turns":3},{"damage":0,"enemies":"3 Cultists","floor":21,"turns":3},{"damage":10,"enemies":"Shelled Parasite and Fungi","floor":28,"turns":3},{"damage":0,"enemies":"Snecko","floor":30,"turns":2},{"damage":33,"enemies":"Champ","floor":33,"turns":8}],"seed_played":"3443695788829004143","potions_obtained":[{"floor":3,"key":"AttackPotion"},{"floor":10,"key":"AttackPotion"},{"floor":11,"key":"Fruit Juice"},{"floor":14,"key":"Energy Potion"},{"floor":16,"key":"PowerPotion"},{"floor":20,"key":"Energy Potion"},{"floor":30,"key":"AttackPotion"}],"is_trial":false,"path_per_floor":["M","?","M","?","?","R","E","T","T","M","M","R","$","M","R","B",null,"M","M","M","M","?","R","?","R","T","R","M","$","M","?","R","B"],"character_chosen":"DEFECT","items_purchased":["Hologram"],"campfire_rested":0,"item_purchase_floors":[29],"current_hp_per_floor":[75,57,57,57,50,50,50,50,50,49,40,40,40,41,41,15,80,72,62,41,41,41,41,41,41,41,41,31,31,31,31,31,0],"gold":519,"neow_bonus":"THREE_ENEMY_KILL","is_prod":false,"is_daily":false,"chose_seed":false,"campfire_upgraded":6,"win_rate":0,"timestamp":1555131810,"path_taken":["M","?","M","?","?","R","E","?","T","M","M","R","?","M","R","BOSS","M","M","M","M","?","R","?","R","T","R","M","$","M","?","R","BOSS"],"build_version":"2019-01-23","purchased_purges":2,"victory":false,"max_hp_per_floor":[75,75,75,75,75,75,75,75,75,75,75,75,75,80,80,80,80,80,80,80,80,80,80,80,80,80,80,80,80,80,80,80,80],"card_choices":[{"not_picked":["Barrage","Lockon","Force Field"],"picked":"SKIP","floor":1},{"not_picked":["Steam","Compile Driver"],"picked":"Genetic Algorithm","floor":3},{"not_picked":["Buffer","Doom and Gloom"],"picked":"Double Energy","floor":7},{"not_picked":["FTL","Reprogram"],"picked":"Turbo","floor":10},{"not_picked":["Cold Snap","Ball Lightning"],"picked":"Gash","floor":11},{"not_picked":["Barrage","Stack"],"picked":"Streamline","floor":14},{"not_picked":["Multi-Cast","Fission"],"picked":"Biased Cognition","floor":16},{"not_picked":["Blizzard+1","Scrape+1"],"picked":"Sunder+1","floor":18},{"not_picked":["Genetic Algorithm","Go for the Eyes","Chill"],"picked":"SKIP","floor":19},{"not_picked":["Leap","Go for the Eyes+1","Fission"],"picked":"SKIP","floor":20},{"not_picked":["Coolheaded","Compile Driver"],"picked":"Gash","floor":21},{"not_picked":["Leap","Fusion"],"picked":"Cold Snap","floor":28},{"not_picked":["Stack","Heatsinks","Loop"],"picked":"SKIP","floor":30}],"player_experience":428005,"relics_obtained":[{"floor":7,"key":"Ornamental Fan"},{"floor":8,"key":"War Paint"},{"floor":9,"key":"Smiling Mask"}],"event_choices":[{"damage_healed":0,"gold_gain":0,"player_choice":"Take Damage","damage_taken":18,"relics_obtained":["Golden Idol"],"max_hp_gain":0,"max_hp_loss":0,"event_name":"Golden Idol","floor":2,"gold_loss":0},{"damage_healed":0,"gold_gain":175,"player_choice":"AGREE","damage_taken":0,"max_hp_gain":0,"max_hp_loss":0,"event_name":"Liars Game","floor":4,"gold_loss":0,"cards_obtained":["Doubt"]},{"cards_removed":["Doubt"],"damage_healed":0,"gold_gain":0,"player_choice":"Card Removal","damage_taken":7,"max_hp_gain":0,"max_hp_loss":0,"event_name":"Golden Wing","floor":5,"gold_loss":0},{"damage_healed":0,"gold_gain":0,"player_choice":"Obtained Relic","damage_taken":0,"relics_obtained":["Bronze Scales"],"max_hp_gain":0,"max_hp_loss":0,"event_name":"Addict","floor":22,"gold_loss":85},{"damage_healed":0,"gold_gain":0,"player_choice":"Ignored","damage_taken":0,"max_hp_gain":0,"max_hp_loss":0,"event_name":"Ghosts","floor":24,"gold_loss":0},{"cards_removed":["Sunder"],"damage_healed":0,"gold_gain":0,"player_choice":"Elegance","damage_taken":0,"max_hp_gain":0,"max_hp_loss":0,"event_name":"Back to Basics","floor":31,"gold_loss":0}],"is_beta":false,"boss_relics":[{"not_picked":["Runic Dome","Velvet Choker"],"picked":"Pandora\u0027s Box"}],"items_purged_floors":[13,29],"is_endless":false,"potions_floor_spawned":[3,10,11,14,16,20,30],"killed_by":"Champ","ascension_level":0}