{"gold_per_floor":[116,133,81,98,113,141,141,155,180,180,180,213,213,138,138,138],"floor_reached":16,"playtime":553,"items_purged":["Strike_R"],"score":220,"play_id":"84d7e5cf-af25-40f5-b6b8-e6421ba7a372","local_time":"20190318181753","is_ascension_mode":true,"campfire_choices":[{"data":"Carnage","floor":7,"key":"SMITH"},{"data":"Metallicize","floor":13,"key":"SMITH"},{"data":"Disarm","floor":15,"key":"SMITH"}],"neow_cost":"NONE","seed_source_timestamp":998827050307651,"circlet_count":0,"master_deck":["AscendersBane","Strike_R","Strike_R","Strike_R","Strike_R","Defend_R","Defend_R","Defend_R","Defend_R","Bash+1","Dramatic Entrance","Metallicize+1","Carnage+1","Shrug It Off","Disarm+1"],"relics":["Burning Blood","Singing Bowl","Centennial Puzzle","PreservedInsect","Golden Idol","Potion Belt"],"potions_floor_usage":[16,16],"damage_taken":[{"damage":6,"enemies":"Jaw Worm","floor":1,"turns":4},{"damage":2,"enemies":"Cultist","floor":2,"turns":4},{"damage":0,"enemies":"Small Slimes","floor":4,"turns":2},{"damage":2,"enemies":"2 Fungi Beasts","floor":5,"turns":4},{"damage":33,"enemies":"3 Sentries","floor":6,"turns":10},{"damage":9,"enemies":"Red Slaver","floor":8,"turns":2},{"damage":9,"enemies":"Lagavulin","floor":12,"turns":4},{"damage":50,"enemies":"Hexaghost","floor":16,"turns":14}],"seed_played":"4296220807240872746","potions_obtained":[{"floor":4,"key":"Block Potion"},{"floor":6,"key":"PowerPotion"}],"is_trial":false,"path_per_floor":["M","M","?","M","M","E","R","M","T","?","?","E","R","$","R","B"],"character_chosen":"IRONCLAD","items_purchased":[],"campfire_rested":0,"item_purchase_floors":[],"current_hp_per_floor":[68,72,72,77,77,50,50,49,49,49,49,46,46,46,46,0],"gold":138,"neow_bonus":"RANDOM_COLORLESS","is_prod":false,"is_daily":false,"chose_seed":false,"campfire_upgraded":3,"win_rate":0,"timestamp":1552900673,"path_taken":["M","M","?","M","?","E","R","M","T","?","?","E","R","$","R","BOSS"],"build_version":"2019-01-23","purchased_purges":1,"victory":false,"max_hp_per_floor":[75,75,75,77,77,77,77,79,79,72,72,72,72,72,72,72],"card_choices":[{"not_picked":["Warcry","Sword Boomerang","Body Slam"],"picked":"SKIP","floor":1},{"not_picked":["Warcry","Armaments"],"picked":"Metallicize","floor":2},{"not_picked":["Warcry","Fire Breathing","Armaments"],"picked":"Singing Bowl","floor":4},{"not_picked":["Body Slam","Corruption"],"picked":"Carnage","floor":5},{"not_picked":["Entrench","Demon Form"],"picked":"Shrug It Off","floor":6},{"not_picked":["Flame Barrier","Sentinel","Warcry"],"picked":"Singing Bowl","floor":8},{"not_picked":["Headbutt","Flame Barrier"],"picked":"Disarm","floor":12}],"player_experience":742003,"relics_obtained":[{"floor":6,"key":"Centennial Puzzle"},{"floor":9,"key":"PreservedInsect"},{"floor":12,"key":"Potion Belt"}],"event_choices":[{"damage_healed":0,"gold_gain":0,"player_choice":"Paid Gold","damage_taken":0,"relics_obtained":["Singing Bowl"],"max_hp_gain":0,"max_hp_loss":0,"event_name":"WeMeetAgain","floor":3,"gold_loss":52},{"damage_healed":0,"gold_gain":0,"player_choice":"Lose Max HP","damage_taken":0,"relics_obtained":["Golden Idol"],"max_hp_gain":0,"max_hp_loss":7,"event_name":"Golden Idol","floor":10,"gold_loss":0},{"damage_healed":0,"gold_gain":0,"player_choice":"Upgraded","damage_taken":0,"max_hp_gain":0,"max_hp_loss":0,"event_name":"Upgrade Shrine","floor":11,"gold_loss":0,"cards_upgraded":["Bash"]}],"is_beta":false,"boss_relics":[],"items_purged_floors":[14],"is_endless":false,"potions_floor_spawned":[4,6],"killed_by":"Hexaghost","ascension_level":20}