{"gold_per_floor":[110,127,52,52,52,52,386,386,386,386,400,400,6,26,26,100,100,116,133,133,14,29,29,48,48],"floor_reached":25,"playtime":1007,"items_purged":[],"score":392,"play_id":"a952b7d0-bc66-47a0-9a52-c3848f70ab7c","local_time":"20190217144516","is_ascension_mode":true,"campfire_choices":[{"data":"Leap","floor":6.0,"key":"SMITH"},{"data":"White Noise","floor":10,"key":"SMITH"},{"data":"Barrage","floor":12,"key":"SMITH"},{"data":"Biased Cognition","floor":15,"key":"SMITH"},{"floor":23,"key":"REST"}],"neow_cost":"NONE","seed_source_timestamp":2177670848867555,"circlet_count":0,"master_deck":["AscendersBane","Zap+1","Dualcast","Hologram+1","Leap+1","Glacier","Barrage+1","Biased Cognition+1","White Noise+1","Go for the Eyes","FTL","Core Surge","Buffer","Core Surge","Melter","Hyperbeam","All For One","Scrape","Hyperbeam","Multi-Cast","Leap","Defragment","Hologram+1","Ball Lightning","Consume"],"special_seed":0,"relics":["Cracked Core","Old Coin","Peace Pipe","Membership Card","Mummified Hand","Pandora\u0027s Box","Runic Capacitor"],"potions_floor_usage":[16,16,25],"damage_taken":[{"damage":4.0,"enemies":"Jaw Worm","floor":1.0,"turns":3.0},{"damage":12.0,"enemies":"2 Louse","floor":2.0,"turns":3.0},{"damage":12.0,"enemies":"3 Sentries","floor":7.0,"turns":13.0},{"damage":1,"enemies":"Cultist","floor":11,"turns":3},{"damage":17,"enemies":"Exordium Thugs","floor":14,"turns":3},{"damage":41,"enemies":"Slime Boss","floor":16,"turns":11},{"damage":4,"enemies":"Chosen","floor":18,"turns":4},{"damage":0,"enemies":"Spheric Guardian","floor":19,"turns":3},{"damage":33,"enemies":"Snake Plant","floor":22,"turns":3},{"damage":15,"enemies":"Snecko","floor":24,"turns":4},{"damage":27,"enemies":"Shelled Parasite and Fungi","floor":25,"turns":3}],"seed_played":"-1341815252017120226","potions_obtained":[{"floor":7.0,"key":"Swift Potion"},{"floor":11,"key":"Regen Potion"},{"floor":22,"key":"SpeedPotion"}],"is_trial":false,"path_per_floor":["M","M","$","?","?","R","E","?","T","R","M","R","$","M","R","B",null,"M","M","?","$","M","R","M","M"],"character_chosen":"DEFECT","items_purchased":["Glacier","Membership Card","Mummified Hand","Go for the Eyes","Runic Capacitor","Ball Lightning"],"campfire_rested":1,"item_purchase_floors":[3,13,13,13,21,21],"current_hp_per_floor":[60,48,48,71,71,71,59,59,59,59,58,58,58,41,41,15,57,53,53,53,53,20,41,26,0],"gold":48,"neow_bonus":"UPGRADE_CARD","is_prod":false,"is_daily":false,"chose_seed":false,"campfire_upgraded":4,"win_rate":0,"timestamp":1550382316,"path_taken":["M","M","$","?","?","R","E","?","T","R","M","R","$","M","R","BOSS","M","?","?","?","M","R","M","M"],"build_version":"2019-01-23","purchased_purges":0,"victory":false,"max_hp_per_floor":[71,71,71,71,71,71,71,71,71,71,71,71,71,71,71,71,71,71,71,71,71,71,71,71,71],"card_choices":[{"not_picked":["Leap","Compile Driver"],"picked":"Hologram","floor":1.0},{"not_picked":["Chill","Darkness"],"picked":"Leap","floor":2.0},{"not_picked":["Coolheaded","Streamline"],"picked":"Barrage","floor":7.0},{"not_picked":["Force Field","Steam","Leap"],"picked":"SKIP","floor":11},{"not_picked":["Coolheaded","Gash"],"picked":"FTL","floor":14},{"not_picked":["Buffer","Hyperbeam"],"picked":"Core Surge","floor":16},{"not_picked":["Beam Cell","Hello World"],"picked":"Leap","floor":18},{"not_picked":["Steam","Hologram"],"picked":"Defragment","floor":19},{"not_picked":["Steam Power","Sweeping Beam","Melter"],"picked":"SKIP","floor":22},{"not_picked":["Multi-Cast","Steam"],"picked":"Consume","floor":24}],"player_experience":553421,"relics_obtained":[{"floor":7.0,"key":"Old Coin"},{"floor":9,"key":"Peace Pipe"}],"event_choices":[{"damage_healed":23.0,"max_hp_gain":0.0,"max_hp_loss":0.0,"gold_gain":0.0,"event_name":"Big Fish","player_choice":"Banana","floor":4.0,"gold_loss":0.0,"damage_taken":0.0},{"damage_healed":0.0,"max_hp_gain":0.0,"max_hp_loss":0.0,"gold_gain":0.0,"event_name":"Living Wall","player_choice":"Grow","floor":5.0,"gold_loss":0.0,"damage_taken":0.0,"cards_upgraded":["Hologram"]},{"damage_healed":0,"gold_gain":0,"player_choice":"2 cards matched","damage_taken":0,"max_hp_gain":0,"max_hp_loss":0,"event_name":"Match and Keep!","floor":8,"gold_loss":0,"cards_obtained":["Biased Cognition","White Noise"]},{"damage_healed":0,"gold_gain":0,"player_choice":"Copied","damage_taken":0,"max_hp_gain":0,"max_hp_loss":0,"event_name":"Duplicator","floor":20,"gold_loss":0,"cards_obtained":["Hologram"]}],"is_beta":false,"boss_relics":[{"not_picked":["Fusion Hammer","Runic Pyramid"],"picked":"Pandora\u0027s Box"}],"items_purged_floors":[],"is_endless":false,"potions_floor_spawned":[7,11,14,22],"killed_by":"Shelled Parasite and Fungi","ascension_level":19}