{"gold_per_floor":[115,65,82,257,257,284,141,170,193,228,247,247,266,144,144,244,244,261,261,279,25,35,35,46,66,90,117,117,117,142,154,166,278,290,312,337,349,361],"floor_reached":38,"playtime":2000,"items_purged":["Doubt","Strike_G","Strike_G"],"score":553,"play_id":"d0d5670f-0cf1-4229-87cb-09f889825b26","local_time":"20190209115036","is_ascension_mode":true,"campfire_choices":[{"data":"Blade Dance","floor":12,"key":"SMITH"},{"data":"Well Laid Plans","floor":15,"key":"SMITH"},{"data":"Accuracy","floor":23,"key":"SMITH"},{"data":"Infinite Blades","floor":29,"key":"SMITH"},{"data":"Neutralize","floor":32,"key":"SMITH"}],"neow_cost":"NONE","seed_source_timestamp":8940242732634,"circlet_count":0,"master_deck":["Defend_G","Defend_G","Defend_G","Defend_G","Survivor","Neutralize+1","Blade Dance+1","Skewer+1","Accuracy+1","PiercingWail","Unload","PiercingWail","Accuracy","Well Laid Plans+1","PiercingWail+1","Acrobatics","Infinite Blades+1","Well Laid Plans","Finisher","Bite","Bite","Bite","Bite","Bite","Glass Knife","PiercingWail"],"relics":["Ring of the Snake","NeowsBlessing","Vajra","Mercury Hourglass","Smiling Mask","Mango","Coffee Dripper","MealTicket","Orichalcum","Bronze Scales","MawBank","Velvet Choker","CultistMask"],"potions_floor_usage":[8,24,30,30,30],"damage_taken":[{"damage":0,"enemies":"Jaw Worm","floor":1,"turns":1},{"damage":0,"enemies":"Small Slimes","floor":3,"turns":1},{"damage":0,"enemies":"3 Sentries","floor":6,"turns":1},{"damage":14,"enemies":"Gremlin Nob","floor":8,"turns":3},{"damage":17,"enemies":"3 Sentries","floor":10,"turns":5},{"damage":0,"enemies":"Cultist","floor":11,"turns":2},{"damage":4,"enemies":"Gremlin Gang","floor":13,"turns":3},{"damage":11,"enemies":"Slime Boss","floor":16,"turns":5},{"damage":0,"enemies":"Spheric Guardian","floor":18,"turns":2},{"damage":11,"enemies":"2 Thieves","floor":20,"turns":2},{"damage":0,"enemies":"Snake Plant","floor":22,"turns":4},{"damage":9,"enemies":"Snecko","floor":24,"turns":4},{"damage":21,"enemies":"Centurion and Healer","floor":25,"turns":5},{"damage":3,"enemies":"Gremlin Leader","floor":27,"turns":6},{"damage":9,"enemies":"Slavers","floor":30,"turns":4},{"damage":31,"enemies":"Collector","floor":33,"turns":10},{"damage":31,"enemies":"3 Shapes","floor":35,"turns":3},{"damage":11,"enemies":"Orb Walker","floor":36,"turns":3},{"damage":55,"enemies":"Transient","floor":38,"turns":5}],"seed_played":"-961513252720497381","potions_obtained":[{"floor":3,"key":"FearPotion"},{"floor":8,"key":"EssenceOfSteel"},{"floor":11,"key":"Regen Potion"},{"floor":16,"key":"SpeedPotion"},{"floor":22,"key":"AttackPotion"},{"floor":24,"key":"EssenceOfSteel"}],"is_trial":false,"path_per_floor":["M","?","M","?","?","E","$","E","T","E","M","R","M","$","R","B",null,"M","?","M","$","M","R","M","M","T","E","?","R","E","?","R","B",null,"M","M","?","M"],"character_chosen":"THE_SILENT","items_purchased":["Accuracy","Well Laid Plans","MealTicket"],"campfire_rested":0,"item_purchase_floors":[7,14,21],"current_hp_per_floor":[70,70,70,70,70,70,70,56,56,53,53,53,49,49,49,38,84,84,84,73,73,73,73,64,43,43,40,68,68,73,58,58,37,58,29,24,24,0],"gold":361,"neow_bonus":"THREE_ENEMY_KILL","is_prod":false,"is_daily":false,"chose_seed":false,"campfire_upgraded":5,"win_rate":0,"timestamp":1549684236,"path_taken":["M","?","M","?","?","E","$","E","T","E","?","R","?","$","R","BOSS","M","?","?","?","M","R","M","M","T","E","?","R","E","?","R","BOSS","M","M","?","M"],"build_version":"2019-01-23","purchased_purges":3,"victory":false,"max_hp_per_floor":[70,70,70,70,70,70,70,70,70,84,84,84,84,84,84,84,84,84,84,84,84,84,84,84,84,84,84,84,84,84,58,58,58,58,58,58,58,58],"card_choices":[{"not_picked":["Dagger Spray","Sucker Punch"],"picked":"Blade Dance","floor":1},{"not_picked":["Noxious Fumes","Quick Slash"],"picked":"Skewer","floor":3},{"not_picked":["Backflip","Concentrate","Dagger Throw"],"picked":"SKIP","floor":6},{"not_picked":["Acrobatics","Outmaneuver"],"picked":"PiercingWail","floor":8},{"not_picked":["Flying Knee","Sucker Punch"],"picked":"Unload","floor":10},{"not_picked":["Deadly Poison","Blade Dance"],"picked":"PiercingWail","floor":11},{"not_picked":["Backstab","Prepared"],"picked":"Accuracy","floor":13},{"not_picked":["Deadly Poison+1","Skewer","Flying Knee"],"picked":"SKIP","floor":18},{"not_picked":["Noxious Fumes","Dagger Spray+1"],"picked":"PiercingWail+1","floor":20},{"not_picked":["Slice","Backflip","Dagger Throw"],"picked":"SKIP","floor":22},{"not_picked":["Sucker Punch+1","Bouncing Flask"],"picked":"Acrobatics","floor":24},{"not_picked":["Deflect","Flying Knee"],"picked":"Infinite Blades","floor":25},{"not_picked":["All Out Attack","Flying Knee+1"],"picked":"Well Laid Plans","floor":27},{"not_picked":["Glass Knife","Poisoned Stab"],"picked":"Finisher","floor":30},{"not_picked":["Grand Finale","Doppelganger"],"picked":"Glass Knife","floor":33},{"not_picked":["Sucker Punch+1","Backflip+1"],"picked":"PiercingWail","floor":35},{"not_picked":["Concentrate","Flying Knee+1","PiercingWail"],"picked":"SKIP","floor":36}],"player_experience":398271,"relics_obtained":[{"floor":6,"key":"Vajra"},{"floor":8,"key":"Mercury Hourglass"},{"floor":9,"key":"Smiling Mask"},{"floor":10,"key":"Mango"},{"floor":26,"key":"Orichalcum"},{"floor":27,"key":"Bronze Scales"},{"floor":30,"key":"MawBank"}],"event_choices":[{"cards_removed":["Strike_G"],"damage_healed":0,"gold_gain":0,"player_choice":"Card Removal","damage_taken":0,"max_hp_gain":0,"max_hp_loss":0,"event_name":"The Cleric","floor":2,"gold_loss":50},{"damage_healed":0,"gold_gain":175,"player_choice":"AGREE","damage_taken":0,"max_hp_gain":0,"max_hp_loss":0,"event_name":"Liars Game","floor":4,"gold_loss":0,"cards_obtained":["Doubt"]},{"damage_healed":0,"gold_gain":0,"player_choice":"Upgraded","damage_taken":0,"max_hp_gain":0,"max_hp_loss":0,"event_name":"Upgrade Shrine","floor":5,"gold_loss":0,"cards_upgraded":["Skewer"]},{"cards_removed":["Defend_G"],"damage_healed":0,"gold_gain":0,"player_choice":"Offered Basic","damage_taken":0,"max_hp_gain":0,"max_hp_loss":0,"event_name":"Bonfire Elementals","floor":19,"gold_loss":0},{"damage_healed":28,"gold_gain":0,"player_choice":"Heal","damage_taken":0,"max_hp_gain":0,"max_hp_loss":0,"event_name":"The Library","floor":28,"gold_loss":0},{"damage_healed":0,"gold_gain":0,"player_choice":"Became a vampire","damage_taken":0,"max_hp_gain":0,"max_hp_loss":26,"event_name":"Vampires","floor":31,"gold_loss":0,"cards_obtained":["Bite","Bite","Bite","Bite","Bite"]},{"damage_healed":0,"gold_gain":0,"player_choice":"Trade","damage_taken":0,"relics_obtained":["CultistMask"],"max_hp_gain":0,"max_hp_loss":0,"event_name":"FaceTrader","floor":37,"gold_loss":0}],"is_beta":false,"boss_relics":[{"not_picked":["White Beast Statue","Calling Bell"],"picked":"Coffee Dripper"},{"not_picked":["Snecko Eye","HoveringKite"],"picked":"Velvet Choker"}],"items_purged_floors":[7,14,21],"is_endless":false,"potions_floor_spawned":[3,8,11,16,22,24],"killed_by":"Transient","ascension_level":2}