{"gold_per_floor":[117,19,19,31,49,75,75,100,100,100,118,149,149,114,114,218,218,231,231,231,251,263,263,298,298,298,329,348,348,150,183,183,285,285,303,303,319,419,419,449,467,467,491,522,576,602,612,78,78,78,78,78,0,30,30],"floor_reached":56,"playtime":2640,"items_purged":["Strike_B"],"score":1538,"play_id":"0e870959-ba05-4d6e-abec-c58d85901e63","local_time":"20190415211456","is_ascension_mode":true,"campfire_choices":[{"data":"Self Repair","floor":7,"key":"SMITH"},{"data":"Seek","floor":13,"key":"SMITH"},{"data":"Leap","floor":15,"key":"SMITH"},{"data":"Electrodynamics","floor":23,"key":"SMITH"},{"floor":25,"key":"REST"},{"floor":32,"key":"REST"},{"floor":49,"key":"RECALL"},{"data":"White Noise","floor":52,"key":"SMITH"}],"neow_cost":"NONE","seed_source_timestamp":786170336885648,"circlet_count":0,"master_deck":["Strike_B","Defend_B","Defend_B","Defend_B","Defend_B","Zap+1","Dualcast","Leap+1","Self Repair+1","Ball Lightning","Hologram","Ball Lightning","Seek+1","Electrodynamics+1","Leap","Chill","Go for the Eyes","Auto Shields","Biased Cognition","Buffer","White Noise+1","Capacitor","Electrodynamics","Coolheaded+1","Leap+1","Undo","Chaos+1","Coolheaded+1","Defragment","Cold Snap+1","Compile Driver+1","Core Surge+1","White Noise","Loop","Capacitor","Defragment","Amplify"],"relics":["Cracked Core","Potion Belt","Ginger","FossilizedHelix","Emotion Chip","Juzu Bracelet","Black Star","Mercury Hourglass","The Courier","Happy Flower","Strawberry","Enchiridion","Runic Capacitor","Letter Opener","Pear","Inserter","Thread and Needle","Bottled Lightning","Molten Egg 2","Orichalcum","Dream Catcher","Oddly Smooth Stone","Peace Pipe","Centennial Puzzle","Art of War","DollysMirror","Lantern","Boot"],"potions_floor_usage":[8,19,24,31,40,40,45,45,50,55,55,55],"damage_taken":[{"damage":1,"enemies":"Jaw Worm","floor":1,"turns":3},{"damage":0,"enemies":"Cultist","floor":4,"turns":3},{"damage":0,"enemies":"2 Louse","floor":5,"turns":2},{"damage":28,"enemies":"Lagavulin","floor":6,"turns":7},{"damage":33,"enemies":"3 Sentries","floor":8,"turns":6},{"damage":0,"enemies":"Large Slime","floor":11,"turns":3},{"damage":13,"enemies":"Lagavulin","floor":12,"turns":5},{"damage":21,"enemies":"Hexaghost","floor":16,"turns":9},{"damage":18,"enemies":"Shell Parasite","floor":18,"turns":6},{"damage":0,"enemies":"Colosseum Slavers","floor":19,"turns":2},{"damage":10,"enemies":"Chosen","floor":21,"turns":4},{"damage":15,"enemies":"Centurion and Healer","floor":22,"turns":7},{"damage":43,"enemies":"Gremlin Leader","floor":24,"turns":7},{"damage":4,"enemies":"Book of Stabbing","floor":27,"turns":5},{"damage":0,"enemies":"Snake Plant","floor":28,"turns":3},{"damage":21,"enemies":"Slavers","floor":31,"turns":3},{"damage":0,"enemies":"Collector","floor":33,"turns":7},{"damage":0,"enemies":"Orb Walker","floor":35,"turns":3},{"damage":0,"enemies":"3 Shapes","floor":37,"turns":2},{"damage":5,"enemies":"Mind Bloom Boss Battle","floor":38,"turns":6},{"damage":0,"enemies":"Giant Head","floor":40,"turns":7},{"damage":0,"enemies":"Sphere and 2 Shapes","floor":41,"turns":2},{"damage":0,"enemies":"Reptomancer","floor":44,"turns":5},{"damage":21,"enemies":"2 Orb Walkers","floor":45,"turns":5},{"damage":8,"enemies":"Giant Head","floor":46,"turns":9},{"damage":0,"enemies":"Maw","floor":47,"turns":5},{"damage":11,"enemies":"Donu and Deca","floor":50,"turns":5},{"damage":6,"enemies":"Shield and Spear","floor":54,"turns":5},{"damage":17,"enemies":"The Heart","floor":55,"turns":7}],"seed_played":"-8949121989578852304","potions_obtained":[{"floor":4,"key":"AttackPotion"},{"floor":8,"key":"SpeedPotion"},{"floor":12,"key":"SneckoOil"},{"floor":16,"key":"Energy Potion"},{"floor":24,"key":"Energy Potion"},{"floor":27,"key":"FocusPotion"},{"floor":33,"key":"Block Potion"},{"floor":38,"key":"PowerPotion"},{"floor":40,"key":"SpeedPotion"},{"floor":41,"key":"Block Potion"},{"floor":45,"key":"SteroidPotion"}],"is_trial":false,"path_per_floor":["M","$","?","M","M","E","R","E","T","$","M","E","R","?","R","B",null,"M","?","?","M","M","R","E","R","T","E","M","?","$","E","R","B",null,"M","$","M","?","?","E","M","?","T","E","?","E","M","$","R","B",null,"R","$","E","B",null],"character_chosen":"DEFECT","items_purchased":["Self Repair","Ball Lightning","Runic Capacitor","Capacitor","Core Surge+1","DollysMirror","Loop","Energy Potion","Capacitor","Defragment","Energy Potion","Block Potion","Weak Potion"],"campfire_rested":2,"item_purchase_floors":[2,2,30,30,48,48,48,48,48,48,48,53,53],"current_hp_per_floor":[74,74,74,75,75,54,54,31,31,31,41,38,38,56,56,45,75,67,67,67,67,62,62,29,51,51,64,64,48,48,47,74,74,92,92,92,92,92,92,92,92,92,92,92,81,83,92,92,92,81,92,92,92,92,85],"gold":30,"neow_bonus":"RANDOM_COMMON_RELIC","is_prod":false,"is_daily":false,"chose_seed":false,"campfire_upgraded":5,"win_rate":0,"timestamp":1555380896,"path_taken":["M","$","?","M","M","E","R","E","T","$","M","E","R","?","R","BOSS","M","?","?","M","M","R","E","R","T","E","M","?","$","E","R","BOSS","M","$","M","?","?","E","M","?","T","E","?","E","M","$","R","BOSS","R","$","E","BOSS"],"build_version":"2019-01-23","purchased_purges":1,"victory":true,"max_hp_per_floor":[75,75,75,75,75,75,75,75,75,75,75,75,75,75,75,75,75,75,75,75,75,75,75,75,75,75,82,82,82,82,92,92,92,92,92,92,92,92,92,92,92,92,92,92,92,92,92,92,92,92,92,92,92,92,92],"card_choices":[{"not_picked":["Consume","Gash"],"picked":"Leap","floor":1},{"not_picked":["Reprogram","Streamline"],"picked":"Hologram","floor":4},{"not_picked":["Hologram","Blizzard"],"picked":"Ball Lightning","floor":5},{"not_picked":["Compile Driver","Gash","Genetic Algorithm"],"picked":"SKIP","floor":6},{"not_picked":["Barrage","BootSequence"],"picked":"Seek","floor":8},{"not_picked":["Sweeping Beam","Turbo","Hologram"],"picked":"SKIP","floor":11},{"not_picked":["Redo","Stack","Turbo"],"picked":"SKIP","floor":12},{"not_picked":["Hyperbeam","Reboot"],"picked":"Electrodynamics","floor":16},{"not_picked":["Streamline","Self Repair"],"picked":"Leap","floor":18},{"not_picked":["Stack","Hologram+1"],"picked":"Go for the Eyes","floor":21},{"not_picked":["Redo","Gash"],"picked":"Auto Shields","floor":22},{"not_picked":["Hologram+1","Auto Shields+1"],"picked":"Biased Cognition","floor":24},{"not_picked":["Static Discharge","Heatsinks"],"picked":"Buffer","floor":27},{"not_picked":["Sunder+1","Cold Snap"],"picked":"White Noise","floor":28},{"not_picked":["Ball Lightning","Redo+1","Turbo"],"picked":"SKIP","floor":31},{"not_picked":["Machine Learning","Hyperbeam"],"picked":"Electrodynamics","floor":33},{"not_picked":["Doom and Gloom","Turbo","Self Repair"],"picked":"SKIP","floor":35},{"not_picked":["Barrage+1","Gash+1"],"picked":"Coolheaded+1","floor":37},{"not_picked":["Capacitor+1","Conserve Battery"],"picked":"Leap+1","floor":38},{"not_picked":["Redo","Blizzard+1","Steam+1"],"picked":"SKIP","floor":40},{"not_picked":["Go for the Eyes+1","Turbo"],"picked":"Chaos+1","floor":41},{"not_picked":["Turbo+1","Hello World"],"picked":"Coolheaded+1","floor":44},{"not_picked":["Compile Driver+1","Conserve Battery"],"picked":"Defragment","floor":45},{"not_picked":["Rebound+1","Beam Cell+1"],"picked":"Cold Snap+1","floor":46},{"not_picked":["Redo","Consume"],"picked":"Compile Driver+1","floor":47},{"not_picked":["Darkness+1","Leap"],"picked":"Amplify","floor":54}],"player_experience":1239628,"relics_obtained":[{"floor":6,"key":"Ginger"},{"floor":8,"key":"FossilizedHelix"},{"floor":9,"key":"Emotion Chip"},{"floor":12,"key":"Juzu Bracelet"},{"floor":24,"key":"Mercury Hourglass"},{"floor":24,"key":"The Courier"},{"floor":27,"key":"Happy Flower"},{"floor":27,"key":"Strawberry"},{"floor":29,"key":"Enchiridion"},{"floor":31,"key":"Letter Opener"},{"floor":31,"key":"Pear"},{"floor":38,"key":"Thread and Needle"},{"floor":40,"key":"Bottled Lightning"},{"floor":40,"key":"Molten Egg 2"},{"floor":43,"key":"Orichalcum"},{"floor":44,"key":"Dream Catcher"},{"floor":44,"key":"Oddly Smooth Stone"},{"floor":45,"key":"Peace Pipe"},{"floor":46,"key":"Centennial Puzzle"},{"floor":46,"key":"Art of War"},{"floor":54,"key":"Lantern"},{"floor":54,"key":"Boot"}],"event_choices":[{"damage_healed":0,"gold_gain":0,"player_choice":"Upgraded","damage_taken":0,"max_hp_gain":0,"max_hp_loss":0,"event_name":"Upgrade Shrine","floor":3,"gold_loss":0,"cards_upgraded":["Zap"]},{"damage_healed":18,"gold_gain":0,"player_choice":"Healed","damage_taken":0,"max_hp_gain":0,"max_hp_loss":0,"event_name":"The Cleric","floor":14,"gold_loss":35},{"damage_healed":0,"gold_gain":0,"player_choice":"Fight","damage_taken":0,"max_hp_gain":0,"max_hp_loss":0,"event_name":"Colosseum","floor":19,"gold_loss":0},{"damage_healed":0,"gold_gain":0,"player_choice":"Fled From Nobs","damage_taken":0,"max_hp_gain":0,"max_hp_loss":0,"event_name":"Colosseum","floor":19,"gold_loss":0},{"damage_healed":0,"gold_gain":0,"player_choice":"Read","damage_taken":0,"max_hp_gain":0,"max_hp_loss":0,"event_name":"The Library","floor":20,"gold_loss":0,"cards_obtained":["Chill"]},{"damage_healed":0,"gold_gain":0,"player_choice":"Obtained Book","damage_taken":16,"max_hp_gain":0,"max_hp_loss":0,"event_name":"Cursed Tome","floor":29,"gold_loss":0},{"damage_healed":0,"gold_gain":0,"player_choice":"Fight","damage_taken":0,"max_hp_gain":0,"max_hp_loss":0,"event_name":"MindBloom","floor":38,"gold_loss":0},{"damage_healed":0,"gold_gain":0,"cards_transformed":["Strike_B"],"player_choice":"Transformed","damage_taken":0,"max_hp_gain":0,"max_hp_loss":0,"event_name":"Transmorgrifier","floor":39,"gold_loss":0,"cards_obtained":["Undo"]},{"cards_removed":["Strike_B"],"damage_healed":0,"gold_gain":0,"player_choice":"Removed Attack","damage_taken":0,"max_hp_gain":0,"max_hp_loss":0,"event_name":"Falling","floor":42,"gold_loss":0},{"damage_healed":0,"gold_gain":0,"player_choice":"Fight","damage_taken":0,"max_hp_gain":0,"max_hp_loss":0,"event_name":"Mysterious Sphere","floor":45,"gold_loss":0}],"is_beta":false,"boss_relics":[{"not_picked":["Empty Cage","Snecko Eye"],"picked":"Black Star"},{"not_picked":["Runic Dome","Pandora\u0027s Box"],"picked":"Inserter"}],"items_purged_floors":[48],"is_endless":false,"potions_floor_spawned":[4,8,12,16,24,27,33,38,40,41,45,54],"ascension_level":1}