{"gold_per_floor":[17,17,28,40,40,40,56,66,66,66,66,95,105,139,139,235,235,253,98,115,127,127,152,152,152,152,186,186,31,31,45,45,150,200,213,138,138,9,25,25,52,71,71,100,100,100],"floor_reached":46,"playtime":3680,"items_purged":["Strike_R+1"],"score":631,"play_id":"1005a2b5-40e6-443a-b02d-40375c7ab005","local_time":"20190427211547","is_ascension_mode":true,"campfire_choices":[{"data":"Armaments","floor":6,"key":"SMITH"},{"data":"Bash","floor":11,"key":"SMITH"},{"data":"Inflame","floor":15,"key":"SMITH"},{"floor":25,"key":"REST"},{"floor":30,"key":"REST"},{"data":"Limit Break","floor":32,"key":"SMITH"},{"floor":40,"key":"RECALL"}],"neow_cost":"NO_GOLD","seed_source_timestamp":340393556402870,"circlet_count":0,"master_deck":["Strike_R+1","Strike_R+1","Strike_R+1","Defend_R+1","Defend_R+1","Defend_R+1","Defend_R+1","Bash+1","Heavy Blade+1","Armaments+1","Pain","Second Wind","Power Through","Uppercut","Inflame+1","Limit Break+1","Rupture","Uppercut","Shrug It Off","Metallicize+1","Fiend Fire","Reaper","Secret Weapon","Feel No Pain","Havoc+1","Shrug It Off+1","Feel No Pain+1"],"relics":["Burning Blood","WarpedTongs","Strawberry","Happy Flower","Dodecahedron","Velvet Choker","Gremlin Horn","Juzu Bracelet","Enchiridion","Torii","Blood Vial","Tiny House","PreservedInsect","Red Skull","Vajra"],"potions_floor_usage":[12,16,18,20,21,23,44,46],"damage_taken":[{"damage":6,"enemies":"Cultist","floor":1,"turns":3},{"damage":0,"enemies":"2 Louse","floor":3,"turns":2},{"damage":4,"enemies":"Small Slimes","floor":4,"turns":3},{"damage":11,"enemies":"2 Fungi Beasts","floor":7,"turns":4},{"damage":11,"enemies":"Blue Slaver","floor":8,"turns":4},{"damage":14,"enemies":"Lagavulin","floor":12,"turns":8},{"damage":2,"enemies":"3 Louse","floor":13,"turns":4},{"damage":26,"enemies":"3 Sentries","floor":14,"turns":11},{"damage":53,"enemies":"The Guardian","floor":16,"turns":9},{"damage":28,"enemies":"Spheric Guardian","floor":18,"turns":5},{"damage":12,"enemies":"Chosen","floor":20,"turns":4},{"damage":8,"enemies":"Snecko","floor":21,"turns":3},{"damage":42,"enemies":"Slavers","floor":23,"turns":7},{"damage":27,"enemies":"Gremlin Leader","floor":27,"turns":4},{"damage":22,"enemies":"Cultist and Chosen","floor":31,"turns":5},{"damage":32,"enemies":"Champ","floor":33,"turns":12},{"damage":15,"enemies":"3 Shapes","floor":35,"turns":5},{"damage":20,"enemies":"3 Darklings","floor":39,"turns":3},{"damage":25,"enemies":"Nemesis","floor":41,"turns":7},{"damage":76,"enemies":"Jaw Worm Horde","floor":42,"turns":6},{"damage":55,"enemies":"Reptomancer","floor":44,"turns":7},{"damage":76,"enemies":"Writhing Mass","floor":46,"turns":4}],"seed_played":"-1082792378375525864","potions_obtained":[{"floor":1,"key":"Ancient Potion"},{"floor":4,"key":"Block Potion"},{"floor":13,"key":"EssenceOfSteel"},{"floor":16,"key":"Strength Potion"},{"floor":18,"key":"Block Potion"},{"floor":20,"key":"Energy Potion"},{"floor":34,"key":"Dexterity Potion"},{"floor":42,"key":"Regen Potion"},{"floor":44,"key":"Poison Potion"}],"is_trial":false,"path_per_floor":["M","?","M","M","?","R","M","M","T","$","R","E","M","E","R","B",null,"M","$","M","M","T","E","?","R","T","E","?","$","R","M","R","B",null,"M","$","?","$","M","R","E","M","T","E","?","M"],"character_chosen":"IRONCLAD","items_purchased":["Rupture","Uppercut","Blood Vial","Feel No Pain","FearPotion"],"campfire_rested":2,"item_purchase_floors":[19,19,29,38,38],"current_hp_per_floor":[96,77,83,85,85,85,80,75,82,82,82,74,78,58,58,11,103,81,81,75,73,73,37,21,51,51,30,30,30,60,46,46,22,108,99,99,99,99,108,108,108,55,55,50,50,0],"gold":100,"neow_bonus":"TWENTY_PERCENT_HP_BONUS","is_prod":false,"is_daily":false,"chose_seed":false,"campfire_upgraded":4,"win_rate":0,"timestamp":1556414147,"path_taken":["M","?","M","M","?","R","M","M","T","$","R","E","M","E","R","BOSS","M","$","M","M","?","E","?","R","T","E","?","?","R","M","R","BOSS","M","$","?","$","M","R","E","M","T","E","?","M"],"build_version":"2019-01-23","purchased_purges":1,"victory":false,"max_hp_per_floor":[96,96,96,96,96,96,96,96,103,103,103,103,103,103,103,103,103,103,103,103,103,103,103,103,103,103,103,103,103,103,103,103,103,108,108,108,108,108,108,108,108,108,108,108,108,108],"card_choices":[{"not_picked":["Sever Soul","Dual Wield"],"picked":"Heavy Blade","floor":1},{"not_picked":["Clash","Headbutt"],"picked":"Armaments","floor":3},{"not_picked":["Armaments","Perfected Strike","Clothesline"],"picked":"SKIP","floor":4},{"not_picked":["Sword Boomerang","Dropkick"],"picked":"Second Wind","floor":7},{"not_picked":["Cleave","Sword Boomerang"],"picked":"Power Through","floor":8},{"not_picked":["Sword Boomerang","Rage"],"picked":"Uppercut","floor":12},{"not_picked":["Warcry","Flex","Cleave"],"picked":"SKIP","floor":13},{"not_picked":["Headbutt","Burning Pact"],"picked":"Inflame","floor":14},{"not_picked":["Barricade","Double Tap"],"picked":"Limit Break","floor":16},{"not_picked":["Perfected Strike","Sever Soul","Second Wind+1"],"picked":"SKIP","floor":18},{"not_picked":["Twin Strike","Reckless Charge"],"picked":"Shrug It Off","floor":20},{"not_picked":["Iron Wave","Heavy Blade"],"picked":"Metallicize","floor":21},{"not_picked":["Sword Boomerang+1","Wild Strike","Armaments+1"],"picked":"SKIP","floor":23},{"not_picked":["Hemokinesis","Infernal Blade","Carnage"],"picked":"SKIP","floor":27},{"not_picked":["Wild Strike+1","Twin Strike"],"picked":"Fiend Fire","floor":31},{"not_picked":["Exhume","Juggernaut"],"picked":"Reaper","floor":33},{"not_picked":["Body Slam","Carnage+1","Sentinel+1"],"picked":"SKIP","floor":35},{"not_picked":["Trip","Mind Blast"],"picked":"Secret Weapon","floor":37},{"not_picked":["Headbutt","Heavy Blade","Evolve+1"],"picked":"SKIP","floor":39},{"not_picked":["Warcry+1","Armaments"],"picked":"Havoc+1","floor":41},{"not_picked":["Body Slam","Shockwave+1"],"picked":"Shrug It Off+1","floor":42},{"not_picked":["Perfected Strike+1","Warcry"],"picked":"Feel No Pain+1","floor":44}],"player_experience":54326,"relics_obtained":[{"floor":9,"key":"Strawberry"},{"floor":12,"key":"Happy Flower"},{"floor":14,"key":"Dodecahedron"},{"floor":22,"key":"Gremlin Horn"},{"floor":23,"key":"Juzu Bracelet"},{"floor":24,"key":"Enchiridion"},{"floor":27,"key":"Torii"},{"floor":41,"key":"PreservedInsect"},{"floor":43,"key":"Red Skull"},{"floor":44,"key":"Vajra"}],"event_choices":[{"damage_healed":0,"gold_gain":0,"player_choice":"Entered Light","damage_taken":19,"max_hp_gain":0,"max_hp_loss":0,"event_name":"Shining Light","floor":2,"gold_loss":0,"cards_upgraded":["Defend_R","Heavy Blade"]},{"damage_healed":0,"gold_gain":0,"player_choice":"Rummage","damage_taken":0,"relics_obtained":["WarpedTongs"],"max_hp_gain":0,"max_hp_loss":0,"event_name":"Accursed Blacksmith","floor":5,"gold_loss":0,"cards_obtained":["Pain"]},{"damage_healed":0,"gold_gain":0,"player_choice":"Obtained Book","damage_taken":16,"max_hp_gain":0,"max_hp_loss":0,"event_name":"Cursed Tome","floor":24,"gold_loss":0},{"damage_healed":0,"gold_gain":0,"player_choice":"Simplicity","damage_taken":0,"max_hp_gain":0,"max_hp_loss":0,"event_name":"Back to Basics","floor":28,"gold_loss":0,"cards_upgraded":["Strike_R","Strike_R","Strike_R","Strike_R","Strike_R","Defend_R","Defend_R","Defend_R"]},{"damage_healed":0,"gold_gain":0,"player_choice":"Memory 1","damage_taken":0,"max_hp_gain":0,"max_hp_loss":0,"event_name":"SensoryStone","floor":37,"gold_loss":0},{"cards_removed":["Strike_R"],"damage_healed":0,"gold_gain":0,"player_choice":"Removed Attack","damage_taken":0,"max_hp_gain":0,"max_hp_loss":0,"event_name":"Falling","floor":45,"gold_loss":0}],"is_beta":false,"boss_relics":[{"not_picked":["Coffee Dripper","Runic Dome"],"picked":"Velvet Choker"},{"not_picked":["Philosopher\u0027s Stone","White Beast Statue"],"picked":"Tiny House"}],"items_purged_floors":[36],"is_endless":false,"potions_floor_spawned":[1,4,13,16,18,20,42,44],"killed_by":"Writhing Mass","ascension_level":2}