{"gold_per_floor":[114,114,114,125,137,169,169,196,221,221],"floor_reached":10,"playtime":297,"items_purged":[],"score":95,"play_id":"f7b9cb89-59c3-460a-abc8-099730614b1e","local_time":"20190414135819","is_ascension_mode":true,"campfire_choices":[],"neow_cost":"NONE","seed_source_timestamp":235382216103542,"circlet_count":0,"master_deck":["Strike_R","Strike_R","Strike_R","Strike_R","Strike_R","Defend_R","Defend_R","Defend_R","Defend_R","Bash","Cleave","Body Slam","Thunderclap","Flame Barrier","Uppercut"],"relics":["Burning Blood","NeowsBlessing","Vajra","Anchor","Potion Belt"],"potions_floor_usage":[8,10],"damage_taken":[{"damage":0,"enemies":"Jaw Worm","floor":1,"turns":1},{"damage":0,"enemies":"Cultist","floor":4,"turns":1},{"damage":0,"enemies":"Small Slimes","floor":5,"turns":1},{"damage":37,"enemies":"Gremlin Nob","floor":6,"turns":5},{"damage":25,"enemies":"3 Sentries","floor":8,"turns":7},{"damage":37,"enemies":"Lagavulin Event","floor":10,"turns":6}],"seed_played":"-5443113137057904289","potions_obtained":[{"floor":5,"key":"SpeedPotion"},{"floor":6,"key":"Energy Potion"},{"floor":8,"key":"Dexterity Potion"}],"is_trial":false,"path_per_floor":["M","?","$","M","M","E","$","E","T","?"],"character_chosen":"IRONCLAD","items_purchased":[],"campfire_rested":0,"item_purchase_floors":[],"current_hp_per_floor":[80,80,80,80,80,49,49,30,30,0],"gold":221,"neow_bonus":"THREE_ENEMY_KILL","is_prod":false,"is_daily":false,"chose_seed":false,"campfire_upgraded":0,"win_rate":0,"timestamp":1555243099,"path_taken":["M","?","$","?","M","E","$","E","T","?"],"build_version":"2019-01-23","purchased_purges":0,"victory":false,"max_hp_per_floor":[80,80,80,80,80,80,80,80,80,80],"card_choices":[{"not_picked":["Rampage","Body Slam"],"picked":"Cleave","floor":1},{"not_picked":["Uppercut","Warcry","Evolve"],"picked":"SKIP","floor":4},{"not_picked":["Reckless Charge","Cleave"],"picked":"Thunderclap","floor":5},{"not_picked":["Havoc","Flex"],"picked":"Flame Barrier","floor":6},{"not_picked":["Exhume","Anger"],"picked":"Uppercut","floor":8}],"player_experience":448650,"relics_obtained":[{"floor":6,"key":"Vajra"},{"floor":8,"key":"Anchor"},{"floor":9,"key":"Potion Belt"}],"event_choices":[{"damage_healed":0,"gold_gain":0,"player_choice":"1 cards matched","damage_taken":0,"max_hp_gain":0,"max_hp_loss":0,"event_name":"Match and Keep!","floor":2,"gold_loss":0,"cards_obtained":["Body Slam"]},{"damage_healed":0,"gold_gain":0,"player_choice":"Searched \u00271\u0027 times","damage_taken":0,"max_hp_gain":0,"max_hp_loss":0,"event_name":"Dead Adventurer","floor":10,"gold_loss":0}],"is_beta":false,"boss_relics":[],"items_purged_floors":[],"is_endless":false,"potions_floor_spawned":[5,6,8],"killed_by":"Lagavulin Event","ascension_level":5}