{"gold_per_floor":[114,39,50,0,75,75,75,75,75,75,90,119,129,157,157,255,255,269,292,308,208,222,257,257,273,351,351],"floor_reached":27,"playtime":1962,"items_purged":["Strike_G","Regret"],"score":265,"play_id":"df7fb80c-5721-4440-a0b4-001fc0c4cc6d","local_time":"20190217190921","is_ascension_mode":true,"campfire_choices":[{"data":"Neutralize","floor":6,"key":"SMITH"},{"data":"Poisoned Stab","floor":8,"key":"SMITH"},{"data":"Survivor","floor":10,"key":"SMITH"},{"floor":15,"key":"REST"},{"floor":24,"key":"REST"}],"neow_cost":"NONE","seed_source_timestamp":32639195617945,"circlet_count":0,"master_deck":["Survivor+1","Neutralize+1","Dagger Throw","Quick Slash","Poisoned Stab+1","PiercingWail","Poisoned Stab","Adrenaline","Bullet Time","PiercingWail","Deadly Poison","A Thousand Cuts","Flying Knee","Slice","Dagger Spray","Predator","Die Die Die","Bane","Envenom","Acrobatics+1"],"relics":["Ring of the Snake","Oddly Smooth Stone","Pocketwatch","Ornamental Fan","Question Card","Pandora\u0027s Box","Potion Belt","Sundial","Kunai"],"potions_floor_usage":[14,16,16,20,27],"damage_taken":[{"damage":0,"enemies":"Small Slimes","floor":1,"turns":4},{"damage":2,"enemies":"2 Louse","floor":3,"turns":2},{"damage":4,"enemies":"Jaw Worm","floor":11,"turns":3},{"damage":13,"enemies":"Lagavulin","floor":12,"turns":6},{"damage":7,"enemies":"Red Slaver","floor":13,"turns":3},{"damage":6,"enemies":"Gremlin Nob","floor":14,"turns":4},{"damage":31,"enemies":"Slime Boss","floor":16,"turns":12},{"damage":19,"enemies":"2 Thieves","floor":18,"turns":3},{"damage":17,"enemies":"Shell Parasite","floor":20,"turns":4},{"damage":2,"enemies":"Snake Plant","floor":22,"turns":3},{"damage":7,"enemies":"Book of Stabbing","floor":23,"turns":4},{"damage":16,"enemies":"Shelled Parasite and Fungi","floor":25,"turns":3},{"damage":38,"enemies":"Gremlin Leader","floor":27,"turns":5}],"seed_played":"-8843872689029866483","potions_obtained":[{"floor":1,"key":"SkillPotion"},{"floor":12,"key":"AttackPotion"},{"floor":13,"key":"GhostInAJar"},{"floor":14,"key":"AttackPotion"},{"floor":22,"key":"Explosive Potion"},{"floor":23,"key":"SteroidPotion"}],"is_trial":false,"path_per_floor":["M","$","M","?","?","R","?","R","T","R","M","E","M","E","R","B",null,"M","T","M","$","M","E","R","M","T","E"],"character_chosen":"THE_SILENT","items_purchased":[],"campfire_rested":2,"item_purchase_floors":[],"current_hp_per_floor":[70,70,68,68,57,57,57,57,57,57,53,40,33,27,48,17,70,51,51,34,34,32,25,46,30,30,0],"gold":351,"neow_bonus":"THREE_CARDS","is_prod":false,"is_daily":false,"chose_seed":false,"campfire_upgraded":3,"win_rate":0,"timestamp":1550401761,"path_taken":["M","$","M","?","?","R","?","R","T","R","?","E","M","E","R","BOSS","M","?","M","$","M","E","R","M","T","E"],"build_version":"2019-01-23","purchased_purges":2,"victory":false,"max_hp_per_floor":[70,70,70,70,70,70,70,70,70,70,70,70,70,70,70,70,70,70,70,70,70,70,70,70,70,70,70],"card_choices":[{"not_picked":["Crippling Poison","Bane"],"picked":"Dagger Throw","floor":0},{"not_picked":["Leg Sweep","PiercingWail"],"picked":"Quick Slash","floor":1},{"not_picked":["Flying Knee","Backflip"],"picked":"Poisoned Stab","floor":3},{"not_picked":["Underhanded Strike","Footwork"],"picked":"PiercingWail","floor":11},{"not_picked":["Dash","Backflip"],"picked":"Poisoned Stab","floor":12},{"not_picked":["Choke","Deflect","Backflip"],"picked":"SKIP","floor":13},{"not_picked":["Cloak And Dagger","Blur"],"picked":"Adrenaline","floor":14},{"not_picked":["Venomology","Grand Finale","After Image"],"picked":"Bullet Time","floor":16},{"not_picked":["Dodge and Roll","Quick Slash","Blade Dance","Deflect"],"picked":"SKIP","floor":18},{"not_picked":["Riddle With Holes","Quick Slash","Flechettes+1","Deflect"],"picked":"SKIP","floor":20},{"not_picked":["Poisoned Stab","Dagger Throw","Predator+1"],"picked":"Bane","floor":22},{"not_picked":["Dodge and Roll","Outmaneuver","Distraction"],"picked":"Envenom","floor":23},{"not_picked":["Bane","Outmaneuver","Sucker Punch"],"picked":"Acrobatics+1","floor":25}],"player_experience":403598,"relics_obtained":[{"floor":9,"key":"Pocketwatch"},{"floor":12,"key":"Ornamental Fan"},{"floor":14,"key":"Question Card"},{"floor":19,"key":"Potion Belt"},{"floor":23,"key":"Sundial"},{"floor":26,"key":"Kunai"}],"event_choices":[{"cards_removed":["Strike_G"],"damage_healed":0,"gold_gain":0,"player_choice":"Card Removal","damage_taken":0,"max_hp_gain":0,"max_hp_loss":0,"event_name":"The Cleric","floor":4,"gold_loss":50},{"damage_healed":0,"gold_gain":75,"player_choice":"Gather Gold","damage_taken":11,"max_hp_gain":0,"max_hp_loss":0,"event_name":"World of Goop","floor":5,"gold_loss":0},{"damage_healed":0,"gold_gain":0,"player_choice":"Box","damage_taken":0,"relics_obtained":["Oddly Smooth Stone"],"max_hp_gain":0,"max_hp_loss":0,"event_name":"Big Fish","floor":7,"gold_loss":0,"cards_obtained":["Regret"]}],"is_beta":false,"boss_relics":[{"not_picked":["Snecko Eye","HoveringKite"],"picked":"Pandora\u0027s Box"}],"items_purged_floors":[2,21],"is_endless":false,"potions_floor_spawned":[1,12,13,14,22,23],"killed_by":"Gremlin Leader","ascension_level":2}