{"gold_per_floor":[116,126,156,172,91,116,116,116,191,191,191,221,236,254,254,352,352,367,367,367,384,384],"floor_reached":22,"playtime":1112,"items_purged":[],"score":291,"play_id":"08a91474-d4a7-4900-8d02-34ce4cff6fb4","local_time":"20190430170307","is_ascension_mode":true,"campfire_choices":[{"data":"Zap","floor":7,"key":"SMITH"},{"data":"Capacitor","floor":10,"key":"SMITH"},{"data":"Defragment","floor":15,"key":"SMITH"}],"neow_cost":"NONE","seed_source_timestamp":335108604882056,"circlet_count":0,"master_deck":["AscendersBane","Strike_B","Defend_B","Defend_B","Defend_B","Defend_B","Zap+1","Dualcast","Auto Shields","Darkness","Redo","Capacitor+1","Cold Snap","Coolheaded","Loop","Conserve Battery","Defragment+1","Electrodynamics","Hologram","Glacier"],"relics":["Cracked Core","Tiny Chest","Lantern","Mummified Hand","Shuriken","Bronze Scales","Empty Cage"],"potions_floor_usage":[12,16],"damage_taken":[{"damage":0,"enemies":"2 Louse","floor":1,"turns":2},{"damage":0,"enemies":"Cultist","floor":2,"turns":3},{"damage":4,"enemies":"Jaw Worm","floor":4,"turns":4},{"damage":2,"enemies":"Lagavulin","floor":6,"turns":6},{"damage":7,"enemies":"3 Sentries","floor":12,"turns":8},{"damage":7,"enemies":"Exordium Wildlife","floor":13,"turns":5},{"damage":1,"enemies":"Large Slime","floor":14,"turns":6},{"damage":24,"enemies":"The Guardian","floor":16,"turns":10},{"damage":7,"enemies":"Shell Parasite","floor":18,"turns":5},{"damage":20,"enemies":"2 Thieves","floor":21,"turns":3},{"damage":30,"enemies":"Snake Plant","floor":22,"turns":3}],"seed_played":"4699558117930843171","potions_obtained":[{"floor":1,"key":"SneckoOil"},{"floor":4,"key":"FocusPotion"},{"floor":13,"key":"Regen Potion"},{"floor":16,"key":"Strength Potion"}],"is_trial":false,"path_per_floor":["M","M","?","M","$","E","R","?","T","R","T","E","M","M","R","B",null,"M","?","?","M","M"],"character_chosen":"DEFECT","items_purchased":["Capacitor","Cold Snap"],"campfire_rested":0,"item_purchase_floors":[5,5],"current_hp_per_floor":[75,75,75,71,71,69,69,62,62,62,62,55,48,47,47,38,71,64,48,48,28,0],"gold":384,"neow_bonus":"TEN_PERCENT_HP_BONUS","is_prod":false,"is_daily":false,"chose_seed":false,"campfire_upgraded":3,"win_rate":0,"timestamp":1556636587,"path_taken":["M","M","?","?","$","E","R","?","T","R","?","E","M","M","R","BOSS","M","?","?","M","M"],"build_version":"2019-01-23","purchased_purges":0,"victory":false,"max_hp_per_floor":[82,82,82,82,82,82,82,82,82,82,82,82,82,82,82,82,82,82,87,87,87,87],"card_choices":[{"not_picked":["Heatsinks","Stack"],"picked":"Auto Shields","floor":1},{"not_picked":["Gash","Conserve Battery"],"picked":"Darkness","floor":2},{"not_picked":["White Noise","Consume"],"picked":"Redo","floor":4},{"not_picked":["Streamline","Scrape"],"picked":"Coolheaded","floor":6},{"not_picked":["Storm","Creative AI"],"picked":"Loop","floor":12},{"not_picked":["Ball Lightning","Lockon"],"picked":"Conserve Battery","floor":13},{"not_picked":["Blizzard","Steam Power"],"picked":"Defragment","floor":14},{"not_picked":["Echo Form","Reboot"],"picked":"Electrodynamics","floor":16},{"not_picked":["Reprogram","Turbo+1"],"picked":"Hologram","floor":18},{"not_picked":["Defragment","Coolheaded"],"picked":"Glacier","floor":21}],"player_experience":513955,"relics_obtained":[{"floor":6,"key":"Lantern"},{"floor":9,"key":"Mummified Hand"},{"floor":11,"key":"Shuriken"},{"floor":12,"key":"Bronze Scales"}],"event_choices":[{"damage_healed":0,"gold_gain":0,"player_choice":"Gave Potion","damage_taken":0,"relics_obtained":["Tiny Chest"],"max_hp_gain":0,"max_hp_loss":0,"event_name":"WeMeetAgain","floor":3,"gold_loss":0},{"cards_removed":["Strike_B"],"damage_healed":0,"gold_gain":0,"player_choice":"Card Removal","damage_taken":7,"max_hp_gain":0,"max_hp_loss":0,"event_name":"Golden Wing","floor":8,"gold_loss":0},{"damage_healed":0,"gold_gain":0,"player_choice":"Shed Blood","damage_taken":21,"max_hp_gain":5,"max_hp_loss":0,"event_name":"Forgotten Altar","floor":19,"gold_loss":0},{"damage_healed":0,"gold_gain":0,"player_choice":"Ignored","damage_taken":0,"max_hp_gain":0,"max_hp_loss":0,"event_name":"Ghosts","floor":20,"gold_loss":0}],"is_beta":false,"boss_relics":[{"not_picked":["Busted Crown","Snecko Eye"],"picked":"Empty Cage"}],"items_purged_floors":[],"is_endless":false,"potions_floor_spawned":[1,4,13,16],"killed_by":"Snake Plant","ascension_level":10}