{"gold_per_floor":[117,117,117,42,120,120,138,138,138,171,196,235,135,159,159,287,287,302,315,333,333,333],"floor_reached":22,"playtime":1133,"items_purged":["Strike_R","Bash"],"score":233,"play_id":"e3fe6904-7c1a-46d8-9e87-68cfb1b172e7","local_time":"20181222222844","is_ascension_mode":true,"campfire_choices":[{"data":"Searing Blow+1","floor":6,"key":"SMITH"},{"data":"Armaments","floor":8,"key":"SMITH"},{"floor":15,"key":"REST"}],"neow_cost":"NONE","seed_source_timestamp":43345013556869,"circlet_count":0,"master_deck":["Strike_R","Strike_R","Strike_R","Defend_R","Defend_R+1","Defend_R","Defend_R+1","Searing Blow+2","Armaments+1","Shrug It Off","Armaments","Fiend Fire"],"relics":["Burning Blood","Golden Idol","Sundial","War Paint","Peace Pipe","Coffee Dripper"],"potions_floor_usage":[10,16,18],"damage_taken":[{"damage":8,"enemies":"Jaw Worm","floor":1,"turns":5},{"damage":6,"enemies":"2 Louse","floor":7,"turns":3},{"damage":22,"enemies":"Lagavulin","floor":10,"turns":6},{"damage":3,"enemies":"Small Slimes","floor":11,"turns":3},{"damage":26,"enemies":"3 Sentries","floor":12,"turns":9},{"damage":2,"enemies":"Exordium Wildlife","floor":14,"turns":4},{"damage":6,"enemies":"The Guardian","floor":16,"turns":13},{"damage":0,"enemies":"Chosen","floor":18,"turns":4},{"damage":14,"enemies":"Shell Parasite","floor":19,"turns":5},{"damage":42,"enemies":"Cultist and Chosen","floor":20,"turns":10},{"damage":23,"enemies":"Colosseum Slavers","floor":21,"turns":4},{"damage":24,"enemies":"Chosen and Byrds","floor":22,"turns":6}],"seed_played":"-652994411586672214","potions_obtained":[{"floor":1,"key":"Explosive Potion"},{"floor":12,"key":"Poison Potion"},{"floor":14,"key":"Ancient Potion"}],"is_trial":false,"path_per_floor":["M","?","?","$","?","R","M","R","T","E","M","E","$","M","R","B",null,"M","M","M","?","M"],"character_chosen":"IRONCLAD","items_purchased":[],"campfire_rested":1,"item_purchase_floors":[],"current_hp_per_floor":[78,78,58,58,58,58,58,58,58,42,45,25,25,29,53,53,80,80,72,36,19,0],"gold":333,"neow_bonus":"REMOVE_CARD","is_prod":false,"is_daily":false,"chose_seed":false,"campfire_upgraded":2,"win_rate":0,"timestamp":1545488924,"path_taken":["M","?","?","$","?","R","M","R","T","E","?","E","$","M","R","BOSS","M","M","M","?","M"],"build_version":"2018-12-20","purchased_purges":2,"victory":false,"max_hp_per_floor":[80,80,80,80,80,80,80,80,80,80,80,80,80,80,80,80,80,80,80,80,80,80],"card_choices":[{"not_picked":["Sever Soul","Twin Strike"],"picked":"Searing Blow","floor":1},{"not_picked":["Rupture","True Grit"],"picked":"Armaments","floor":7},{"not_picked":["Combust","Iron Wave","Havoc"],"picked":"SKIP","floor":10},{"not_picked":["Twin Strike","Heavy Blade"],"picked":"Shrug It Off","floor":11},{"not_picked":["Sword Boomerang","Rampage"],"picked":"Armaments","floor":12},{"not_picked":["Berserk","Warcry","Evolve"],"picked":"SKIP","floor":14},{"not_picked":["Impervious","Exhume"],"picked":"Fiend Fire","floor":16},{"not_picked":["Twin Strike","Rage","True Grit"],"picked":"SKIP","floor":18},{"not_picked":["Warcry","Heavy Blade","Cleave"],"picked":"SKIP","floor":19},{"not_picked":["Whirlwind+1","Clothesline","Evolve"],"picked":"SKIP","floor":20}],"player_experience":357073,"relics_obtained":[{"floor":9,"key":"Sundial"},{"floor":10,"key":"War Paint"},{"floor":12,"key":"Peace Pipe"}],"event_choices":[{"damage_healed":0,"gold_gain":0,"player_choice":"Grow","damage_taken":0,"max_hp_gain":0,"max_hp_loss":0,"event_name":"Living Wall","floor":2,"gold_loss":0,"cards_upgraded":["Searing Blow"]},{"damage_healed":0,"gold_gain":0,"player_choice":"Take Damage","damage_taken":20,"relics_obtained":["Golden Idol"],"max_hp_gain":0,"max_hp_loss":0,"event_name":"Golden Idol","floor":3,"gold_loss":0},{"damage_healed":0,"gold_gain":78,"player_choice":"Gained Gold","damage_taken":0,"max_hp_gain":0,"max_hp_loss":0,"event_name":"Golden Wing","floor":5,"gold_loss":0},{"damage_healed":0,"gold_gain":0,"player_choice":"Fight","damage_taken":0,"max_hp_gain":0,"max_hp_loss":0,"event_name":"Colosseum","floor":21,"gold_loss":0},{"damage_healed":0,"gold_gain":0,"player_choice":"Fled From Nobs","damage_taken":0,"max_hp_gain":0,"max_hp_loss":0,"event_name":"Colosseum","floor":21,"gold_loss":0}],"is_beta":false,"boss_relics":[{"not_picked":["Orrery","Mark of Pain"],"picked":"Coffee Dripper"}],"items_purged_floors":[4,13],"is_endless":false,"potions_floor_spawned":[1,12,14],"killed_by":"Chosen and Byrds","ascension_level":4}