{"gold_per_floor":[364,54,67,85,96,96,119,119,144,162,180,210,221,240,240,337,337,356,369,381,155,70,70,104,104,104,104,4,21,21,21,21,124,124,143,143],"floor_reached":36,"playtime":2150,"items_purged":["Strike_R","Strike_R"],"score":436,"play_id":"a82ccce1-46fb-4a3f-aafe-9ea3868bf678","local_time":"20190109165623","is_ascension_mode":false,"campfire_choices":[{"data":"Dual Wield","floor":6.0,"key":"SMITH"},{"data":"Armaments","floor":8.0,"key":"SMITH"},{"data":"Spot Weakness","floor":15.0,"key":"SMITH"},{"floor":23.0,"key":"REST"},{"floor":27.0,"key":"RECALL"},{"data":"Dual Wield","floor":30,"key":"SMITH"},{"floor":32,"key":"REST"}],"neow_cost":"TEN_PERCENT_HP_LOSS","seed_source_timestamp":0,"circlet_count":0,"master_deck":["Strike_R","Strike_R","Strike_R","Defend_R+1","Defend_R","Defend_R","Defend_R","Bash","Anger","Dual Wield+1","Thunderclap","Fire Breathing","Armaments+1","Shrug It Off+1","Anger","Spot Weakness+1","Double Tap","Anger","Bandage Up","Dual Wield+1"],"special_seed":0,"relics":["Burning Blood","Bottled Flame","Odd Mushroom","Bag of Preparation","War Paint","Black Star","PreservedInsect","Strawberry","Nloth\u0027s Gift","Eternal Feather"],"potions_floor_usage":[33,33],"damage_taken":[{"damage":7.0,"enemies":"Small Slimes","floor":1.0,"turns":5.0},{"damage":8.0,"enemies":"Jaw Worm","floor":3.0,"turns":4.0},{"damage":0.0,"enemies":"Cultist","floor":4.0,"turns":2.0},{"damage":3.0,"enemies":"Exordium Wildlife","floor":5.0,"turns":3.0},{"damage":21.0,"enemies":"The Mushroom Lair","floor":7.0,"turns":5.0},{"damage":0.0,"enemies":"Looter","floor":10.0,"turns":2.0},{"damage":2.0,"enemies":"Exordium Thugs","floor":11.0,"turns":4.0},{"damage":10.0,"enemies":"Lagavulin","floor":12.0,"turns":6.0},{"damage":5.0,"enemies":"Exordium Wildlife","floor":13.0,"turns":4.0},{"damage":0.0,"enemies":"Large Slime","floor":14.0,"turns":5.0},{"damage":0.0,"enemies":"Slime Boss","floor":16.0,"turns":7.0},{"damage":11.0,"enemies":"Shell Parasite","floor":18.0,"turns":5.0},{"damage":5.0,"enemies":"Chosen","floor":19.0,"turns":4.0},{"damage":28.0,"enemies":"Snake Plant","floor":20.0,"turns":5.0},{"damage":29.0,"enemies":"Gremlin Leader","floor":24.0,"turns":6.0},{"damage":28.0,"enemies":"Sentry and Sphere","floor":29.0,"turns":4.0},{"damage":42,"enemies":"Champ","floor":33,"turns":9},{"damage":67,"enemies":"3 Shapes","floor":35,"turns":6},{"damage":22,"enemies":"3 Darklings","floor":36,"turns":2}],"seed_played":"7436256736375285928","potions_obtained":[{"floor":3.0,"key":"Energy Potion"},{"floor":4.0,"key":"Fire Potion"},{"floor":5.0,"key":"PowerPotion"},{"floor":10.0,"key":"Swift Potion"},{"floor":11.0,"key":"FearPotion"},{"floor":13.0,"key":"PowerPotion"},{"floor":18.0,"key":"Energy Potion"},{"floor":29,"key":"Block Potion"},{"floor":33,"key":"SneckoOil"}],"is_trial":false,"path_per_floor":["M","$","M","M","M","R","?","R","T","M","M","E","M","M","R","B",null,"M","M","M","$","?","R","E","?","T","R","$","M","R","?","R","B",null,"M","M"],"character_chosen":"IRONCLAD","items_purchased":["Dual Wield","Bottled Flame","Bandage Up","Dual Wield"],"campfire_rested":2,"item_purchase_floors":[2,2,21,21],"current_hp_per_floor":[71,71,69,72,72,72,57,57,57,63,67,63,64,70,70,72,72,67,68,46,46,46,67,57,57,57,57,57,39,39,39,62,32,79,18,0],"gold":143,"neow_bonus":"TWO_FIFTY_GOLD","is_prod":false,"is_daily":false,"chose_seed":false,"campfire_upgraded":4,"win_rate":0,"timestamp":1547070983,"path_taken":["M","$","M","M","M","R","?","R","T","M","M","E","M","M","R","BOSS","M","M","M","$","?","R","E","?","T","R","$","M","R","?","R","BOSS","M","M"],"build_version":"2019-01-03v4","purchased_purges":2,"victory":false,"max_hp_per_floor":[72,72,72,72,72,72,72,72,72,72,72,72,72,72,72,72,72,72,72,72,72,72,72,79,79,79,79,79,79,79,79,79,79,79,79,79],"card_choices":[{"not_picked":["Shrug It Off","Evolve"],"picked":"Anger","floor":1.0},{"not_picked":["Cleave","Reckless Charge"],"picked":"Thunderclap","floor":3.0},{"not_picked":["Hemokinesis","Twin Strike"],"picked":"Fire Breathing","floor":4.0},{"not_picked":["Rampage","Corruption"],"picked":"Armaments","floor":5.0},{"not_picked":["Whirlwind","Second Wind"],"picked":"Shrug It Off","floor":10.0},{"not_picked":["Pommel Strike","Perfected Strike"],"picked":"Anger","floor":11.0},{"not_picked":["Shockwave","Iron Wave","Thunderclap"],"picked":"SKIP","floor":12.0},{"not_picked":["Shockwave","Clash","Entrench"],"picked":"SKIP","floor":13.0},{"not_picked":["Sword Boomerang","Warcry"],"picked":"Spot Weakness","floor":14.0},{"not_picked":["Brutality","Reaper"],"picked":"Double Tap","floor":16.0},{"not_picked":["Twin Strike","Perfected Strike","Iron Wave"],"picked":"SKIP","floor":18.0},{"not_picked":["Heavy Blade+1","Twin Strike","Clothesline"],"picked":"SKIP","floor":19.0},{"not_picked":["Hemokinesis+1","Immolate"],"picked":"Anger","floor":20.0},{"not_picked":["Thunderclap","Corruption","Disarm+1"],"picked":"SKIP","floor":24.0},{"not_picked":["Thunderclap","Twin Strike","Clash"],"picked":"SKIP","floor":29},{"not_picked":["Evolve","Bloodletting","True Grit+1"],"picked":"SKIP","floor":35}],"player_experience":81572,"relics_obtained":[{"floor":7.0,"key":"Odd Mushroom"},{"floor":9.0,"key":"Bag of Preparation"},{"floor":12.0,"key":"War Paint"},{"floor":24.0,"key":"PreservedInsect"},{"floor":24.0,"key":"Strawberry"}],"event_choices":[{"damage_healed":0.0,"max_hp_gain":0.0,"max_hp_loss":0.0,"gold_gain":0.0,"event_name":"Mushrooms","player_choice":"Fought Mushrooms","floor":7.0,"gold_loss":0.0,"damage_taken":0.0},{"damage_healed":0.0,"max_hp_gain":0.0,"max_hp_loss":0.0,"gold_gain":0.0,"event_name":"Addict","player_choice":"Obtained Relic","floor":22.0,"gold_loss":85.0,"damage_taken":0.0,"relics_obtained":["Happy Flower"]},{"damage_healed":0.0,"max_hp_gain":0.0,"max_hp_loss":0.0,"gold_gain":0.0,"event_name":"Ghosts","player_choice":"Ignored","floor":25.0,"gold_loss":0.0,"damage_taken":0.0},{"damage_healed":0,"gold_gain":0,"player_choice":"Traded Relic","damage_taken":0,"relics_obtained":["Nloth\u0027s Gift"],"max_hp_gain":0,"max_hp_loss":0,"event_name":"N\u0027loth","floor":31,"relics_lost":["Happy Flower"],"gold_loss":0}],"is_beta":false,"boss_relics":[{"not_picked":["Cursed Key","Snecko Eye"],"picked":"Black Star"},{"not_picked":["Philosopher\u0027s Stone","Coffee Dripper"],"picked":"Eternal Feather"}],"items_purged_floors":[21,28],"is_endless":false,"potions_floor_spawned":[3,4,5,10,11,13,18,29,33],"killed_by":"3 Darklings","ascension_level":0}