{"gold_per_floor":[110,36,49,49,59,59,59,76,102,112,112,112,126,150,150,150],"floor_reached":16,"playtime":480,"items_purged":[],"score":115,"play_id":"c559232a-3019-4527-ada6-5d52ea4c9c93","local_time":"20181228145820","is_ascension_mode":true,"campfire_choices":[{"data":"Neutralize","floor":6,"key":"SMITH"},{"data":"Footwork","floor":11,"key":"SMITH"},{"data":"Dagger Spray","floor":15,"key":"SMITH"}],"neow_cost":"NONE","seed_source_timestamp":224204915777373,"circlet_count":0,"master_deck":["Defend_G","Defend_G","Defend_G","Defend_G","Strike_G","Strike_G","Strike_G","Strike_G","Strike_G","Survivor","Neutralize+1","Dagger Spray+1","Leg Sweep","Backflip","Footwork+1"],"relics":["Velvet Choker","Orichalcum","Omamori","Lantern"],"potions_floor_usage":[16],"damage_taken":[{"damage":0,"enemies":"2 Louse","floor":1,"turns":3},{"damage":0,"enemies":"Small Slimes","floor":3,"turns":4},{"damage":0,"enemies":"Cultist","floor":5,"turns":4},{"damage":0,"enemies":"Blue Slaver","floor":8,"turns":4},{"damage":0,"enemies":"3 Louse","floor":10,"turns":2},{"damage":3,"enemies":"Looter","floor":13,"turns":3},{"damage":56,"enemies":"Hexaghost","floor":16,"turns":17}],"seed_played":"8345123608637260163","potions_obtained":[{"floor":5,"key":"SpeedPotion"},{"floor":13,"key":"EssenceOfSteel"}],"is_trial":false,"path_per_floor":["M","$","M","?","M","R","?","M","T","M","R","?","M","T","R","B"],"character_chosen":"THE_SILENT","items_purchased":["Leg Sweep"],"campfire_rested":0,"item_purchase_floors":[2],"current_hp_per_floor":[70,70,70,70,70,70,70,70,70,70,70,58,55,55,55,0],"gold":150,"neow_bonus":"BOSS_RELIC","is_prod":false,"is_daily":false,"chose_seed":false,"campfire_upgraded":3,"win_rate":0,"timestamp":1545976700,"path_taken":["M","$","M","?","M","R","?","M","T","?","R","?","M","?","R","BOSS"],"build_version":"2018-12-20","purchased_purges":0,"victory":false,"max_hp_per_floor":[70,70,70,70,70,70,70,70,70,70,70,70,70,70,70,70],"card_choices":[{"not_picked":["Acrobatics","Tactician"],"picked":"Dagger Spray","floor":1},{"not_picked":["Endless Agony","Underhanded Strike","Sucker Punch"],"picked":"SKIP","floor":3},{"not_picked":["Underhanded Strike","Dagger Throw"],"picked":"Backflip","floor":5},{"not_picked":["Bane","Riddle With Holes","Expertise"],"picked":"SKIP","floor":8},{"not_picked":["Sucker Punch","Bane"],"picked":"Footwork","floor":10},{"not_picked":["Underhanded Strike","Dagger Throw","Setup"],"picked":"SKIP","floor":13}],"player_experience":266216,"relics_obtained":[{"floor":9,"key":"Orichalcum"},{"floor":14,"key":"Lantern"}],"event_choices":[{"damage_healed":0,"gold_gain":0,"player_choice":"Ignored","damage_taken":0,"max_hp_gain":0,"max_hp_loss":0,"event_name":"Liars Game","floor":4,"gold_loss":0},{"cards_removed":["Defend_G"],"damage_healed":0,"gold_gain":0,"player_choice":"Purged","damage_taken":0,"max_hp_gain":0,"max_hp_loss":0,"event_name":"Purifier","floor":7,"gold_loss":0},{"damage_healed":0,"gold_gain":0,"player_choice":"Success","damage_taken":12,"relics_obtained":["Omamori"],"max_hp_gain":0,"max_hp_loss":0,"event_name":"Scrap Ooze","floor":12,"gold_loss":0}],"is_beta":false,"boss_relics":[],"items_purged_floors":[],"is_endless":false,"potions_floor_spawned":[5,13],"killed_by":"Hexaghost","ascension_level":5}