{"gold_per_floor":[118,118,43,58,58,85,85,112,137,166,179,179,179,193,193,193],"floor_reached":16,"playtime":747,"items_purged":["Strike_R"],"score":157,"play_id":"471358bc-f0b6-4e5f-b68e-c7ff0a964d19","local_time":"20181125154057","is_ascension_mode":true,"campfire_choices":[{"data":"Armaments","floor":7,"key":"SMITH"},{"data":"Armaments","floor":12,"key":"SMITH"},{"floor":15,"key":"RECALL"}],"neow_cost":"NONE","seed_source_timestamp":940298483409937,"circlet_count":0,"master_deck":["Strike_R","Strike_R+1","Strike_R+1","Strike_R","Defend_R","Defend_R","Defend_R","Defend_R","Corruption","Armaments+1","Body Slam","Armaments+1","Rampage"],"relics":["Burning Blood","NeowsBlessing","Whetstone","Calipers","Torii"],"potions_floor_usage":[16,16,16],"damage_taken":[{"damage":0,"enemies":"Cultist","floor":1,"turns":1},{"damage":0,"enemies":"Small Slimes","floor":4,"turns":1},{"damage":0,"enemies":"Gremlin Nob","floor":6,"turns":1},{"damage":13,"enemies":"Lagavulin","floor":8,"turns":6},{"damage":44,"enemies":"3 Sentries","floor":10,"turns":10},{"damage":7,"enemies":"Jaw Worm","floor":11,"turns":4},{"damage":1,"enemies":"Blue Slaver","floor":14,"turns":4},{"damage":41,"enemies":"The Guardian","floor":16,"turns":7}],"seed_played":"-1554300996154109124","potions_obtained":[{"floor":6,"key":"Weak Potion"},{"floor":8,"key":"SteroidPotion"},{"floor":11,"key":"Energy Potion"},{"floor":13,"key":"Explosive Potion"}],"is_trial":false,"path_per_floor":["M","?","$","M","$","E","R","E","T","E","M","R","?","M","R","B"],"character_chosen":"IRONCLAD","items_purchased":[],"campfire_rested":0,"item_purchase_floors":[],"current_hp_per_floor":[80,73,73,79,79,80,80,73,73,35,34,34,34,39,39,0],"gold":193,"neow_bonus":"THREE_ENEMY_KILL","is_prod":false,"is_daily":false,"chose_seed":false,"campfire_upgraded":2,"win_rate":0,"timestamp":1543178457,"path_taken":["M","?","$","M","$","E","R","E","T","E","M","R","?","M","R","BOSS"],"build_version":"2018-11-15","purchased_purges":1,"victory":false,"max_hp_per_floor":[80,80,80,80,80,80,80,80,80,80,80,80,80,80,80,80],"card_choices":[{"not_picked":["Flex","Havoc"],"picked":"Corruption","floor":1},{"not_picked":["Sword Boomerang","Armaments","Blood for Blood"],"picked":"SKIP","floor":4},{"not_picked":["Sword Boomerang","Blood for Blood"],"picked":"Armaments","floor":4},{"not_picked":["Clothesline","Exhume","Reckless Charge"],"picked":"SKIP","floor":6},{"not_picked":["True Grit","Sever Soul"],"picked":"Body Slam","floor":8},{"not_picked":["Thunderclap","Cleave"],"picked":"Armaments","floor":10},{"not_picked":["Twin Strike","Sword Boomerang"],"picked":"Rampage","floor":11},{"not_picked":["Wild Strike","Sword Boomerang","Rupture"],"picked":"SKIP","floor":14}],"player_experience":60548,"relics_obtained":[{"floor":6,"key":"Whetstone"},{"floor":8,"key":"Calipers"},{"floor":10,"key":"Torii"}],"event_choices":[{"cards_removed":["Bash"],"damage_healed":0,"gold_gain":0,"player_choice":"Card Removal","damage_taken":7,"max_hp_gain":0,"max_hp_loss":0,"event_name":"Golden Wing","floor":2,"gold_loss":0},{"damage_healed":0,"gold_gain":0,"player_choice":"Got Potions","damage_taken":0,"max_hp_gain":0,"max_hp_loss":0,"event_name":"Lab","floor":13,"gold_loss":0}],"is_beta":false,"boss_relics":[],"items_purged_floors":[3],"is_endless":false,"potions_floor_spawned":[6,8,11],"killed_by":"The Guardian","ascension_level":2}