{"gold_per_floor":[109,109,121,131,131,131,149,149,149,179,193,226,244,14,14,14],"floor_reached":16,"playtime":813,"items_purged":["Strike_G"],"score":162,"play_id":"1b6d25bf-796f-41dc-ba43-ae71c6d307d9","local_time":"20190509211739","is_ascension_mode":true,"campfire_choices":[{"data":"Prepared","floor":6,"key":"SMITH"},{"data":"Survivor","floor":8,"key":"SMITH"},{"floor":15,"key":"REST"}],"neow_cost":"NONE","seed_source_timestamp":1641523330449445,"circlet_count":0,"master_deck":["Defend_G","Defend_G","Defend_G","Defend_G","Defend_G","Strike_G","Strike_G","Strike_G","Strike_G","Survivor+1","Neutralize+1","Sucker Punch+1","Quick Slash","Prepared+1","Die Die Die","PiercingWail","Choke","Dagger Spray","Quick Slash","Footwork","Dash"],"relics":["Ring of the Snake","Mummified Hand","Bottled Flame","Tough Bandages"],"potions_floor_usage":[16],"damage_taken":[{"damage":0,"enemies":"Small Slimes","floor":1,"turns":5},{"damage":0,"enemies":"2 Louse","floor":3,"turns":3},{"damage":0,"enemies":"Cultist","floor":4,"turns":4},{"damage":7,"enemies":"Gremlin Gang","floor":7,"turns":6},{"damage":22,"enemies":"3 Sentries","floor":10,"turns":10},{"damage":0,"enemies":"Large Slime","floor":11,"turns":7},{"damage":27,"enemies":"Gremlin Nob","floor":12,"turns":5},{"damage":0,"enemies":"2 Fungi Beasts","floor":13,"turns":2},{"damage":35,"enemies":"Hexaghost","floor":16,"turns":16}],"seed_played":"-5056009793637972453","potions_obtained":[{"floor":4,"key":"Weak Potion"},{"floor":10,"key":"Energy Potion"},{"floor":12,"key":"Swift Potion"}],"is_trial":false,"path_per_floor":["M","?","M","M","?","R","M","R","T","E","M","E","M","$","R","B"],"character_chosen":"THE_SILENT","items_purchased":["Footwork","Dash"],"campfire_rested":1,"item_purchase_floors":[14,14],"current_hp_per_floor":[63,63,63,63,70,70,63,63,63,41,41,14,14,14,35,0],"gold":14,"neow_bonus":"UPGRADE_CARD","is_prod":false,"is_daily":false,"chose_seed":false,"campfire_upgraded":2,"win_rate":0,"timestamp":1557451059,"path_taken":["M","?","M","M","?","R","?","R","T","E","M","E","?","$","R","BOSS"],"build_version":"2019-01-23","purchased_purges":1,"victory":false,"max_hp_per_floor":[70,70,70,70,70,70,70,70,70,70,70,70,70,70,70,70],"card_choices":[{"not_picked":["Underhanded Strike","Setup"],"picked":"Sucker Punch","floor":1},{"not_picked":["Dodge and Roll","Sucker Punch"],"picked":"Quick Slash","floor":3},{"not_picked":["Underhanded Strike","Acrobatics"],"picked":"Prepared","floor":4},{"not_picked":["Catalyst","Finisher"],"picked":"Die Die Die","floor":7},{"not_picked":["Backflip","Skewer"],"picked":"PiercingWail","floor":10},{"not_picked":["Bane","Acrobatics"],"picked":"Choke","floor":11},{"not_picked":["Accuracy","Choke"],"picked":"Dagger Spray","floor":12},{"not_picked":["Dagger Spray","Burst"],"picked":"Quick Slash","floor":13}],"player_experience":232507,"relics_obtained":[{"floor":9,"key":"Mummified Hand"},{"floor":10,"key":"Bottled Flame"},{"floor":12,"key":"Tough Bandages"}],"event_choices":[{"damage_healed":0,"gold_gain":0,"player_choice":"Grow","damage_taken":0,"max_hp_gain":0,"max_hp_loss":0,"event_name":"Living Wall","floor":2,"gold_loss":0,"cards_upgraded":["Sucker Punch"]},{"damage_healed":7,"gold_gain":0,"player_choice":"Full Heal","damage_taken":0,"max_hp_gain":0,"max_hp_loss":0,"event_name":"Wheel of Change","floor":5,"gold_loss":0}],"is_beta":false,"boss_relics":[],"items_purged_floors":[14],"is_endless":false,"potions_floor_spawned":[4,10,12],"killed_by":"Hexaghost","ascension_level":9}