{"gold_per_floor":[118,137,137,137,137,137,165,184,211,224,234,234,249,263,263,361,361,372,382,401,412,412,412,431,449,449,449,483,483,89,104,104,104],"floor_reached":33,"playtime":1131,"items_purged":["Strike_B+1"],"score":348,"play_id":"e310bda3-6dba-47f5-903c-2eb517d26f06","local_time":"20181231131042","is_ascension_mode":true,"campfire_choices":[{"data":"Zap","floor":6,"key":"SMITH"},{"data":"Dualcast","floor":12,"key":"SMITH"},{"data":"Capacitor","floor":15,"key":"SMITH"},{"floor":23,"key":"REST"},{"floor":32,"key":"REST"}],"neow_cost":"NONE","seed_source_timestamp":476296227229816,"circlet_count":0,"master_deck":["Strike_B+1","Strike_B+1","Defend_B","Defend_B","Defend_B","Zap+1","Dualcast+1","Cold Snap+1","Redo","Cold Snap","Ball Lightning","Leap","Ball Lightning","Capacitor+1","Conserve Battery","Thunder Strike","Barrage","Consume","Coolheaded","Thunder Strike","Glacier","Hologram"],"relics":["Cracked Core","NeowsBlessing","Bag of Marbles","FossilizedHelix","Whetstone","Potion Belt","Philosopher\u0027s Stone","Blood Vial","Frozen Egg 2","Red Mask","Membership Card","Lantern"],"potions_floor_usage":[19,20,24,25,28,28,28,29,33,33,33],"damage_taken":[{"damage":0,"enemies":"Jaw Worm","floor":1,"turns":1},{"damage":0,"enemies":"Cultist","floor":2,"turns":1},{"damage":0,"enemies":"Gremlin Nob","floor":7,"turns":1},{"damage":0,"enemies":"2 Louse","floor":8,"turns":1},{"damage":0,"enemies":"Looter","floor":10,"turns":1},{"damage":0,"enemies":"2 Fungi Beasts","floor":11,"turns":2},{"damage":0,"enemies":"3 Louse","floor":13,"turns":2},{"damage":0,"enemies":"Blue Slaver","floor":14,"turns":2},{"damage":10,"enemies":"Slime Boss","floor":16,"turns":8},{"damage":0,"enemies":"Chosen","floor":18,"turns":4},{"damage":37,"enemies":"3 Byrds","floor":19,"turns":4},{"damage":0,"enemies":"Snecko","floor":20,"turns":3},{"damage":9,"enemies":"3 Cultists","floor":21,"turns":5},{"damage":9,"enemies":"Snake Plant","floor":24,"turns":4},{"damage":13,"enemies":"Centurion and Healer","floor":25,"turns":7},{"damage":23,"enemies":"Masked Bandits","floor":28,"turns":4},{"damage":0,"enemies":"Colosseum Slavers","floor":29,"turns":5},{"damage":5,"enemies":"Cultist and Chosen","floor":31,"turns":4},{"damage":45,"enemies":"Collector","floor":33,"turns":6}],"seed_played":"3293535402584766240","potions_obtained":[{"floor":10,"key":"SpeedPotion"},{"floor":11,"key":"Ancient Potion"},{"floor":13,"key":"FearPotion"},{"floor":16,"key":"PowerPotion"},{"floor":21,"key":"Swift Potion"},{"floor":24,"key":"Fire Potion"},{"floor":25,"key":"Energy Potion"},{"floor":28,"key":"EssenceOfSteel"}],"is_trial":false,"path_per_floor":["M","M","?","?","T","R","E","M","T","M","M","R","M","M","R","B",null,"M","M","M","M","T","R","M","M","T","?","?","?","$","M","R","B"],"character_chosen":"DEFECT","items_purchased":["Membership Card","Lantern","LiquidBronze","Strength Potion","Dexterity Potion"],"campfire_rested":2,"item_purchase_floors":[30,30,30,30,30],"current_hp_per_floor":[75,75,72,57,57,57,57,57,57,57,57,57,57,57,57,47,68,68,31,31,22,22,44,37,26,26,26,5,7,7,4,26,0],"gold":104,"neow_bonus":"THREE_ENEMY_KILL","is_prod":false,"is_daily":false,"chose_seed":false,"campfire_upgraded":3,"win_rate":0,"timestamp":1546229442,"path_taken":["M","M","?","?","?","R","E","?","T","M","M","R","M","M","R","BOSS","M","M","M","M","?","R","M","M","T","?","?","?","$","M","R","BOSS"],"build_version":"2018-12-20","purchased_purges":1,"victory":false,"max_hp_per_floor":[75,75,75,75,75,75,75,75,75,75,75,75,75,75,75,75,75,75,75,75,75,75,75,75,75,75,75,75,75,75,75,75,75],"card_choices":[{"not_picked":["Leap","Steam"],"picked":"Cold Snap","floor":1},{"not_picked":["Beam Cell","Rebound"],"picked":"Redo","floor":2},{"not_picked":["Rebound","Storm"],"picked":"Cold Snap","floor":7},{"not_picked":["Force Field","Hello World"],"picked":"Ball Lightning","floor":8},{"not_picked":["Sweeping Beam","Amplify"],"picked":"Leap","floor":10},{"not_picked":["Sweeping Beam","Sunder"],"picked":"Ball Lightning","floor":11},{"not_picked":["Beam Cell","White Noise"],"picked":"Capacitor","floor":13},{"not_picked":["Beam Cell","Gash"],"picked":"Conserve Battery","floor":14},{"not_picked":["Hyperbeam","Machine Learning"],"picked":"Thunder Strike","floor":16},{"not_picked":["Stack+1","Leap"],"picked":"Barrage","floor":18},{"not_picked":["Barrage","Ball Lightning"],"picked":"Consume","floor":19},{"not_picked":["Streamline","Melter","Ball Lightning"],"picked":"SKIP","floor":20},{"not_picked":["Conserve Battery","Scrape","Streamline"],"picked":"SKIP","floor":21},{"not_picked":["Ball Lightning+1","Steam+1","Steam Power+1"],"picked":"SKIP","floor":24},{"not_picked":["Amplify","Gash+1"],"picked":"Coolheaded","floor":25},{"not_picked":["Redo","Rebound"],"picked":"Hologram","floor":28},{"not_picked":["Chill","Undo","Compile Driver"],"picked":"SKIP","floor":31}],"player_experience":286700,"relics_obtained":[{"floor":5,"key":"FossilizedHelix"},{"floor":7,"key":"Whetstone"},{"floor":9,"key":"Potion Belt"},{"floor":22,"key":"Blood Vial"},{"floor":26,"key":"Frozen Egg 2"},{"floor":28,"key":"Red Mask"}],"event_choices":[{"damage_healed":0,"gold_gain":0,"player_choice":"Success","damage_taken":3,"relics_obtained":["Bag of Marbles"],"max_hp_gain":0,"max_hp_loss":0,"event_name":"Scrap Ooze","floor":3,"gold_loss":0},{"damage_healed":0,"gold_gain":0,"player_choice":"Entered Light","damage_taken":15,"max_hp_gain":0,"max_hp_loss":0,"event_name":"Shining Light","floor":4,"gold_loss":0,"cards_upgraded":["Cold Snap","Strike_B"]},{"damage_healed":0,"gold_gain":0,"cards_transformed":["Strike_B","Defend_B"],"player_choice":"Became Test Subject","damage_taken":0,"max_hp_gain":0,"max_hp_loss":0,"event_name":"Drug Dealer","floor":27,"gold_loss":0,"cards_obtained":["Thunder Strike","Glacier"]},{"damage_healed":0,"gold_gain":0,"player_choice":"Fought Bandits","damage_taken":0,"max_hp_gain":0,"max_hp_loss":0,"event_name":"Masked Bandits","floor":28,"gold_loss":0},{"damage_healed":0,"gold_gain":0,"player_choice":"Fight","damage_taken":0,"max_hp_gain":0,"max_hp_loss":0,"event_name":"Colosseum","floor":29,"gold_loss":0},{"damage_healed":0,"gold_gain":0,"player_choice":"Fled From Nobs","damage_taken":0,"max_hp_gain":0,"max_hp_loss":0,"event_name":"Colosseum","floor":29,"gold_loss":0}],"is_beta":false,"boss_relics":[{"not_picked":["Lizard Tail","Astrolabe"],"picked":"Philosopher\u0027s Stone"}],"items_purged_floors":[30],"is_endless":false,"potions_floor_spawned":[10,11,13,16,21,24,25,28],"killed_by":"Collector","ascension_level":5}