{"gold_per_floor":[117,117,117,136,136,136,162,162,162,186,218,218,246,246,246,349,349,366,265,215,232,232],"floor_reached":22,"playtime":1484,"items_purged":[],"score":279,"play_id":"26f91970-cf00-40ca-8426-9ca4eb80a33f","local_time":"20190424114550","is_ascension_mode":true,"campfire_choices":[{"data":"Bash","floor":6.0,"key":"SMITH"},{"data":"Twin Strike","floor":12.0,"key":"SMITH"},{"floor":15.0,"key":"REST"}],"neow_cost":"NONE","seed_source_timestamp":0,"circlet_count":0,"master_deck":["Strike_R","Strike_R","Strike_R","Defend_R","Defend_R","Defend_R","Defend_R","Bash+1","Twin Strike+1","Armaments+1","Warcry","Ghostly Armor","Demon Form","Rampage","Fire Breathing","Anger","Rage+1"],"special_seed":0,"relics":["Burning Blood","NeowsBlessing","Smiling Mask","Mummified Hand","Happy Flower","PreservedInsect","Black Star"],"potions_floor_usage":[22],"damage_taken":[{"damage":0.0,"enemies":"Cultist","floor":1.0,"turns":1.0},{"damage":0.0,"enemies":"Small Slimes","floor":4.0,"turns":1.0},{"damage":0.0,"enemies":"Lagavulin","floor":7.0,"turns":1.0},{"damage":59.0,"enemies":"3 Sentries","floor":11.0,"turns":15.0},{"damage":27.0,"enemies":"Lagavulin","floor":13.0,"turns":5.0},{"damage":23.0,"enemies":"The Guardian","floor":16.0,"turns":14.0},{"damage":20,"enemies":"3 Byrds","floor":18,"turns":11},{"damage":26,"enemies":"Shell Parasite","floor":21,"turns":5},{"damage":42,"enemies":"Snecko","floor":22,"turns":5}],"seed_played":"6939010743260934138","potions_obtained":[{"floor":7.0,"key":"FairyPotion"},{"floor":13.0,"key":"Ancient Potion"},{"floor":16.0,"key":"FearPotion"},{"floor":18,"key":"BloodPotion"}],"is_trial":false,"path_per_floor":["M","$","?","M","$","R","E","?","T","T","E","R","E","?","R","B",null,"M","$","?","M","M"],"character_chosen":"IRONCLAD","items_purchased":["Fire Breathing","Anger"],"campfire_rested":1,"item_purchase_floors":[19,19],"current_hp_per_floor":[80,80,73,79,79,79,80,80,80,80,27,27,14,14,38,21,65,51,51,51,31,0],"gold":232,"neow_bonus":"THREE_ENEMY_KILL","is_prod":false,"is_daily":false,"chose_seed":false,"campfire_upgraded":2,"win_rate":0,"timestamp":1556099150,"path_taken":["M","?","?","M","$","R","E","?","T","?","E","R","E","?","R","BOSS","M","$","?","M","M"],"build_version":"2019-01-23","purchased_purges":0,"victory":false,"max_hp_per_floor":[80,80,80,80,80,80,80,80,80,80,80,80,80,80,80,80,80,80,80,80,80,80],"card_choices":[{"not_picked":["Armaments","Dual Wield","Flex"],"picked":"SKIP","floor":1.0},{"not_picked":["Warcry","Flex"],"picked":"Twin Strike","floor":4.0},{"not_picked":["Pommel Strike","Intimidate"],"picked":"Armaments","floor":7.0},{"not_picked":["Armaments","Power Through"],"picked":"Warcry","floor":11.0},{"not_picked":["Clothesline","Exhume"],"picked":"Ghostly Armor","floor":13.0},{"not_picked":["Fiend Fire","Reaper"],"picked":"Demon Form","floor":16.0},{"not_picked":["Searing Blow","Anger"],"picked":"Rampage","floor":18},{"not_picked":["Wild Strike","Rampage"],"picked":"Rage+1","floor":21}],"player_experience":473079,"relics_obtained":[{"floor":7.0,"key":"Smiling Mask"},{"floor":9.0,"key":"Mummified Hand"},{"floor":11.0,"key":"Happy Flower"},{"floor":13.0,"key":"PreservedInsect"}],"event_choices":[{"cards_removed":["Strike_R"],"damage_healed":0.0,"max_hp_gain":0.0,"max_hp_loss":0.0,"gold_gain":0.0,"event_name":"Golden Wing","player_choice":"Card Removal","floor":3.0,"gold_loss":0.0,"damage_taken":7.0},{"damage_healed":0.0,"max_hp_gain":0.0,"max_hp_loss":0.0,"gold_gain":0.0,"event_name":"Living Wall","player_choice":"Grow","floor":8.0,"gold_loss":0.0,"damage_taken":0.0,"cards_upgraded":["Armaments"]},{"cards_removed":["Strike_R"],"damage_healed":0.0,"max_hp_gain":0.0,"max_hp_loss":0.0,"gold_gain":0.0,"event_name":"Purifier","player_choice":"Purged","floor":14.0,"gold_loss":0.0,"damage_taken":0.0},{"damage_healed":0,"gold_gain":0,"player_choice":"Bet on Owner","damage_taken":0,"max_hp_gain":0,"max_hp_loss":0,"event_name":"The Joust","floor":20,"gold_loss":50}],"is_beta":false,"boss_relics":[{"not_picked":["Pandora\u0027s Box","Coffee Dripper"],"picked":"Black Star"}],"items_purged_floors":[],"is_endless":false,"potions_floor_spawned":[7,13,16,18],"killed_by":"Snecko","ascension_level":5}