{"gold_per_floor":[114,189,199,199,164,197,197,207,207,207,207,225,235,269,269,373,373,390,400,142,57,87,116,64,64,64,91,101,151,151,162,162,162],"floor_reached":33,"playtime":1964,"items_purged":[],"score":358,"play_id":"36fa37eb-5841-49fe-adb9-1954d0f6dda3","local_time":"20190428233626","is_ascension_mode":true,"campfire_choices":[{"floor":7,"key":"REST"},{"data":"Anger","floor":11,"key":"SMITH"},{"floor":15,"key":"REST"},{"data":"True Grit","floor":25,"key":"SMITH"},{"floor":30,"key":"REST"},{"floor":32,"key":"REST"}],"neow_cost":"NONE","seed_source_timestamp":2636610057783,"circlet_count":0,"master_deck":["Bash","Dropkick","Warcry","Fiend Fire","Anger+1","Disarm","Armaments","Disarm","Feed+1","Limit Break","Demon Form+1","Dropkick+1","Cleave+1","Corruption+1","Havoc","Metallicize+1","True Grit+1","Flame Barrier","Power Through","Shrug It Off","Battle Trance","Iron Wave+1","Feel No Pain+1"],"relics":["Burning Blood","Matryoshka","Frozen Egg 2","Molten Egg 2","Juzu Bracelet","Pandora\u0027s Box","Strange Spoon","Gambling Chip","Red Mask","Pear","Strawberry","Ancient Tea Set","The Courier"],"potions_floor_usage":[16,23,23,27],"damage_taken":[{"damage":11,"enemies":"Jaw Worm","floor":1,"turns":6},{"damage":2,"enemies":"Small Slimes","floor":3,"turns":3},{"damage":59,"enemies":"3 Sentries","floor":6,"turns":14},{"damage":0,"enemies":"2 Louse","floor":8,"turns":2},{"damage":5,"enemies":"Looter","floor":12,"turns":3},{"damage":7,"enemies":"Blue Slaver","floor":13,"turns":3},{"damage":25,"enemies":"Gremlin Nob","floor":14,"turns":4},{"damage":61,"enemies":"Slime Boss","floor":16,"turns":8},{"damage":12,"enemies":"Shell Parasite","floor":18,"turns":7},{"damage":30,"enemies":"Spheric Guardian","floor":19,"turns":6},{"damage":17,"enemies":"Masked Bandits","floor":22,"turns":5},{"damage":46,"enemies":"Slavers","floor":23,"turns":12},{"damage":29,"enemies":"Gremlin Leader","floor":27,"turns":9},{"damage":4,"enemies":"Shelled Parasite and Fungi","floor":28,"turns":7},{"damage":9,"enemies":"Snecko","floor":31,"turns":7},{"damage":91,"enemies":"Automaton","floor":33,"turns":14}],"seed_played":"-8992585550769848202","potions_obtained":[{"floor":12,"key":"Regen Potion"},{"floor":13,"key":"Fire Potion"},{"floor":14,"key":"SmokeBomb"},{"floor":16,"key":"SpeedPotion"},{"floor":23,"key":"GamblersBrew"}],"is_trial":false,"path_per_floor":["M","?","M","?","?","E","R","M","T","?","R","M","M","E","R","B",null,"M","M","$","?","?","E","$","R","T","E","M","?","R","M","R","B"],"character_chosen":"IRONCLAD","items_purchased":["Shrug It Off","Strange Spoon","Iron Wave+1"],"campfire_rested":4,"item_purchase_floors":[20,20,24],"current_hp_per_floor":[75,64,68,61,80,27,51,57,57,57,57,58,57,38,62,7,80,78,58,58,58,51,36,36,36,43,20,26,26,59,56,89,0],"gold":162,"neow_bonus":"TRANSFORM_CARD","is_prod":false,"is_daily":false,"chose_seed":false,"campfire_upgraded":2,"win_rate":0,"timestamp":1556508986,"path_taken":["M","?","M","?","?","E","R","M","T","?","R","M","M","E","R","BOSS","M","M","$","?","?","E","$","R","T","E","M","?","R","M","R","BOSS"],"build_version":"2019-01-23","purchased_purges":0,"victory":false,"max_hp_per_floor":[80,80,80,80,80,80,80,80,80,80,80,80,80,80,80,80,80,84,88,88,88,92,102,102,102,109,109,113,113,113,113,113,113],"card_choices":[{"not_picked":["Wild Strike","Twin Strike"],"picked":"Dropkick","floor":1},{"not_picked":["Body Slam","Headbutt","Warcry"],"picked":"SKIP","floor":3},{"not_picked":["Body Slam","Headbutt"],"picked":"Warcry","floor":3},{"not_picked":["Havoc","Reckless Charge"],"picked":"Fiend Fire","floor":6},{"not_picked":["Cleave","Armaments"],"picked":"Anger","floor":8},{"not_picked":["Pommel Strike+1","Rampage+1"],"picked":"Disarm","floor":12},{"not_picked":["Warcry","Armaments","Sword Boomerang+1"],"picked":"SKIP","floor":13},{"not_picked":["Warcry","Sword Boomerang+1"],"picked":"Armaments","floor":13},{"not_picked":["Wild Strike+1","Entrench"],"picked":"Disarm","floor":14},{"not_picked":["Dark Embrace+1","Immolate+1"],"picked":"Feed+1","floor":16},{"not_picked":["Wild Strike+1","Iron Wave+1"],"picked":"Flame Barrier","floor":18},{"not_picked":["Intimidate+1","Burning Pact"],"picked":"Power Through","floor":19},{"not_picked":["Blood for Blood+1","Havoc"],"picked":"Battle Trance","floor":23},{"not_picked":["Sentinel","Second Wind"],"picked":"Feel No Pain+1","floor":27},{"not_picked":["Perfected Strike+1","Wild Strike+1","Heavy Blade+1"],"picked":"SKIP","floor":28},{"not_picked":["Armaments","Rupture+1","Whirlwind+1"],"picked":"SKIP","floor":31}],"player_experience":180255,"relics_obtained":[{"floor":6,"key":"Matryoshka"},{"floor":9,"key":"Frozen Egg 2"},{"floor":9,"key":"Molten Egg 2"},{"floor":14,"key":"Juzu Bracelet"},{"floor":22,"key":"Red Mask"},{"floor":23,"key":"Pear"},{"floor":26,"key":"Strawberry"},{"floor":26,"key":"Ancient Tea Set"},{"floor":27,"key":"The Courier"}],"event_choices":[{"damage_healed":0,"gold_gain":75,"player_choice":"Gather Gold","damage_taken":11,"max_hp_gain":0,"max_hp_loss":0,"event_name":"World of Goop","floor":2,"gold_loss":0},{"cards_removed":["Brutality"],"damage_healed":0,"gold_gain":0,"player_choice":"Card Removal","damage_taken":7,"max_hp_gain":0,"max_hp_loss":0,"event_name":"Golden Wing","floor":4,"gold_loss":0},{"damage_healed":20,"gold_gain":0,"player_choice":"Healed","damage_taken":0,"max_hp_gain":0,"max_hp_loss":0,"event_name":"The Cleric","floor":5,"gold_loss":35},{"damage_healed":0,"gold_gain":0,"player_choice":"Ignored","damage_taken":0,"max_hp_gain":0,"max_hp_loss":0,"event_name":"Liars Game","floor":10,"gold_loss":0},{"damage_healed":0,"gold_gain":0,"player_choice":"Obtained Relic","damage_taken":0,"relics_obtained":["Gambling Chip"],"max_hp_gain":0,"max_hp_loss":0,"event_name":"Addict","floor":21,"gold_loss":85},{"damage_healed":0,"gold_gain":0,"player_choice":"Fought Bandits","damage_taken":0,"max_hp_gain":0,"max_hp_loss":0,"event_name":"Masked Bandits","floor":22,"gold_loss":0},{"damage_healed":0,"gold_gain":100,"player_choice":"Bet on Murderer","damage_taken":0,"max_hp_gain":0,"max_hp_loss":0,"event_name":"The Joust","floor":29,"gold_loss":50}],"is_beta":false,"boss_relics":[{"not_picked":["Lizard Tail","Velvet Choker"],"picked":"Pandora\u0027s Box"}],"items_purged_floors":[],"is_endless":false,"potions_floor_spawned":[12,13,14,16,18,19,23],"killed_by":"Automaton","ascension_level":1}