{"gold_per_floor":[119,89,37,37,54,79,79,106,179,179,195,195,195,195,195,269,269,281,281,300,300,318,318,36,46,46,46],"floor_reached":27,"playtime":716,"items_purged":[],"score":488,"play_id":"d70a7ab1-0632-4efa-9fec-51372cb62963","local_time":"20190420091442","is_ascension_mode":true,"campfire_choices":[{"data":"Dagger Spray","floor":7,"key":"SMITH"},{"data":"Dagger Spray","floor":10,"key":"SMITH"},{"data":"Neutralize","floor":13,"key":"SMITH"},{"data":"Terror","floor":15,"key":"SMITH"},{"floor":23,"key":"REST"}],"neow_cost":"NONE","seed_source_timestamp":89735754382055,"circlet_count":0,"master_deck":["AscendersBane","Defend_G","Defend_G","Defend_G","Defend_G","Defend_G","Strike_G","Strike_G","Strike_G","Strike_G","Strike_G","Survivor","Neutralize+1","Blur","Dagger Spray+1","Sucker Punch","Crippling Poison+1","Dagger Spray+1","Terror+1","Burst","Noxious Fumes","Bouncing Flask"],"relics":["Ring of the Snake","NeowsBlessing","Bag of Marbles","StoneCalendar","Ornamental Fan","Velvet Choker","OrangePellets","Kunai"],"potions_floor_usage":[8,8,8,16],"damage_taken":[{"damage":0,"enemies":"Small Slimes","floor":1,"turns":1},{"damage":0,"enemies":"Cultist","floor":5,"turns":1},{"damage":0,"enemies":"Lagavulin","floor":6,"turns":1},{"damage":11,"enemies":"3 Sentries","floor":8,"turns":4},{"damage":4,"enemies":"Jaw Worm","floor":11,"turns":4},{"damage":31,"enemies":"Slime Boss","floor":16,"turns":7},{"damage":9,"enemies":"2 Thieves","floor":18,"turns":3},{"damage":0,"enemies":"3 Byrds","floor":20,"turns":2},{"damage":29,"enemies":"Snake Plant","floor":22,"turns":6},{"damage":28,"enemies":"3 Cultists","floor":25,"turns":4},{"damage":11,"enemies":"Book of Stabbing","floor":27,"turns":3}],"seed_played":"-216097951976139651","potions_obtained":[{"floor":1,"key":"GhostInAJar"},{"floor":2,"key":"EntropicBrew"},{"floor":16,"key":"FearPotion"}],"is_trial":false,"path_per_floor":["M","?","$","$","M","E","R","E","T","R","M","?","R","?","R","B",null,"M","?","M","?","M","R","$","M","T","E"],"character_chosen":"THE_SILENT","items_purchased":["Dagger Spray","OrangePellets","SteroidPotion"],"campfire_rested":1,"item_purchase_floors":[3,24,24],"current_hp_per_floor":[59,59,59,59,59,59,59,48,48,48,44,44,44,44,44,13,53,44,44,44,44,15,34,34,6,6,0],"gold":46,"neow_bonus":"THREE_ENEMY_KILL","is_prod":false,"is_daily":false,"chose_seed":false,"campfire_upgraded":4,"win_rate":0,"timestamp":1555719282,"path_taken":["M","?","?","$","?","E","R","E","T","R","M","?","R","?","R","BOSS","M","?","M","?","M","R","?","M","T","E"],"build_version":"2019-01-23","purchased_purges":0,"victory":false,"max_hp_per_floor":[66,66,66,66,66,66,66,66,66,66,66,66,66,66,66,66,66,66,66,66,66,66,66,66,66,66,66],"card_choices":[{"not_picked":["Catalyst","Acrobatics"],"picked":"Blur","floor":1},{"not_picked":["Calculated Gamble","Distraction"],"picked":"Sucker Punch","floor":5},{"not_picked":["Backflip","Flying Knee"],"picked":"Crippling Poison","floor":6},{"not_picked":["Blade Dance","Deflect"],"picked":"Dagger Spray","floor":8},{"not_picked":["Dagger Throw","Expertise"],"picked":"Terror","floor":11},{"not_picked":["Phantasmal Killer","Bullet Time"],"picked":"Burst","floor":16},{"not_picked":["Tactician+1","Flying Knee","Dagger Spray"],"picked":"SKIP","floor":18},{"not_picked":["Dagger Spray","Sucker Punch","Endless Agony"],"picked":"SKIP","floor":20},{"not_picked":["Sucker Punch","Deadly Poison+1"],"picked":"Noxious Fumes","floor":22},{"not_picked":["Dodge and Roll","Phantasmal Killer"],"picked":"Bouncing Flask","floor":25}],"player_experience":1003302,"relics_obtained":[{"floor":6,"key":"Bag of Marbles"},{"floor":8,"key":"StoneCalendar"},{"floor":9,"key":"Ornamental Fan"},{"floor":26,"key":"Kunai"}],"event_choices":[{"damage_healed":0,"gold_gain":0,"player_choice":"Bought 2 Potions","damage_taken":0,"max_hp_gain":0,"max_hp_loss":0,"event_name":"The Woman in Blue","floor":2,"gold_loss":0},{"damage_healed":0,"gold_gain":0,"player_choice":"Grow","damage_taken":0,"max_hp_gain":0,"max_hp_loss":0,"event_name":"Living Wall","floor":12,"gold_loss":0,"cards_upgraded":["Crippling Poison"]},{"damage_healed":0,"gold_gain":0,"player_choice":"Ignored","damage_taken":0,"max_hp_gain":0,"max_hp_loss":0,"event_name":"Liars Game","floor":14,"gold_loss":0},{"damage_healed":0,"gold_gain":0,"player_choice":"Ignored","damage_taken":0,"max_hp_gain":0,"max_hp_loss":0,"event_name":"The Mausoleum","floor":19,"gold_loss":0},{"damage_healed":0,"gold_gain":0,"player_choice":"Ignored","damage_taken":0,"max_hp_gain":0,"max_hp_loss":0,"event_name":"Ghosts","floor":21,"gold_loss":0}],"is_beta":false,"boss_relics":[{"not_picked":["Empty Cage","Black Star"],"picked":"Velvet Choker"}],"items_purged_floors":[],"is_endless":false,"potions_floor_spawned":[1,6,16],"killed_by":"Book of Stabbing","ascension_level":20}