{"gold_per_floor":[12,12,29,46,65,97,97,97,97,110,120,154,229,249,249,344,344,357,377,377,377,396,396,430,442,454,217,217,229,229,243,243,343,343,362,376,71,71,83,83,83,98,171,171,171,171,189,46,46,46,46,46,46,46],"floor_reached":54,"playtime":2401,"items_purged":["Strike_R","Defend_R"],"score":671,"play_id":"44c79f8b-d034-4402-8911-c1dd82c64aa6","local_time":"20190424150447","is_ascension_mode":false,"campfire_choices":[{"data":"Whirlwind","floor":8,"key":"SMITH"},{"floor":15,"key":"REST"},{"data":"Armaments","floor":23,"key":"SMITH"},{"data":"Flame Barrier","floor":25,"key":"SMITH"},{"data":"Shrug It Off","floor":32,"key":"SMITH"},{"floor":41,"key":"RECALL"},{"data":"Demon Form","floor":45,"key":"SMITH"},{"data":"Shockwave","floor":49,"key":"SMITH"},{"data":"Spot Weakness","floor":52,"key":"SMITH"}],"neow_cost":"NO_GOLD","seed_source_timestamp":9223940856824,"circlet_count":0,"master_deck":["Defend_R","Defend_R","Bash","Ghostly Armor","Clothesline","Armaments+1","Whirlwind+1","Carnage","Shrug It Off","Flame Barrier+1","Demon Form+1","Spot Weakness+1","Sword Boomerang+1","Sever Soul","Feel No Pain+1","Shrug It Off+1","Sword Boomerang+1","Whirlwind+1","Enlightenment","Shockwave+1"],"relics":["Burning Blood","Thread and Needle","Art of War","Pantograph","Dodecahedron","Coffee Dripper","MawBank","Happy Flower","Empty Cage","DollysMirror","Mummified Hand","Vajra"],"potions_floor_usage":[19,46],"damage_taken":[{"damage":2,"enemies":"Cultist","floor":1,"turns":3},{"damage":1,"enemies":"Small Slimes","floor":3,"turns":4},{"damage":0,"enemies":"Jaw Worm","floor":4,"turns":4},{"damage":4,"enemies":"2 Fungi Beasts","floor":5,"turns":4},{"damage":46,"enemies":"Gremlin Nob","floor":6,"turns":7},{"damage":0,"enemies":"Lots of Slimes","floor":10,"turns":1},{"damage":0,"enemies":"Blue Slaver","floor":11,"turns":4},{"damage":14,"enemies":"Lagavulin","floor":12,"turns":7},{"damage":0,"enemies":"2 Fungi Beasts","floor":14,"turns":4},{"damage":27,"enemies":"Slime Boss","floor":16,"turns":12},{"damage":2,"enemies":"Shell Parasite","floor":18,"turns":5},{"damage":10,"enemies":"Spheric Guardian","floor":19,"turns":4},{"damage":5,"enemies":"Centurion and Healer","floor":22,"turns":5},{"damage":55,"enemies":"Gremlin Leader","floor":24,"turns":6},{"damage":6,"enemies":"Snake Plant","floor":29,"turns":3},{"damage":1,"enemies":"Cultist and Chosen","floor":31,"turns":6},{"damage":43,"enemies":"Automaton","floor":33,"turns":13},{"damage":5,"enemies":"3 Shapes","floor":35,"turns":8},{"damage":0,"enemies":"3 Darklings","floor":36,"turns":3},{"damage":9,"enemies":"4 Shapes","floor":39,"turns":3},{"damage":3,"enemies":"Jaw Worm Horde","floor":42,"turns":3},{"damage":0,"enemies":"Writhing Mass","floor":46,"turns":1},{"damage":0,"enemies":"Sphere and 2 Shapes","floor":47,"turns":3},{"damage":39,"enemies":"Time Eater","floor":50,"turns":8},{"damage":92,"enemies":"Shield and Spear","floor":54,"turns":5}],"seed_played":"-8873082129527293024","potions_obtained":[{"floor":1,"key":"Energy Potion"},{"floor":4,"key":"Regen Potion"},{"floor":10,"key":"Fire Potion"},{"floor":22,"key":"Poison Potion"},{"floor":30,"key":"SmokeBomb"},{"floor":30,"key":"FairyPotion"},{"floor":33,"key":"Swift Potion"},{"floor":35,"key":"Regen Potion"},{"floor":47,"key":"BloodPotion"}],"is_trial":false,"path_per_floor":["M","?","M","M","M","E","?","R","T","M","M","E","?","M","R","B",null,"M","M","?","?","M","R","E","R","T","$","?","M","?","M","R","B",null,"M","M","$","?","M","?","R","M","T","?","R","M","M","$","R","B",null,"R","$","E"],"character_chosen":"IRONCLAD","items_purchased":["Happy Flower","Shrug It Off","DollysMirror","Vajra"],"campfire_rested":1,"item_purchase_floors":[27,27,37,48],"current_hp_per_floor":[80,72,77,80,80,40,40,40,40,46,52,44,33,39,63,59,80,80,76,76,76,77,77,28,28,28,28,13,13,13,18,18,14,85,85,85,85,85,82,82,82,85,85,85,85,85,85,85,85,52,85,85,85,0],"gold":46,"neow_bonus":"ONE_RARE_RELIC","is_prod":false,"is_daily":false,"chose_seed":false,"campfire_upgraded":7,"win_rate":0,"timestamp":1556132687,"path_taken":["M","?","?","M","M","E","?","R","T","M","M","E","?","M","R","BOSS","M","M","?","?","?","R","E","R","T","$","?","M","?","M","R","BOSS","M","M","?","?","M","?","R","?","T","?","R","M","M","?","R","BOSS","R","$","E"],"build_version":"2019-01-23","purchased_purges":2,"victory":false,"max_hp_per_floor":[80,80,80,80,80,80,80,80,80,80,80,80,80,80,80,80,80,80,80,80,80,80,80,80,80,80,80,85,85,85,85,85,85,85,85,85,85,85,85,85,85,85,85,85,85,85,85,85,85,85,85,85,85,85],"card_choices":[{"not_picked":["Sword Boomerang","Headbutt"],"picked":"Ghostly Armor","floor":1},{"not_picked":["Seeing Red","Heavy Blade"],"picked":"Clothesline","floor":3},{"not_picked":["Thunderclap","Reckless Charge"],"picked":"Armaments","floor":4},{"not_picked":["Clothesline","Rupture"],"picked":"Whirlwind","floor":5},{"not_picked":["Impervious","Searing Blow"],"picked":"Carnage","floor":6},{"not_picked":["Havoc","Sentinel","Wild Strike"],"picked":"SKIP","floor":10},{"not_picked":["Flex","Heavy Blade"],"picked":"Corruption","floor":11},{"not_picked":["Shockwave","Perfected Strike"],"picked":"Shrug It Off","floor":12},{"not_picked":["Blood for Blood","Sword Boomerang"],"picked":"Flame Barrier","floor":14},{"not_picked":["Berserk","Bludgeon"],"picked":"Demon Form","floor":16},{"not_picked":["Flame Barrier","Clothesline"],"picked":"Spot Weakness","floor":18},{"not_picked":["Anger","Corruption+1"],"picked":"Sword Boomerang+1","floor":19},{"not_picked":["Shrug It Off","Infernal Blade"],"picked":"Feel No Pain+1","floor":22},{"not_picked":["Rampage","Burning Pact","Juggernaut"],"picked":"SKIP","floor":24},{"not_picked":["Clash","Infernal Blade","Hemokinesis"],"picked":"SKIP","floor":29},{"not_picked":["Thunderclap","Cleave+1","Headbutt+1"],"picked":"SKIP","floor":31},{"not_picked":["Clothesline","Perfected Strike"],"picked":"Sword Boomerang+1","floor":35},{"not_picked":["Sword Boomerang","Intimidate","Heavy Blade"],"picked":"SKIP","floor":36},{"not_picked":["Corruption","Wild Strike","Havoc"],"picked":"SKIP","floor":39},{"not_picked":["Havoc","Iron Wave","Combust"],"picked":"SKIP","floor":42},{"not_picked":["Swift Strike","Purity"],"picked":"Enlightenment","floor":44},{"not_picked":["Heavy Blade","Double Tap"],"picked":"Shockwave","floor":47}],"player_experience":172362,"relics_obtained":[{"floor":6,"key":"Art of War"},{"floor":9,"key":"Pantograph"},{"floor":12,"key":"Dodecahedron"},{"floor":24,"key":"MawBank"},{"floor":43,"key":"Mummified Hand"}],"event_choices":[{"damage_healed":0,"gold_gain":0,"player_choice":"Damaged","damage_taken":8,"max_hp_gain":0,"max_hp_loss":0,"event_name":"Wheel of Change","floor":2,"gold_loss":0},{"cards_removed":["Strike_R"],"damage_healed":0,"gold_gain":0,"player_choice":"Forget","damage_taken":0,"max_hp_gain":0,"max_hp_loss":0,"event_name":"Living Wall","floor":7,"gold_loss":0},{"damage_healed":0,"gold_gain":75,"player_choice":"Gather Gold","damage_taken":11,"max_hp_gain":0,"max_hp_loss":0,"event_name":"World of Goop","floor":13,"gold_loss":0},{"cards_removed":["Strike_R"],"damage_healed":0,"gold_gain":0,"player_choice":"Elegance","damage_taken":0,"max_hp_gain":0,"max_hp_loss":0,"event_name":"Back to Basics","floor":20,"gold_loss":0},{"damage_healed":0,"gold_gain":0,"cards_transformed":["Strike_R"],"player_choice":"Transformed","damage_taken":0,"max_hp_gain":0,"max_hp_loss":0,"event_name":"Transmorgrifier","floor":21,"gold_loss":0,"cards_obtained":["Sever Soul"]},{"damage_healed":0,"gold_gain":0,"player_choice":"Shed Blood","damage_taken":20,"max_hp_gain":5,"max_hp_loss":0,"event_name":"Forgotten Altar","floor":28,"gold_loss":0},{"damage_healed":0,"gold_gain":0,"player_choice":"Got Potions","damage_taken":0,"max_hp_gain":0,"max_hp_loss":0,"event_name":"Lab","floor":30,"gold_loss":0},{"cards_removed":["Defend_R"],"damage_healed":0,"gold_gain":0,"player_choice":"Removed Skill","damage_taken":0,"max_hp_gain":0,"max_hp_loss":0,"event_name":"Falling","floor":38,"gold_loss":0},{"damage_healed":0,"gold_gain":0,"player_choice":"Ignored","damage_taken":0,"max_hp_gain":0,"max_hp_loss":0,"event_name":"NoteForYourself","floor":40,"gold_loss":0},{"damage_healed":0,"gold_gain":0,"player_choice":"Memory 1","damage_taken":0,"max_hp_gain":0,"max_hp_loss":0,"event_name":"SensoryStone","floor":44,"gold_loss":0}],"is_beta":false,"boss_relics":[{"not_picked":["Tiny House","Fusion Hammer"],"picked":"Coffee Dripper"},{"not_picked":["Mark of Pain","Philosopher\u0027s Stone"],"picked":"Empty Cage"}],"items_purged_floors":[27,37],"is_endless":false,"potions_floor_spawned":[1,4,10,12,18,22,33,35,42,47],"killed_by":"Shield and Spear","ascension_level":0}