{"gold_per_floor":[367,44,64,115,80,80,100,100,100,118,130,157,157,167,167,242,292,310,310,320,332,350,350,350],"floor_reached":24,"playtime":1115,"items_purged":["Normality"],"score":390,"play_id":"b11244bc-502f-4e03-b46b-40afa231b72d","local_time":"20190305220734","is_ascension_mode":true,"campfire_choices":[{"data":"All Out Attack","floor":6,"key":"SMITH"},{"data":"Neutralize","floor":8,"key":"SMITH"},{"data":"Dagger Spray","floor":13,"key":"SMITH"},{"data":"Leg Sweep","floor":15,"key":"SMITH"},{"floor":23,"key":"REST"}],"neow_cost":"CURSE","seed_source_timestamp":577451689232448,"circlet_count":0,"master_deck":["AscendersBane","Defend_G","Defend_G","Defend_G","Defend_G","Defend_G","Strike_G","Strike_G","Strike_G","Strike_G","Survivor","Neutralize+1","All Out Attack+1","Deadly Poison","Dash+1","Infinite Blades","Leg Sweep+1","Dagger Spray+1","Predator","Storm of Steel","PiercingWail","Expertise","PiercingWail","Terror","Backflip+1"],"relics":["Ring of the Snake","TwistedFunnel","Smiling Mask","Shuriken","Tiny House"],"potions_floor_usage":[18,18,20,22,24],"damage_taken":[{"damage":11,"enemies":"Jaw Worm","floor":1,"turns":7},{"damage":0,"enemies":"Small Slimes","floor":3,"turns":2},{"damage":0,"enemies":"Cultist","floor":7,"turns":3},{"damage":4,"enemies":"Blue Slaver","floor":10,"turns":4},{"damage":3,"enemies":"3 Louse","floor":11,"turns":3},{"damage":15,"enemies":"3 Sentries","floor":12,"turns":6},{"damage":14,"enemies":"Exordium Wildlife","floor":14,"turns":6},{"damage":12,"enemies":"The Guardian","floor":16,"turns":14},{"damage":7,"enemies":"Chosen","floor":18,"turns":5},{"damage":21,"enemies":"3 Byrds","floor":20,"turns":4},{"damage":13,"enemies":"Snecko","floor":21,"turns":5},{"damage":0,"enemies":"3 Cultists","floor":22,"turns":5},{"damage":41,"enemies":"Slavers","floor":24,"turns":5}],"seed_played":"4387372361936209705","potions_obtained":[{"floor":10,"key":"Fire Potion"},{"floor":11,"key":"Explosive Potion"},{"floor":18,"key":"EntropicBrew"}],"is_trial":false,"path_per_floor":["M","$","M","?","?","R","M","R","T","M","M","E","R","M","R","B",null,"M","?","M","M","M","R","E"],"character_chosen":"THE_SILENT","items_purchased":["TwistedFunnel","Deadly Poison"],"campfire_rested":1,"item_purchase_floors":[2,2],"current_hp_per_floor":[48,48,48,48,64,64,64,64,64,60,57,42,42,28,28,16,59,52,52,31,18,18,39,0],"gold":350,"neow_bonus":"TWO_FIFTY_GOLD","is_prod":false,"is_daily":false,"chose_seed":false,"campfire_upgraded":4,"win_rate":0,"timestamp":1551791254,"path_taken":["M","$","M","?","?","R","M","R","T","M","M","E","R","M","R","BOSS","M","?","M","?","M","R","E"],"build_version":"2019-01-23","purchased_purges":1,"victory":false,"max_hp_per_floor":[66,66,66,66,66,66,66,66,66,66,66,66,66,66,66,66,71,71,71,71,71,71,71,71],"card_choices":[{"not_picked":["Eviscerate","Flying Knee"],"picked":"All Out Attack","floor":1},{"not_picked":["Deflect","Escape Plan"],"picked":"Dash","floor":3},{"not_picked":["Blade Dance","Slice"],"picked":"Infinite Blades","floor":7},{"not_picked":["Concentrate","Blur"],"picked":"Leg Sweep","floor":10},{"not_picked":["Underhanded Strike","Acrobatics"],"picked":"Dagger Spray","floor":11},{"not_picked":["Dash","Leg Sweep"],"picked":"Predator","floor":12},{"not_picked":["Masterful Stab","Caltrops"],"picked":"Storm of Steel","floor":14},{"not_picked":["Underhanded Strike","Blade Dance"],"picked":"PiercingWail","floor":17},{"not_picked":["Setup","Outmaneuver"],"picked":"Expertise","floor":18},{"not_picked":["Dagger Spray","Acrobatics"],"picked":"Terror","floor":20},{"not_picked":["Underhanded Strike+1","Cloak And Dagger","Dagger Throw"],"picked":"SKIP","floor":21},{"not_picked":["Heel Hook","Sucker Punch"],"picked":"Backflip+1","floor":22}],"player_experience":627888,"relics_obtained":[{"floor":9,"key":"Smiling Mask"},{"floor":12,"key":"Shuriken"}],"event_choices":[{"damage_healed":0,"gold_gain":51,"player_choice":"Gained Gold","damage_taken":0,"max_hp_gain":0,"max_hp_loss":0,"event_name":"Golden Wing","floor":4,"gold_loss":0},{"damage_healed":16,"gold_gain":0,"player_choice":"Healed","damage_taken":0,"max_hp_gain":0,"max_hp_loss":0,"event_name":"The Cleric","floor":5,"gold_loss":35},{"damage_healed":0,"gold_gain":0,"cards_transformed":["Strike_G"],"player_choice":"Transformed","damage_taken":0,"max_hp_gain":0,"max_hp_loss":0,"event_name":"Transmorgrifier","floor":19,"gold_loss":0,"cards_obtained":["PiercingWail"]}],"is_beta":false,"boss_relics":[{"not_picked":["Runic Pyramid","Coffee Dripper"],"picked":"Tiny House"}],"items_purged_floors":[2],"is_endless":false,"potions_floor_spawned":[10,11,12,14,18],"killed_by":"Slavers","ascension_level":19}