{"gold_per_floor":[110,34,34,53,128,128,160,160,183,200,229,229,248,258,258,359,359,371,391,391,391,491,491,521,541,541,541,541,541,556,211,211,211],"floor_reached":33,"playtime":2813,"items_purged":[],"score":273,"play_id":"a62942fe-7e9e-48b6-ab57-24acc28721e6","local_time":"20190421000521","is_ascension_mode":false,"campfire_choices":[{"floor":6,"key":"REST"},{"data":"Bludgeon","floor":8,"key":"SMITH"},{"floor":12,"key":"REST"},{"floor":15,"key":"REST"},{"floor":23,"key":"REST"},{"data":"Infernal Blade","floor":27,"key":"SMITH"},{"floor":29,"key":"REST"},{"data":"Fiend Fire","floor":32,"key":"SMITH"}],"neow_cost":"","seed_source_timestamp":20849380175161,"circlet_count":0,"master_deck":["Strike_R+1","Strike_R+1","Strike_R+1","Strike_R+1","Strike_R+1","Defend_R+1","Defend_R+1","Defend_R+1","Defend_R+1","Bash","Corruption","Infernal Blade","Sword Boomerang","Bludgeon+1","Clothesline","Fiend Fire+1","Infernal Blade+1","Power Through","Berserk","Anger","Pommel Strike+1","Flame Barrier","HandOfGreed+1"],"relics":["Burning Blood","Bag of Marbles","PreservedInsect","Bronze Scales","Black Star","Bottled Flame","Pen Nib","Molten Egg 2","Matryoshka","Boot"],"potions_floor_usage":[],"damage_taken":[{"damage":21,"enemies":"Jaw Worm","floor":1,"turns":7},{"damage":8,"enemies":"Small Slimes","floor":4,"turns":3},{"damage":21,"enemies":"Gremlin Nob","floor":7,"turns":4},{"damage":1,"enemies":"2 Louse","floor":10,"turns":2},{"damage":30,"enemies":"3 Sentries","floor":11,"turns":6},{"damage":0,"enemies":"Looter","floor":13,"turns":1},{"damage":20,"enemies":"3 Louse","floor":14,"turns":3},{"damage":66,"enemies":"The Guardian","floor":16,"turns":8},{"damage":17,"enemies":"2 Thieves","floor":18,"turns":3},{"damage":10,"enemies":"Spheric Guardian","floor":19,"turns":3},{"damage":27,"enemies":"Book of Stabbing","floor":24,"turns":3},{"damage":0,"enemies":"Snake Plant","floor":25,"turns":2},{"damage":12,"enemies":"Snecko","floor":30,"turns":3},{"damage":114,"enemies":"Champ","floor":33,"turns":11}],"seed_played":"5847910019826287516","potions_obtained":[{"floor":11,"key":"Weak Potion"},{"floor":14,"key":"Regen Potion"},{"floor":16,"key":"Explosive Potion"}],"is_trial":false,"path_per_floor":["M","$","?","M","?","R","E","R","T","M","E","R","M","M","R","B",null,"M","M","?","?","?","R","E","M","T","R","T","R","M","$","R","B"],"character_chosen":"IRONCLAD","items_purchased":["Infernal Blade","HandOfGreed+1","Boot"],"campfire_rested":5,"item_purchase_floors":[2,31,31],"current_hp_per_floor":[65,65,65,63,52,76,61,61,61,66,42,66,72,58,80,20,80,69,65,65,50,50,75,54,60,60,60,60,85,79,79,79,0],"gold":211,"neow_bonus":"","is_prod":false,"is_daily":false,"chose_seed":false,"campfire_upgraded":3,"win_rate":0.0,"timestamp":1555819521,"path_taken":["M","$","?","M","?","R","E","R","T","M","E","R","M","M","R","BOSS","M","M","?","?","?","R","E","?","T","R","?","R","M","?","R","BOSS"],"build_version":"2019-01-23","purchased_purges":0,"victory":false,"max_hp_per_floor":[80,80,80,80,80,80,80,80,80,80,80,80,80,80,80,80,80,80,80,80,85,85,85,85,85,85,85,85,85,85,85,85,85],"card_choices":[{"not_picked":["Iron Wave","True Grit"],"picked":"Corruption","floor":1},{"not_picked":["Pommel Strike","True Grit"],"picked":"Sword Boomerang","floor":4},{"not_picked":["Second Wind","Shockwave"],"picked":"Bludgeon","floor":7},{"not_picked":["Headbutt","Body Slam"],"picked":"Clothesline","floor":10},{"not_picked":["Rupture","Shrug It Off"],"picked":"Fiend Fire","floor":11},{"not_picked":["Rupture","Perfected Strike"],"picked":"Infernal Blade","floor":13},{"not_picked":["Sword Boomerang","Anger"],"picked":"Power Through","floor":14},{"not_picked":["Demon Form","Offering"],"picked":"Berserk","floor":16},{"not_picked":["Blood for Blood","Warcry"],"picked":"Anger","floor":18},{"not_picked":["Twin Strike","Hemokinesis"],"picked":"Pommel Strike+1","floor":19},{"not_picked":["Cleave","Blood for Blood"],"picked":"Flame Barrier","floor":24},{"not_picked":["Flex","Inflame+1","Hemokinesis"],"picked":"SKIP","floor":25},{"not_picked":["Reckless Charge+1","Blood for Blood+1","Metallicize"],"picked":"SKIP","floor":30}],"player_experience":0,"relics_obtained":[{"floor":7,"key":"Bag of Marbles"},{"floor":9,"key":"PreservedInsect"},{"floor":11,"key":"Bronze Scales"},{"floor":24,"key":"Bottled Flame"},{"floor":24,"key":"Pen Nib"},{"floor":26,"key":"Molten Egg 2"},{"floor":28,"key":"Matryoshka"}],"event_choices":[{"damage_healed":0,"gold_gain":0,"player_choice":"Ignored","damage_taken":0,"max_hp_gain":0,"max_hp_loss":0,"event_name":"Liars Game","floor":3,"gold_loss":0},{"damage_healed":0,"gold_gain":75,"player_choice":"Gather Gold","damage_taken":11,"max_hp_gain":0,"max_hp_loss":0,"event_name":"World of Goop","floor":5,"gold_loss":0},{"damage_healed":0,"gold_gain":0,"player_choice":"Simplicity","damage_taken":0,"max_hp_gain":0,"max_hp_loss":0,"event_name":"Back to Basics","floor":20,"gold_loss":0,"cards_upgraded":["Strike_R","Strike_R","Strike_R","Strike_R","Strike_R","Defend_R","Defend_R","Defend_R","Defend_R"]},{"damage_healed":0,"gold_gain":0,"player_choice":"Shed Blood","damage_taken":20,"max_hp_gain":5,"max_hp_loss":0,"event_name":"Forgotten Altar","floor":21,"gold_loss":0},{"damage_healed":0,"gold_gain":100,"player_choice":"Pray","damage_taken":0,"max_hp_gain":0,"max_hp_loss":0,"event_name":"Golden Shrine","floor":22,"gold_loss":0}],"is_beta":false,"boss_relics":[{"not_picked":["Orrery","Coffee Dripper"],"picked":"Black Star"}],"items_purged_floors":[],"is_endless":false,"potions_floor_spawned":[11,14,16,24,30],"killed_by":"Champ","ascension_level":0}