{"gold_per_floor":[115,129,129,148,160,160,189,189,189,189,219,236,236,249,249,249],"floor_reached":16,"playtime":609,"items_purged":[],"score":249,"play_id":"568f7f95-d141-4433-bca3-c682d03c4dd9","local_time":"20190504204840","is_ascension_mode":true,"campfire_choices":[{"data":"Zap","floor":6,"key":"SMITH"},{"floor":8,"key":"REST"},{"data":"Ball Lightning","floor":13,"key":"SMITH"},{"floor":15,"key":"REST"}],"neow_cost":"PERCENT_DAMAGE","seed_source_timestamp":488646969251200,"circlet_count":0,"master_deck":["AscendersBane","Strike_B","Strike_B","Strike_B","Strike_B","Defend_B","Defend_B","Defend_B","Defend_B","Zap+1","Dualcast","Leap","Genetic Algorithm","Compile Driver","Streamline","Coolheaded+1","Rainbow+1","Ball Lightning+1","Doom and Gloom"],"relics":["Cracked Core","Toxic Egg 2","Turnip","Peace Pipe"],"potions_floor_usage":[11,16,16],"damage_taken":[{"damage":5,"enemies":"2 Louse","floor":1,"turns":2},{"damage":7,"enemies":"Jaw Worm","floor":2,"turns":4},{"damage":18,"enemies":"Small Slimes","floor":4,"turns":3},{"damage":1,"enemies":"Blue Slaver","floor":5,"turns":4},{"damage":26,"enemies":"3 Sentries","floor":7,"turns":8},{"damage":16,"enemies":"Gremlin Nob","floor":11,"turns":4},{"damage":2,"enemies":"Red Slaver","floor":12,"turns":3},{"damage":8,"enemies":"Lots of Slimes","floor":14,"turns":3},{"damage":36,"enemies":"Hexaghost","floor":16,"turns":9}],"seed_played":"-6722779672829558044","potions_obtained":[{"floor":2,"key":"Weak Potion"},{"floor":7,"key":"Explosive Potion"},{"floor":11,"key":"Weak Potion"},{"floor":12,"key":"Weak Potion"}],"is_trial":false,"path_per_floor":["M","M","?","M","M","R","E","R","T","?","E","M","R","M","R","B"],"character_chosen":"DEFECT","items_purchased":[],"campfire_rested":2,"item_purchase_floors":[],"current_hp_per_floor":[55,48,53,35,34,34,8,35,35,35,19,17,17,9,36,0],"gold":249,"neow_bonus":"TWENTY_PERCENT_HP_BONUS","is_prod":false,"is_daily":false,"chose_seed":false,"campfire_upgraded":2,"win_rate":0,"timestamp":1556970520,"path_taken":["M","M","?","M","M","R","E","R","T","?","E","M","R","M","R","BOSS"],"build_version":"2019-01-23","purchased_purges":0,"victory":false,"max_hp_per_floor":[85,85,90,90,90,90,90,90,90,90,90,90,90,90,90,90],"card_choices":[{"not_picked":["Beam Cell","Melter"],"picked":"Leap","floor":1},{"not_picked":["Reprogram","Beam Cell"],"picked":"Genetic Algorithm","floor":2},{"not_picked":["Steam","Blizzard"],"picked":"Compile Driver","floor":4},{"not_picked":["Coolheaded","Steam Power"],"picked":"Streamline","floor":5},{"not_picked":["Go for the Eyes","Sweeping Beam"],"picked":"Coolheaded","floor":7},{"not_picked":["Undo+1","Aggregate+1"],"picked":"Rainbow+1","floor":11},{"not_picked":["Go for the Eyes","Conserve Battery+1"],"picked":"Ball Lightning","floor":12},{"not_picked":["Fusion+1","Streamline"],"picked":"Doom and Gloom","floor":14}],"player_experience":1220438,"relics_obtained":[{"floor":7,"key":"Toxic Egg 2"},{"floor":9,"key":"Turnip"},{"floor":11,"key":"Peace Pipe"}],"event_choices":[{"damage_healed":0,"gold_gain":0,"player_choice":"Donut","damage_taken":0,"max_hp_gain":5,"max_hp_loss":0,"event_name":"Big Fish","floor":3,"gold_loss":0},{"damage_healed":0,"gold_gain":0,"player_choice":"Ignored","damage_taken":0,"max_hp_gain":0,"max_hp_loss":0,"event_name":"Shining Light","floor":10,"gold_loss":0}],"is_beta":false,"boss_relics":[],"items_purged_floors":[],"is_endless":false,"potions_floor_spawned":[2,7,11,12],"killed_by":"Hexaghost","ascension_level":20}