{"gold_per_floor":[126,150,176,188,212,224,252,264,346,393,405,431,52,81,81,159,159,176,176,176,194,194,194,227,227,227,227,239,239,268,288,288,359,359,372,384,1383,1383,795,829,829,843,843,859,734,747,316,336,336,336,336,336,336,15,50,50],"floor_reached":56,"playtime":5119,"items_purged":["Strike_B","Normality","Normality","Strike_B+1"],"score":1979,"play_id":"a56ab8a9-1199-4a1c-bd85-68613b56cc9a","local_time":"20190504222854","is_ascension_mode":true,"campfire_choices":[{"data":"Zap","floor":6,"key":"SMITH"},{"data":"Streamline","floor":8,"key":"SMITH"},{"floor":11,"key":"REST"},{"data":"Defragment","floor":15,"key":"SMITH"},{"floor":23,"key":"RECALL"},{"floor":25,"key":"REST"},{"floor":27,"key":"REST"},{"floor":32,"key":"REST"},{"floor":49,"key":"REST"},{"floor":53,"key":"REST"}],"neow_cost":"NONE","seed_source_timestamp":490152797405300,"circlet_count":0,"master_deck":["AscendersBane","Defend_B+1","Defend_B+1","Defend_B+1","Defend_B+1","Zap+1","Dualcast","Leap","White Noise","Rebound","Streamline+1","Conserve Battery","Genetic Algorithm","Glacier+1","Doom and Gloom","Defragment+1","Panacea","FTL","Hologram+1","Loop","Biased Cognition","Ball Lightning","RitualDagger","Coolheaded","Undo","Hologram","Machine Learning","Cold Snap","Secret Technique","Consume","Barrage+1","Tempest","Defragment","Compile Driver"],"relics":["Cracked Core","MawBank","Sundial","Bird Faced Urn","Anchor","Fusion Hammer","StoneCalendar","Lantern","Nunchaku","Inserter","War Paint","Ice Cream","Cables","Membership Card","Happy Flower","Pantograph","Frozen Eye","Thread and Needle"],"potions_floor_usage":[12,14,33,51,55,56,56],"damage_taken":[{"damage":1,"enemies":"Cultist","floor":1,"turns":3},{"damage":12,"enemies":"Jaw Worm","floor":2,"turns":3},{"damage":6,"enemies":"Small Slimes","floor":3,"turns":3},{"damage":2,"enemies":"Looter","floor":5,"turns":4},{"damage":4,"enemies":"Red Slaver","floor":7,"turns":3},{"damage":29,"enemies":"3 Sentries","floor":10,"turns":8},{"damage":0,"enemies":"Large Slime","floor":12,"turns":6},{"damage":5,"enemies":"Lagavulin","floor":14,"turns":8},{"damage":1,"enemies":"The Guardian","floor":16,"turns":7},{"damage":0,"enemies":"Chosen","floor":18,"turns":8},{"damage":7,"enemies":"3 Byrds","floor":21,"turns":5},{"damage":11,"enemies":"Gremlin Leader","floor":24,"turns":6},{"damage":10,"enemies":"Cultist and Chosen","floor":28,"turns":7},{"damage":7,"enemies":"Book of Stabbing","floor":30,"turns":6},{"damage":24,"enemies":"Snake Plant","floor":31,"turns":4},{"damage":34,"enemies":"Collector","floor":33,"turns":11},{"damage":0,"enemies":"3 Shapes","floor":35,"turns":5},{"damage":8,"enemies":"Orb Walker","floor":36,"turns":4},{"damage":6,"enemies":"Giant Head","floor":40,"turns":15},{"damage":0,"enemies":"4 Shapes","floor":42,"turns":7},{"damage":0,"enemies":"Sphere and 2 Shapes","floor":44,"turns":7},{"damage":0,"enemies":"3 Darklings","floor":46,"turns":7},{"damage":0,"enemies":"Jaw Worm Horde","floor":48,"turns":6},{"damage":34,"enemies":"Time Eater","floor":50,"turns":13},{"damage":0,"enemies":"Donu and Deca","floor":51,"turns":16},{"damage":72,"enemies":"Shield and Spear","floor":55,"turns":9},{"damage":43,"enemies":"The Heart","floor":56,"turns":2}],"seed_played":"8406131446669754041","potions_obtained":[{"floor":2,"key":"Poison Potion"},{"floor":7,"key":"GamblersBrew"},{"floor":10,"key":"Fire Potion"},{"floor":12,"key":"Fire Potion"},{"floor":14,"key":"Regen Potion"},{"floor":21,"key":"Block Potion"},{"floor":31,"key":"GamblersBrew"},{"floor":36,"key":"Block Potion"},{"floor":44,"key":"GamblersBrew"},{"floor":55,"key":"Swift Potion"}],"is_trial":false,"path_per_floor":["M","M","M","?","M","R","M","R","T","E","R","M","$","E","R","B",null,"M","?","?","M","?","R","E","R","T","R","M","T","E","M","R","B",null,"M","M","?","?","$","E","?","M","T","M","$","M","$","M","R","B","B",null,"R","$","E","B"],"character_chosen":"DEFECT","items_purchased":["Defragment","Panacea","FTL","Hologram","Secret Technique","Consume","War Paint","SpeedPotion","Membership Card","Happy Flower","Tempest","Pantograph","Defragment","Compile Driver","Frozen Eye","Block Potion"],"campfire_rested":6,"item_purchase_floors":[13,13,13,13,39,39,39,39,47,47,47,54,54,54,54,54],"current_hp_per_floor":[63,51,45,45,43,43,39,39,39,10,31,33,33,32,32,37,63,71,71,65,66,66,66,63,71,71,71,65,65,64,50,71,43,64,71,65,65,65,65,67,67,71,71,71,71,71,71,71,71,43,53,67,71,71,11,0],"gold":50,"neow_bonus":"RANDOM_COMMON_RELIC","is_prod":false,"is_daily":false,"chose_seed":false,"campfire_upgraded":3,"win_rate":0,"timestamp":1556976534,"path_taken":["M","?","M","?","?","R","M","R","T","E","R","M","$","E","R","BOSS","M","?","?","M","?","R","E","R","T","R","M","?","E","M","R","BOSS","M","M","?","?","$","E","?","M","T","M","?","M","$","?","R","BOSS","BOSS","R","$","E","BOSS"],"build_version":"2019-01-23","purchased_purges":4,"victory":false,"max_hp_per_floor":[71,71,71,71,71,71,71,71,71,71,71,71,71,71,71,71,71,71,71,71,71,71,71,71,71,71,71,71,71,71,71,71,71,71,71,71,71,71,71,71,71,71,71,71,71,71,71,71,71,71,71,71,71,71,71,71],"card_choices":[{"not_picked":["Beam Cell","Gash"],"picked":"Leap","floor":1},{"not_picked":["Redo","Stack"],"picked":"White Noise","floor":2},{"not_picked":["Hyperbeam","Steam"],"picked":"Rebound","floor":3},{"not_picked":["Compile Driver","Coolheaded"],"picked":"Conserve Battery","floor":5},{"not_picked":["Cold Snap","Aggregate"],"picked":"Genetic Algorithm","floor":7},{"not_picked":["Reprogram","Conserve Battery"],"picked":"Glacier","floor":10},{"not_picked":["Leap","Recycle"],"picked":"Doom and Gloom","floor":12},{"not_picked":["Go for the Eyes","Gash"],"picked":"Loop","floor":14},{"not_picked":["Multi-Cast","Core Surge"],"picked":"Biased Cognition","floor":16},{"not_picked":["Gash","Beam Cell"],"picked":"Ball Lightning","floor":18},{"not_picked":["Doom and Gloom","Beam Cell+1"],"picked":"Coolheaded","floor":21},{"not_picked":["Machine Learning","Barrage"],"picked":"Undo","floor":24},{"not_picked":["Leap","Barrage","Sweeping Beam"],"picked":"SKIP","floor":28},{"not_picked":["Coolheaded","Amplify","Barrage"],"picked":"SKIP","floor":30},{"not_picked":["Steam","Fusion"],"picked":"Hologram","floor":31},{"not_picked":["Thunder Strike","Hyperbeam"],"picked":"Machine Learning","floor":33},{"not_picked":["Loop","Barrage","Conserve Battery"],"picked":"SKIP","floor":35},{"not_picked":["Darkness","Hologram"],"picked":"Cold Snap","floor":36},{"not_picked":["Steam","Tempest","Barrage"],"picked":"SKIP","floor":40},{"not_picked":["Fission","Sweeping Beam+1"],"picked":"Barrage+1","floor":42},{"not_picked":["Turbo+1","Hologram","Conserve Battery+1"],"picked":"SKIP","floor":44},{"not_picked":["Redo","Melter","White Noise"],"picked":"SKIP","floor":46},{"not_picked":["Compile Driver","Beam Cell","Meteor Strike"],"picked":"SKIP","floor":48},{"not_picked":["Genetic Algorithm","Turbo","Rebound"],"picked":"SKIP","floor":55}],"player_experience":1221899,"relics_obtained":[{"floor":9,"key":"Sundial"},{"floor":10,"key":"Bird Faced Urn"},{"floor":14,"key":"Anchor"},{"floor":24,"key":"StoneCalendar"},{"floor":29,"key":"Lantern"},{"floor":30,"key":"Nunchaku"},{"floor":40,"key":"Ice Cream"},{"floor":43,"key":"Cables"},{"floor":55,"key":"Thread and Needle"}],"event_choices":[{"damage_healed":0,"gold_gain":0,"cards_transformed":["Strike_B"],"player_choice":"Transformed","damage_taken":0,"max_hp_gain":0,"max_hp_loss":0,"event_name":"Transmorgrifier","floor":4,"gold_loss":0,"cards_obtained":["Streamline"]},{"damage_healed":0,"gold_gain":0,"player_choice":"Simplicity","damage_taken":0,"max_hp_gain":0,"max_hp_loss":0,"event_name":"Back to Basics","floor":19,"gold_loss":0,"cards_upgraded":["Strike_B","Strike_B","Defend_B","Defend_B","Defend_B","Defend_B"]},{"damage_healed":0,"gold_gain":0,"player_choice":"Joined the Cult","damage_taken":6,"max_hp_gain":0,"max_hp_loss":0,"event_name":"Nest","floor":20,"gold_loss":0,"cards_obtained":["RitualDagger"]},{"damage_healed":0,"gold_gain":0,"player_choice":"Ignored","damage_taken":0,"max_hp_gain":0,"max_hp_loss":0,"event_name":"Ghosts","floor":22,"gold_loss":0},{"damage_healed":0,"gold_gain":999,"player_choice":"Gold","damage_taken":0,"max_hp_gain":0,"max_hp_loss":0,"event_name":"MindBloom","floor":37,"gold_loss":0,"cards_obtained":["Normality","Normality"]},{"damage_healed":0,"gold_gain":0,"player_choice":"Ignored","damage_taken":0,"max_hp_gain":0,"max_hp_loss":0,"event_name":"Tomb of Lord Red Mask","floor":38,"gold_loss":0},{"cards_removed":["Strike_B"],"damage_healed":0,"gold_gain":0,"player_choice":"Removed Attack","damage_taken":0,"max_hp_gain":0,"max_hp_loss":0,"event_name":"Falling","floor":41,"gold_loss":0}],"is_beta":false,"boss_relics":[{"not_picked":["Empty Cage","White Beast Statue"],"picked":"Fusion Hammer"},{"not_picked":["FrozenCore","Runic Pyramid"],"picked":"Inserter"}],"items_purged_floors":[13,39,45,47],"is_endless":false,"potions_floor_spawned":[2,7,10,12,14,21,24,31,36,40,42,44,55],"killed_by":"The Heart","ascension_level":20}