{"gold_per_floor":[109,124,44,44,44,74,88,88,111,126,144,162,18,28,28,123,123,136,151,51,51,51],"floor_reached":22,"playtime":1010,"items_purged":["Defend_B","Strike_B+1"],"score":207,"play_id":"57ed725a-79bb-4a01-9fdb-f42406b0afb4","local_time":"20181008214117","is_ascension_mode":true,"campfire_choices":[{"floor":8,"key":"REST"},{"floor":15,"key":"REST"}],"neow_cost":"","seed_source_timestamp":784362928351938,"circlet_count":0,"master_deck":["Strike_B+1","Strike_B+1","Defend_B","Defend_B","Defend_B","Zap","Dualcast+1","Capacitor","Leap","Defragment","Cold Snap","Steam","Storm","Ball Lightning","Darkness","Glacier","Rainbow","Leap"],"relics":["Cracked Core","Whetstone","Dream Catcher","Eternal Feather"],"potions_floor_usage":[],"damage_taken":[{"damage":1,"enemies":"Cultist","floor":1,"turns":3},{"damage":7,"enemies":"Jaw Worm","floor":2,"turns":3},{"damage":41,"enemies":"Lagavulin","floor":6,"turns":9},{"damage":2,"enemies":"Small Slimes","floor":7,"turns":3},{"damage":0,"enemies":"Blue Slaver","floor":10,"turns":3},{"damage":1,"enemies":"2 Fungi Beasts","floor":11,"turns":4},{"damage":4,"enemies":"Red Slaver","floor":12,"turns":4},{"damage":12,"enemies":"Large Slime","floor":14,"turns":4},{"damage":18,"enemies":"Hexaghost","floor":16,"turns":11},{"damage":13,"enemies":"Spheric Guardian","floor":18,"turns":5},{"damage":48,"enemies":"2 Thieves","floor":19,"turns":4},{"damage":14,"enemies":"Snake Plant","floor":22,"turns":1}],"seed_played":"6176251080611746942","potions_obtained":[{"floor":1,"key":"Weak Potion"},{"floor":7,"key":"FearPotion"},{"floor":12,"key":"Block Potion"}],"is_trial":false,"path_per_floor":["M","M","$","?","?","E","M","R","T","M","M","M","$","M","R","B",null,"M","M","$","?"],"character_chosen":"DEFECT","items_purchased":["Defragment","Darkness"],"campfire_rested":2,"item_purchase_floors":[3,13],"current_hp_per_floor":[74,67,67,67,52,11,9,31,31,31,30,26,26,14,36,18,75,62,14,14,14,0],"gold":51,"neow_bonus":"","is_prod":false,"is_daily":false,"chose_seed":false,"campfire_upgraded":0,"win_rate":0,"timestamp":1539027677,"path_taken":["M","M","$","?","?","E","M","R","T","?","M","M","$","M","R","BOSS","M","M","$","?","?"],"build_version":"2018-10-04v2","purchased_purges":2,"victory":false,"max_hp_per_floor":[75,75,75,75,75,75,75,75,75,75,75,75,75,75,75,75,75,75,75,75,75,75],"card_choices":[{"not_picked":["Fusion","Doom and Gloom"],"picked":"Capacitor","floor":1},{"not_picked":["FTL","Recycle"],"picked":"Leap","floor":2},{"not_picked":["Compile Driver","Blizzard"],"picked":"Cold Snap","floor":6},{"not_picked":["Genetic Algorithm","Storm","Hologram"],"picked":"SKIP","floor":7},{"not_picked":["Barrage","Streamline"],"picked":"Steam","floor":10},{"not_picked":["Melter","Darkness"],"picked":"Storm","floor":11},{"not_picked":["Hologram","Sweeping Beam"],"picked":"Ball Lightning","floor":12},{"not_picked":["Coolheaded","Doom and Gloom"],"picked":"Glacier","floor":14},{"not_picked":["Coolheaded","Streamline"],"picked":"Rainbow","floor":15},{"not_picked":["Coolheaded","Steam","Blizzard"],"picked":"SKIP","floor":18},{"not_picked":["Sweeping Beam","Blizzard+1"],"picked":"Leap","floor":19}],"player_experience":154094,"relics_obtained":[{"floor":6,"key":"Whetstone"},{"floor":9,"key":"Dream Catcher"}],"event_choices":[{"event_name":"Living Wall","player_choice":"Forget","floor":4,"damage_taken":0},{"event_name":"Shining Light","player_choice":"Entered Light","floor":5,"damage_taken":0},{"event_name":"The Mausoleum","player_choice":"No","floor":21,"damage_taken":0}],"is_beta":false,"boss_relics":[{"not_picked":["Snecko Eye","Runic Pyramid"],"picked":"Eternal Feather"}],"items_purged_floors":[13,20],"is_endless":false,"potions_floor_spawned":[1,7,12,14,16],"killed_by":"Snake Plant","ascension_level":2}