{"gold_per_floor":[110,110,124,49,69,103,103,113,166,66,83,83,110,126,126,230,230,243,256,267,279,293,293,311,311,311,311,340,340,353,5,5,5],"floor_reached":33,"playtime":1844,"items_purged":["Strike_B","Strike_B","Shame"],"score":281,"play_id":"08b41e38-0d88-4aa8-8678-e148bfb5eeea","local_time":"20190419180318","is_ascension_mode":false,"campfire_choices":[{"data":"Zap","floor":12,"key":"SMITH"},{"data":"Storm","floor":15,"key":"SMITH"},{"data":"Heatsinks","floor":23,"key":"SMITH"},{"data":"White Noise","floor":25,"key":"SMITH"},{"floor":27,"key":"REST"},{"floor":32,"key":"REST"}],"neow_cost":"NONE","seed_source_timestamp":30032563890812,"circlet_count":0,"master_deck":["Strike_B","Defend_B","Defend_B","Defend_B","Defend_B","Zap+1","Dualcast","White Noise+1","Hello World+1","Hologram","Capacitor","Glacier","Melter","Storm+1","Coolheaded","Heatsinks+1","Turbo","Reboot","BootSequence","Gash+1","Blizzard","Compile Driver+1","Hello World"],"relics":["Cracked Core","Pear","Dream Catcher","Lantern","Busted Crown","Bronze Scales","Mercury Hourglass","Blood Vial"],"potions_floor_usage":[6,16,18,33,33],"damage_taken":[{"damage":1,"enemies":"Jaw Worm","floor":1,"turns":3},{"damage":1,"enemies":"Cultist","floor":3,"turns":3},{"damage":0,"enemies":"Small Slimes","floor":5,"turns":4},{"damage":17,"enemies":"Lagavulin","floor":6,"turns":7},{"damage":8,"enemies":"Red Slaver","floor":8,"turns":4},{"damage":8,"enemies":"Lots of Slimes","floor":11,"turns":5},{"damage":19,"enemies":"3 Sentries","floor":13,"turns":5},{"damage":9,"enemies":"Blue Slaver","floor":14,"turns":3},{"damage":1,"enemies":"Hexaghost","floor":16,"turns":8},{"damage":10,"enemies":"2 Thieves","floor":18,"turns":2},{"damage":25,"enemies":"Shell Parasite","floor":19,"turns":3},{"damage":3,"enemies":"Cultist and Chosen","floor":20,"turns":6},{"damage":12,"enemies":"Snake Plant","floor":21,"turns":4},{"damage":0,"enemies":"Sentry and Sphere","floor":22,"turns":3},{"damage":1,"enemies":"Snecko","floor":24,"turns":7},{"damage":41,"enemies":"Gremlin Leader","floor":28,"turns":7},{"damage":13,"enemies":"Snake Plant","floor":30,"turns":3},{"damage":45,"enemies":"Automaton","floor":33,"turns":6}],"seed_played":"-6996580759993349608","potions_obtained":[{"floor":1,"key":"AttackPotion"},{"floor":5,"key":"Dexterity Potion"},{"floor":6,"key":"FearPotion"},{"floor":14,"key":"Energy Potion"},{"floor":16,"key":"Fire Potion"},{"floor":19,"key":"AttackPotion"}],"is_trial":false,"path_per_floor":["M","?","M","$","M","E","?","M","T","$","M","R","E","M","R","B",null,"M","M","M","M","M","R","M","R","T","R","E","?","M","$","R","B"],"character_chosen":"DEFECT","items_purchased":["Blood Vial","Hello World"],"campfire_rested":2,"item_purchase_floors":[31,31],"current_hp_per_floor":[74,74,73,73,73,66,66,58,58,58,50,50,31,22,22,21,85,75,50,47,35,35,35,34,34,34,59,18,18,5,5,30,0],"gold":5,"neow_bonus":"ONE_RANDOM_RARE_CARD","is_prod":false,"is_daily":false,"chose_seed":false,"campfire_upgraded":4,"win_rate":0,"timestamp":1555668198,"path_taken":["M","?","?","$","M","E","?","?","T","$","M","R","E","M","R","BOSS","M","M","M","M","M","R","?","R","T","R","E","?","M","$","R","BOSS"],"build_version":"2019-01-23","purchased_purges":3,"victory":false,"max_hp_per_floor":[75,75,75,75,75,85,85,85,85,85,85,85,85,85,85,85,85,85,85,85,85,85,85,85,85,85,85,85,85,85,85,85,85],"card_choices":[{"not_picked":["Lockon","Turbo"],"picked":"White Noise","floor":1},{"not_picked":["Turbo","Steam"],"picked":"Hologram","floor":3},{"not_picked":["Rebound","Self Repair"],"picked":"Capacitor","floor":5},{"not_picked":["Reinforced Body","Redo"],"picked":"Glacier","floor":6},{"not_picked":["Turbo","BootSequence"],"picked":"Storm","floor":8},{"not_picked":["Steam","Scrape"],"picked":"Coolheaded","floor":11},{"not_picked":["Rip and Tear","Sweeping Beam"],"picked":"Heatsinks","floor":13},{"not_picked":["Steam","Glacier"],"picked":"Turbo","floor":14},{"not_picked":["All For One","Machine Learning"],"picked":"Reboot","floor":16},{"not_picked":["Recycle+1"],"picked":"SKIP","floor":18},{"not_picked":["Stack"],"picked":"SKIP","floor":19},{"not_picked":[],"picked":"BootSequence","floor":20},{"not_picked":["Fusion"],"picked":"SKIP","floor":21},{"not_picked":[],"picked":"Gash+1","floor":22},{"not_picked":[],"picked":"Blizzard","floor":24},{"not_picked":[],"picked":"Compile Driver+1","floor":28},{"not_picked":["Steam+1"],"picked":"SKIP","floor":30}],"player_experience":452782,"relics_obtained":[{"floor":6,"key":"Pear"},{"floor":9,"key":"Dream Catcher"},{"floor":13,"key":"Lantern"},{"floor":28,"key":"Bronze Scales"}],"event_choices":[{"cards_removed":["Reboot"],"damage_healed":0,"gold_gain":0,"player_choice":"Took Card","damage_taken":0,"max_hp_gain":0,"max_hp_loss":0,"event_name":"NoteForYourself","floor":2,"gold_loss":0,"cards_obtained":["Hello World"]},{"damage_healed":0,"gold_gain":0,"cards_transformed":["Strike_B"],"player_choice":"Transformed","damage_taken":0,"max_hp_gain":0,"max_hp_loss":0,"event_name":"Transmorgrifier","floor":7,"gold_loss":0,"cards_obtained":["Melter"]},{"damage_healed":0,"gold_gain":0,"player_choice":"Stole Relic","damage_taken":0,"relics_obtained":["Mercury Hourglass"],"max_hp_gain":0,"max_hp_loss":0,"event_name":"Addict","floor":29,"gold_loss":0,"cards_obtained":["Shame"]}],"is_beta":false,"boss_relics":[{"not_picked":["Nuclear Battery","Pandora\u0027s Box"],"picked":"Busted Crown"}],"items_purged_floors":[4,10,31],"is_endless":false,"potions_floor_spawned":[1,5,6,14,16,19,28],"killed_by":"Automaton","ascension_level":0}