{"gold_per_floor":[16,16,16,34,53,53,72,90,116,144,144,69,69,81,81,185,185,196,209,109,127,127,127,127,127,127,140,15,32,49,67,67,167,167,184,30,30,44,44,44,62,72,72,84,44,44,44,61,61,61],"floor_reached":51,"playtime":3625,"items_purged":["Regret","Strike_G","Strike_G+1"],"score":658,"play_id":"bf1d97f3-9a8f-4aeb-859e-039a60e56efa","local_time":"20180825090142","is_ascension_mode":true,"campfire_choices":[{"data":"Blade Dance","floor":6.0,"key":"SMITH"},{"data":"Noxious Fumes","floor":13.0,"key":"SMITH"},{"floor":15.0,"key":"REST"},{"data":"Accuracy","floor":23.0,"key":"SMITH"},{"data":"Blur","floor":25.0,"key":"SMITH"},{"floor":32.0,"key":"REST"},{"floor":46,"key":"REST"},{"data":"Madness","floor":49,"key":"SMITH"}],"neow_cost":"NO_GOLD","seed_source_timestamp":502131560689,"circlet_count":0,"master_deck":["Defend_G+1","Defend_G+1","Defend_G+1","Defend_G+1","Strike_G+1","Survivor","Neutralize+1","Footwork","Blade Dance+1","Dagger Throw","Noxious Fumes+1","Heel Hook","Accuracy+1","Storm of Steel+1","Blur+1","Well Laid Plans+1","Cloak And Dagger","Burst","Infinite Blades","Flash of Steel","Accuracy","Madness+1","Madness+1"],"special_seed":0,"relics":["Ring of the Snake","Boot","Bag of Preparation","Oddly Smooth Stone","Eternal Feather","Singing Bowl","WristBlade","Lantern","Turnip","Du-Vu Doll"],"potions_floor_usage":[38,41,44,50,50],"damage_taken":[{"damage":0.0,"enemies":"Jaw Worm","floor":1.0,"turns":6.0},{"damage":0.0,"enemies":"2 Louse","floor":4.0,"turns":5.0},{"damage":0.0,"enemies":"Cultist","floor":5.0,"turns":3.0},{"damage":3.0,"enemies":"Exordium Wildlife","floor":7.0,"turns":5.0},{"damage":10.0,"enemies":"3 Louse","floor":8.0,"turns":3.0},{"damage":2.0,"enemies":"Gremlin Nob","floor":10.0,"turns":3.0},{"damage":5.0,"enemies":"Exordium Thugs","floor":14.0,"turns":3.0},{"damage":18.0,"enemies":"Hexaghost","floor":16.0,"turns":9.0},{"damage":10.0,"enemies":"3 Byrds","floor":18.0,"turns":4.0},{"damage":10.0,"enemies":"Shell Parasite","floor":19.0,"turns":4.0},{"damage":15.0,"enemies":"3 Cultists","floor":21.0,"turns":5.0},{"damage":0.0,"enemies":"Centurion and Healer","floor":27.0,"turns":4.0},{"damage":15.0,"enemies":"Snake Plant","floor":29.0,"turns":4.0},{"damage":0.0,"enemies":"Shelled Parasite and Fungi","floor":30.0,"turns":5.0},{"damage":6.0,"enemies":"Centurion and Healer","floor":31.0,"turns":7.0},{"damage":25.0,"enemies":"Automaton","floor":33.0,"turns":10.0},{"damage":0.0,"enemies":"Orb Walker","floor":35.0,"turns":2.0},{"damage":4,"enemies":"3 Shapes","floor":38,"turns":4},{"damage":5,"enemies":"Mind Bloom Boss Battle","floor":39,"turns":5},{"damage":19,"enemies":"3 Darklings","floor":41,"turns":4},{"damage":0,"enemies":"Maw","floor":42,"turns":7},{"damage":3,"enemies":"4 Shapes","floor":44,"turns":4},{"damage":0,"enemies":"3 Darklings","floor":48,"turns":5},{"damage":64,"enemies":"Donu and Deca","floor":50,"turns":10}],"seed_played":"-1510950500093918278","potions_obtained":[{"floor":4.0,"key":"Strength Potion"},{"floor":5.0,"key":"Strength Potion"},{"floor":7.0,"key":"Weak Potion"},{"floor":21.0,"key":"AttackPotion"},{"floor":27.0,"key":"SneckoOil"},{"floor":29.0,"key":"Block Potion"},{"floor":31.0,"key":"EssenceOfSteel"},{"floor":38,"key":"SkillPotion"},{"floor":42,"key":"AttackPotion"},{"floor":44,"key":"SpeedPotion"},{"floor":48,"key":"Weak Potion"}],"is_trial":false,"path_per_floor":["M","?","?","M","M","R","M","M","T","E","?","$","R","M","R","B",null,"M","M","$","M","?","R","?","R","T","M","$","M","M","M","R","B",null,"M","$","?","M","?","?","M","M","T","M","?","R","$","M","R","B"],"character_chosen":"THE_SILENT","items_purchased":["Lantern"],"campfire_rested":3,"item_purchase_floors":[36],"current_hp_per_floor":[70,56,49,49,49,49,46,36,36,34,34,34,34,29,50,32,70,60,50,50,35,35,44,44,53,53,53,53,40,42,38,69,44,76,76,76,70,68,63,53,36,38,38,37,37,75,75,77,89,25],"gold":61,"neow_bonus":"REMOVE_TWO","is_prod":false,"is_daily":false,"chose_seed":false,"campfire_upgraded":5,"win_rate":0,"timestamp":1535158902,"path_taken":["M","?","?","M","M","R","M","M","T","E","?","$","R","M","R","BOSS","M","M","$","M","?","R","?","R","T","M","$","?","M","M","R","BOSS","M","$","?","?","?","?","M","M","T","M","?","R","?","M","R","BOSS"],"build_version":"2018-08-23v2","purchased_purges":3,"victory":true,"max_hp_per_floor":[70,70,70,70,70,70,70,70,70,70,70,70,70,70,70,70,70,70,70,70,70,70,70,70,70,70,70,70,72,74,76,76,76,76,76,76,80,82,82,82,84,86,86,88,88,88,88,90,90,90],"card_choices":[{"not_picked":["Slice","Dodge and Roll"],"picked":"Footwork","floor":1.0},{"not_picked":["Sucker Punch","Dagger Spray"],"picked":"Blade Dance","floor":4.0},{"not_picked":["Quick Slash","Dodge and Roll"],"picked":"Dagger Throw","floor":5.0},{"not_picked":["Bane","Dodge and Roll","Dagger Spray"],"picked":"SKIP","floor":7.0},{"not_picked":["Skewer","Deadly Poison"],"picked":"Noxious Fumes","floor":8.0},{"not_picked":["Dagger Spray","A Thousand Cuts"],"picked":"Heel Hook","floor":10.0},{"not_picked":["Slice","Blade Dance"],"picked":"Accuracy","floor":14.0},{"not_picked":["Venomology","Adrenaline"],"picked":"Storm of Steel","floor":16.0},{"not_picked":["Poisoned Stab","Dagger Spray+1"],"picked":"Blur","floor":18.0},{"not_picked":["Outmaneuver","Dagger Throw","Poisoned Stab"],"picked":"SKIP","floor":19.0},{"not_picked":["Dodge and Roll","PiercingWail"],"picked":"Well Laid Plans+1","floor":21.0},{"not_picked":["Prepared+1","Bane"],"picked":"Cloak And Dagger","floor":27.0},{"not_picked":["Backflip","Bouncing Flask+1","Corpse Explosion"],"picked":"Singing Bowl","floor":29.0},{"not_picked":["Cloak And Dagger","Underhanded Strike","Slice"],"picked":"Singing Bowl","floor":30.0},{"not_picked":["Reflex","Concentrate+1","Escape Plan+1"],"picked":"Singing Bowl","floor":31.0},{"not_picked":["Glass Knife","Storm of Steel"],"picked":"Burst","floor":33.0},{"not_picked":["Flechettes+1","Flying Knee"],"picked":"Infinite Blades","floor":35.0},{"not_picked":["Panache","Enlightenment"],"picked":"Flash of Steel","floor":37},{"not_picked":["Enlightenment","Panache","Mayhem"],"picked":"Singing Bowl","floor":37},{"not_picked":["Impatience","Panacea","Swift Strike"],"picked":"Singing Bowl","floor":37},{"not_picked":["Well Laid Plans+1","Prepared","Flying Knee"],"picked":"Singing Bowl","floor":38},{"not_picked":["Caltrops","Bane"],"picked":"Accuracy","floor":39},{"not_picked":["Dodge and Roll","Acrobatics+1","Bane+1"],"picked":"Singing Bowl","floor":41},{"not_picked":["Prepared","Tactician+1","Backflip"],"picked":"Singing Bowl","floor":42},{"not_picked":["Choke+1","Deflect+1","Bane"],"picked":"Singing Bowl","floor":44},{"not_picked":["Slice+1","Sucker Punch","Deflect"],"picked":"Singing Bowl","floor":48}],"player_experience":337970,"relics_obtained":[{"floor":9.0,"key":"Boot"},{"floor":10.0,"key":"Bag of Preparation"},{"floor":26.0,"key":"Singing Bowl"},{"floor":39,"key":"Turnip"},{"floor":43,"key":"Du-Vu Doll"}],"event_choices":[{"event_name":"Shining Light","player_choice":"Entered Light","floor":2.0,"damage_taken":0.0},{"event_name":"Golden Wing","player_choice":"Card Removal","floor":3.0,"damage_taken":0.0},{"event_name":"Big Fish","player_choice":"Box","floor":11.0,"damage_taken":0.0},{"event_name":"Back to Basics","player_choice":"Simplicity","floor":22.0,"damage_taken":0.0},{"event_name":"Upgrade Shrine","player_choice":"Upgraded","floor":24.0,"damage_taken":0.0},{"event_name":"SensoryStone","player_choice":"Memory 3","floor":37,"damage_taken":0},{"event_name":"MindBloom","player_choice":"Fight","floor":39,"damage_taken":0},{"event_name":"Winding Halls","player_choice":"Embrace Madness","floor":40,"damage_taken":0},{"event_name":"Designer","player_choice":"Upgrade Card","floor":45,"damage_taken":0}],"is_beta":false,"boss_relics":[{"not_picked":["Coffee Dripper","Black Star"],"picked":"Eternal Feather"},{"not_picked":["Lizard Tail","Pandora\u0027s Box"],"picked":"WristBlade"}],"items_purged_floors":[12,20,28],"is_endless":false,"potions_floor_spawned":[4,5,7,21,27,29,31,38,42,44,48],"ascension_level":1}