{"gold_per_floor":[20,31,31,50,3,32,32,51,51,51,70,70,84,94,94,193,193,203,203,221,241,166,166,200,200,274,274,78,78,89,89,89,189,189,199,299,0,0,0,0,10,10,10,10,26,26,40,51,51,51],"floor_reached":51,"playtime":3054,"items_purged":["Strike_G","Strike_G"],"score":756,"play_id":"9b1ae00d-3e70-4135-8171-48c034726ad4","local_time":"20181226195014","is_ascension_mode":true,"campfire_choices":[{"floor":10,"key":"REST"},{"data":"Adrenaline","floor":15,"key":"SMITH"},{"data":"Distraction","floor":23,"key":"SMITH"},{"data":"Crippling Poison","floor":25,"key":"SMITH"},{"floor":27,"key":"REST"},{"floor":32,"key":"REST"},{"data":"Adrenaline","floor":40,"key":"SMITH"},{"data":"Leg Sweep","floor":42,"key":"SMITH"},{"data":"Neutralize","floor":44,"key":"SMITH"},{"data":"Catalyst","floor":49,"key":"SMITH"}],"neow_cost":"NO_GOLD","seed_source_timestamp":66334261586416,"circlet_count":0,"master_deck":["Defend_G+1","Defend_G+1","Defend_G+1","Defend_G+1","Defend_G+1","Strike_G+1","Strike_G+1","Survivor","Neutralize+1","Adrenaline+1","Prepared","Sucker Punch","Crippling Poison+1","Flying Knee","Crippling Poison","Leg Sweep+1","Poisoned Stab","Distraction+1","Catalyst+1","After Image","Well Laid Plans+1","Adrenaline+1","Backflip","Noxious Fumes","Heel Hook","Envenom+1","Noxious Fumes+1","Outmaneuver","Noxious Fumes+1","Tools of the Trade+1","Caltrops+1","Footwork+1","Catalyst+1"],"relics":["Ring of the Snake","Boot","Prayer Wheel","Mummified Hand","Sozu","Happy Flower","Ninja Scroll","Frozen Egg 2","Velvet Choker","Pocketwatch","Red Mask","Pear"],"potions_floor_usage":[4,6,50,50,50],"damage_taken":[{"damage":8,"enemies":"Jaw Worm","floor":1,"turns":5},{"damage":3,"enemies":"Cultist","floor":2,"turns":4},{"damage":0,"enemies":"2 Louse","floor":4,"turns":3},{"damage":30,"enemies":"3 Sentries","floor":6,"turns":9},{"damage":2,"enemies":"Red Slaver","floor":8,"turns":3},{"damage":0,"enemies":"2 Fungi Beasts","floor":11,"turns":3},{"damage":12,"enemies":"Gremlin Gang","floor":13,"turns":2},{"damage":0,"enemies":"Lots of Slimes","floor":14,"turns":1},{"damage":33,"enemies":"Hexaghost","floor":16,"turns":13},{"damage":12,"enemies":"Chosen","floor":18,"turns":6},{"damage":10,"enemies":"Spheric Guardian","floor":20,"turns":4},{"damage":23,"enemies":"Snake Plant","floor":21,"turns":4},{"damage":7,"enemies":"Gremlin Leader","floor":24,"turns":5},{"damage":18,"enemies":"Shelled Parasite and Fungi","floor":30,"turns":4},{"damage":42,"enemies":"Champ","floor":33,"turns":11},{"damage":6,"enemies":"3 Shapes","floor":35,"turns":5},{"damage":0,"enemies":"Mind Bloom Boss Battle","floor":36,"turns":5},{"damage":0,"enemies":"Orb Walker","floor":41,"turns":4},{"damage":3,"enemies":"Spire Growth","floor":45,"turns":4},{"damage":9,"enemies":"Transient","floor":47,"turns":5},{"damage":0,"enemies":"Maw","floor":48,"turns":4},{"damage":22,"enemies":"Time Eater","floor":50,"turns":11}],"seed_played":"-6434630132344932070","potions_obtained":[{"floor":3,"key":"Fruit Juice"},{"floor":3,"key":"Regen Potion"},{"floor":3,"key":"SmokeBomb"},{"floor":4,"key":"GhostInAJar"},{"floor":8,"key":"Dexterity Potion"},{"floor":11,"key":"Block Potion"}],"is_trial":false,"path_per_floor":["M","M","?","M","$","E","?","M","T","R","M","?","M","M","R","B",null,"M","?","M","M","$","R","E","R","T","R","$","T","M","?","R","B",null,"M","?","?","?","?","R","M","R","T","R","M","$","M","M","R","B",null],"character_chosen":"THE_SILENT","items_purchased":["Dagger Spray","Backflip","Noxious Fumes"],"campfire_rested":3,"item_purchase_floors":[5,28,28],"current_hp_per_floor":[62,59,59,64,64,49,31,29,29,51,51,51,39,39,39,6,75,63,63,53,30,30,30,23,23,23,45,45,45,27,27,49,7,75,69,69,69,69,69,69,69,69,79,79,76,76,67,67,67,45],"gold":51,"neow_bonus":"THREE_RARE_CARDS","is_prod":false,"is_daily":false,"chose_seed":false,"campfire_upgraded":7,"win_rate":0,"timestamp":1545821414,"path_taken":["M","M","?","M","?","E","?","M","T","R","M","?","?","M","R","BOSS","M","?","?","?","$","R","E","R","T","R","$","?","M","?","R","BOSS","M","?","?","?","?","R","M","R","T","R","M","$","M","?","R","BOSS"],"build_version":"2018-12-20","purchased_purges":2,"victory":true,"max_hp_per_floor":[70,70,70,75,75,75,75,75,75,75,75,75,75,75,75,75,75,75,75,75,75,75,75,75,75,75,75,75,75,75,75,75,75,75,75,75,75,71,71,71,71,71,81,81,81,81,81,81,81,81],"card_choices":[{"not_picked":["After Image","Envenom"],"picked":"Adrenaline","floor":0},{"not_picked":["Acrobatics","Eviscerate"],"picked":"Prepared","floor":1},{"not_picked":["Outmaneuver","Cloak And Dagger"],"picked":"Sucker Punch","floor":2},{"not_picked":["Acrobatics","Flying Knee"],"picked":"Crippling Poison","floor":4},{"not_picked":["Underhanded Strike","Sucker Punch"],"picked":"Flying Knee","floor":6},{"not_picked":["Cloak And Dagger","After Image"],"picked":"Crippling Poison","floor":8},{"not_picked":["Sucker Punch","Outmaneuver","Slice"],"picked":"SKIP","floor":8},{"not_picked":["Slice","Deflect"],"picked":"Leg Sweep","floor":11},{"not_picked":["Dagger Spray","Finisher"],"picked":"Poisoned Stab","floor":11},{"not_picked":["Bane","Flying Knee"],"picked":"Distraction","floor":13},{"not_picked":["Terror","All Out Attack","Sucker Punch"],"picked":"SKIP","floor":13},{"not_picked":["Escape Plan","Well Laid Plans","Blade Dance"],"picked":"SKIP","floor":14},{"not_picked":["Dagger Spray","Slice","Quick Slash"],"picked":"SKIP","floor":14},{"not_picked":["Eviscerate+1","Blade Dance"],"picked":"Catalyst+1","floor":18},{"not_picked":["Cloak And Dagger","Setup","Underhanded Strike"],"picked":"SKIP","floor":18},{"not_picked":["Predator","Flying Knee","Acrobatics"],"picked":"SKIP","floor":20},{"not_picked":["Calculated Gamble","Slice","Poisoned Stab+1"],"picked":"SKIP","floor":20},{"not_picked":["Deflect","All Out Attack"],"picked":"Well Laid Plans+1","floor":21},{"not_picked":["Flechettes","Finisher","Die Die Die"],"picked":"SKIP","floor":21},{"not_picked":["Terror+1","All Out Attack"],"picked":"Adrenaline","floor":24},{"not_picked":["Blade Dance","Prepared+1"],"picked":"Heel Hook","floor":30},{"not_picked":["Poisoned Stab","Underhanded Strike","Slice+1"],"picked":"SKIP","floor":30},{"not_picked":["Bullet Time","A Thousand Cuts+1"],"picked":"Envenom+1","floor":33},{"not_picked":["Deflect","Flying Knee"],"picked":"Noxious Fumes+1","floor":35},{"not_picked":["Infinite Blades+1","Dash"],"picked":"Outmaneuver","floor":35},{"not_picked":["Flying Knee+1","Bane"],"picked":"Noxious Fumes+1","floor":36},{"not_picked":["Quick Slash","Sucker Punch","Skewer+1"],"picked":"SKIP","floor":41},{"not_picked":["Predator+1","Concentrate","Dagger Spray+1"],"picked":"SKIP","floor":41},{"not_picked":["Dagger Spray+1","Flechettes"],"picked":"Tools of the Trade+1","floor":45},{"not_picked":["Deflect+1","Bane"],"picked":"Caltrops+1","floor":45},{"not_picked":["Masterful Stab+1","PiercingWail+1","Dagger Throw+1"],"picked":"SKIP","floor":47},{"not_picked":["Acrobatics","Sucker Punch","Heel Hook+1"],"picked":"SKIP","floor":47},{"not_picked":["Riddle With Holes","Heel Hook+1"],"picked":"Footwork+1","floor":48},{"not_picked":["Choke+1","Expertise"],"picked":"Catalyst","floor":48}],"player_experience":252038,"relics_obtained":[{"floor":6,"key":"Boot"},{"floor":9,"key":"Mummified Hand"},{"floor":24,"key":"Happy Flower"},{"floor":26,"key":"Ninja Scroll"},{"floor":29,"key":"Frozen Egg 2"},{"floor":36,"key":"Pocketwatch"},{"floor":43,"key":"Pear"}],"event_choices":[{"damage_healed":0,"gold_gain":0,"player_choice":"Got Potions","damage_taken":0,"max_hp_gain":0,"max_hp_loss":0,"event_name":"Lab","floor":3,"gold_loss":0},{"damage_healed":0,"gold_gain":0,"player_choice":"Success","damage_taken":18,"relics_obtained":["Prayer Wheel"],"max_hp_gain":0,"max_hp_loss":0,"event_name":"Scrap Ooze","floor":7,"gold_loss":0},{"damage_healed":0,"gold_gain":0,"player_choice":"Bought 0 Potions","damage_taken":0,"max_hp_gain":0,"max_hp_loss":0,"event_name":"The Woman in Blue","floor":12,"gold_loss":0},{"damage_healed":0,"gold_gain":0,"cards_transformed":["Strike_G"],"player_choice":"Transformed","damage_taken":0,"max_hp_gain":0,"max_hp_loss":0,"event_name":"Transmorgrifier","floor":19,"gold_loss":0,"cards_obtained":["After Image"]},{"damage_healed":0,"gold_gain":0,"player_choice":"Simplicity","damage_taken":0,"max_hp_gain":0,"max_hp_loss":0,"event_name":"Back to Basics","floor":31,"gold_loss":0,"cards_upgraded":["Defend_G","Defend_G","Defend_G","Defend_G","Defend_G","Strike_G","Strike_G"]},{"damage_healed":0,"gold_gain":0,"player_choice":"Fight","damage_taken":0,"max_hp_gain":0,"max_hp_loss":0,"event_name":"MindBloom","floor":36,"gold_loss":0},{"damage_healed":0,"gold_gain":0,"player_choice":"Paid","damage_taken":0,"relics_obtained":["Red Mask"],"max_hp_gain":0,"max_hp_loss":0,"event_name":"Tomb of Lord Red Mask","floor":37,"gold_loss":299},{"damage_healed":0,"gold_gain":0,"player_choice":"Max HP","damage_taken":0,"max_hp_gain":0,"max_hp_loss":4,"event_name":"Winding Halls","floor":38,"gold_loss":0},{"cards_removed":["Dagger Spray"],"damage_healed":0,"gold_gain":0,"player_choice":"Removed Attack","damage_taken":0,"max_hp_gain":0,"max_hp_loss":0,"event_name":"Falling","floor":39,"gold_loss":0}],"is_beta":false,"boss_relics":[{"not_picked":["Philosopher\u0027s Stone","Eternal Feather"],"picked":"Sozu"},{"not_picked":["White Beast Statue","Black Star"],"picked":"Velvet Choker"}],"items_purged_floors":[22,28],"is_endless":false,"potions_floor_spawned":[4,8,11,13,20,24,35,41,45,48],"ascension_level":2}