{"gold_per_floor":[119,132,142,160,160,194,194,119,145,180,197,197,216,231,231,304,304,319,22,22,24,0,0,18,18,18,18],"floor_reached":27,"playtime":1819,"items_purged":["Pain"],"score":405,"play_id":"0c5d3102-75f3-410d-add8-df2763667baa","local_time":"20190507214944","is_ascension_mode":true,"campfire_choices":[{"data":"Zap","floor":7,"key":"SMITH"},{"floor":12,"key":"REST"},{"floor":15,"key":"REST"},{"floor":23,"key":"REST"},{"floor":25,"key":"REST"}],"neow_cost":"NONE","seed_source_timestamp":198975788339004,"circlet_count":0,"master_deck":["AscendersBane","Strike_B","Strike_B","Defend_B","Defend_B","Defend_B","Defend_B","Zap+1","Dualcast","Glacier","Sweeping Beam","Beam Cell","Ball Lightning","Force Field","Self Repair","Gash","FTL","FTL","Heatsinks","Force Field","Compile Driver","Rainbow","Writhe","Clumsy","Storm","Shame","Rebound","Gash","Heatsinks","Blizzard"],"relics":["Cracked Core","Dream Catcher","Art of War","PreservedInsect","Calling Bell","Oddly Smooth Stone","Meat on the Bone","WingedGreaves","Runic Capacitor","Letter Opener","Regal Pillow"],"potions_floor_usage":[10,10,16,24],"damage_taken":[{"damage":1,"enemies":"2 Louse","floor":1,"turns":2},{"damage":5,"enemies":"Small Slimes","floor":2,"turns":4},{"damage":1,"enemies":"Jaw Worm","floor":3,"turns":4},{"damage":3,"enemies":"Exordium Thugs","floor":4,"turns":7},{"damage":22,"enemies":"3 Sentries","floor":6,"turns":7},{"damage":20,"enemies":"Gremlin Nob","floor":10,"turns":4},{"damage":12,"enemies":"Looter","floor":11,"turns":3},{"damage":9,"enemies":"3 Louse","floor":13,"turns":3},{"damage":9,"enemies":"Large Slime","floor":14,"turns":4},{"damage":32,"enemies":"The Guardian","floor":16,"turns":12},{"damage":32,"enemies":"Shell Parasite","floor":18,"turns":10},{"damage":22,"enemies":"2 Thieves","floor":21,"turns":5},{"damage":45,"enemies":"Shelled Parasite and Fungi","floor":24,"turns":8},{"damage":69,"enemies":"Gremlin Leader","floor":27,"turns":8}],"seed_played":"7873756733340899242","potions_obtained":[{"floor":3,"key":"Swift Potion"},{"floor":4,"key":"Poison Potion"},{"floor":10,"key":"Poison Potion"},{"floor":16,"key":"Strength Potion"},{"floor":18,"key":"EssenceOfSteel"}],"is_trial":false,"path_per_floor":["M","M","M","M","?","E","R","?","T","E","M","R","M","M","R","B",null,"M","$","?","M","?","R","M","R","T","E"],"character_chosen":"DEFECT","items_purchased":["Runic Capacitor"],"campfire_rested":4,"item_purchase_floors":[19],"current_hp_per_floor":[70,65,64,61,61,39,39,39,39,26,21,44,42,40,63,38,68,55,55,55,45,45,68,42,65,65,0],"gold":18,"neow_bonus":"TEN_PERCENT_HP_BONUS","is_prod":false,"is_daily":false,"chose_seed":false,"campfire_upgraded":1,"win_rate":0,"timestamp":1557290984,"path_taken":["M","M","M","M","?","E","R","?","T","E","M","R","?","M","R","BOSS","M","$","?","M","?","R","M","R","T","E"],"build_version":"2019-01-23","purchased_purges":1,"victory":false,"max_hp_per_floor":[78,78,78,78,78,78,78,78,78,78,78,78,78,78,78,78,78,78,78,78,78,78,78,78,78,78,78],"card_choices":[{"not_picked":["Cold Snap","Barrage"],"picked":"Glacier","floor":1},{"not_picked":["Leap","Stack"],"picked":"Sweeping Beam","floor":2},{"not_picked":["Recycle","Heatsinks"],"picked":"Beam Cell","floor":3},{"not_picked":["Recycle","Force Field"],"picked":"Ball Lightning","floor":4},{"not_picked":["Leap","Steam Power"],"picked":"Self Repair","floor":6},{"not_picked":["Streamline","Turbo"],"picked":"Gash","floor":10},{"not_picked":["Sunder","Auto Shields"],"picked":"FTL","floor":11},{"not_picked":["Leap","Redo"],"picked":"FTL","floor":12},{"not_picked":["Ball Lightning","Stack"],"picked":"Heatsinks","floor":13},{"not_picked":["Stack","Rip and Tear"],"picked":"Force Field","floor":14},{"not_picked":["Steam Power","Coolheaded"],"picked":"Compile Driver","floor":15},{"not_picked":["Biased Cognition","Multi-Cast"],"picked":"Rainbow","floor":16},{"not_picked":["Steam","Self Repair"],"picked":"Storm","floor":18},{"not_picked":["Hologram","Steam"],"picked":"Rebound","floor":21},{"not_picked":["Hologram","Steam+1"],"picked":"Gash","floor":23},{"not_picked":["Steam Power","Steam"],"picked":"Heatsinks","floor":24},{"not_picked":["Sweeping Beam","Compile Driver"],"picked":"Blizzard","floor":25}],"player_experience":656141,"relics_obtained":[{"floor":6,"key":"Dream Catcher"},{"floor":9,"key":"Art of War"},{"floor":10,"key":"PreservedInsect"},{"floor":17,"key":"Oddly Smooth Stone"},{"floor":17,"key":"Meat on the Bone"},{"floor":17,"key":"WingedGreaves"},{"floor":26,"key":"Regal Pillow"}],"event_choices":[{"damage_healed":0,"gold_gain":0,"cards_transformed":["Strike_B"],"player_choice":"Change","damage_taken":0,"max_hp_gain":0,"max_hp_loss":0,"event_name":"Living Wall","floor":5,"gold_loss":0,"cards_obtained":["Force Field"]},{"cards_removed":["Strike_B"],"damage_healed":0,"gold_gain":0,"player_choice":"Card Removal","damage_taken":0,"max_hp_gain":0,"max_hp_loss":0,"event_name":"The Cleric","floor":8,"gold_loss":75},{"damage_healed":0,"gold_gain":0,"player_choice":"Stole Relic","damage_taken":0,"relics_obtained":["Letter Opener"],"max_hp_gain":0,"max_hp_loss":0,"event_name":"Addict","floor":20,"gold_loss":0,"cards_obtained":["Shame"]},{"damage_healed":0,"gold_gain":0,"player_choice":"Paid Fearfully","damage_taken":0,"max_hp_gain":0,"max_hp_loss":0,"event_name":"Masked Bandits","floor":22,"gold_loss":24}],"is_beta":false,"boss_relics":[{"not_picked":["Philosopher\u0027s Stone","Runic Pyramid"],"picked":"Calling Bell"}],"items_purged_floors":[19],"is_endless":false,"potions_floor_spawned":[3,4,10,16,18],"killed_by":"Gremlin Leader","ascension_level":16}