{"gold_per_floor":[19,19,34,34,45,45,63,63,86,98,3,3,30,41,41,118,118,128,128,141,141,121,149,149,176,176,194,194],"floor_reached":28,"playtime":1464,"items_purged":[],"score":516,"play_id":"655c1446-dcea-4177-88ab-4035bb3fc44b","local_time":"20190415151015","is_ascension_mode":true,"campfire_choices":[{"data":"Crippling Poison","floor":6,"key":"SMITH"},{"floor":12,"key":"REST"},{"data":"Noxious Fumes","floor":15,"key":"SMITH"},{"floor":24,"key":"REST"}],"neow_cost":"NO_GOLD","seed_source_timestamp":1491773649880411,"circlet_count":0,"master_deck":["AscendersBane","Defend_G","Defend_G","Defend_G","Defend_G+1","Defend_G+1","Strike_G","Strike_G","Strike_G","Survivor","Neutralize","Dagger Throw","Crippling Poison+1","Backflip","Venomology","Backflip","Noxious Fumes+1","Bane","Burst","Deadly Poison","Backflip","Infinite Blades","Predator+1","Crippling Poison+1"],"relics":["Ring of the Serpent","Tough Bandages","Gremlin Horn","Mercury Hourglass","Anchor","Oddly Smooth Stone","Nilry\u0027s Codex","Orichalcum","PreservedInsect","Molten Egg 2"],"potions_floor_usage":[13,18,20,23,23,25,25,28,28],"damage_taken":[{"damage":8,"enemies":"Jaw Worm","floor":1,"turns":8},{"damage":0,"enemies":"Small Slimes","floor":3,"turns":3},{"damage":0,"enemies":"2 Louse","floor":5,"turns":2},{"damage":0,"enemies":"Exordium Thugs","floor":7,"turns":3},{"damage":2,"enemies":"Lots of Slimes","floor":10,"turns":2},{"damage":2,"enemies":"3 Sentries","floor":13,"turns":5},{"damage":0,"enemies":"Blue Slaver","floor":14,"turns":3},{"damage":20,"enemies":"Hexaghost","floor":16,"turns":10},{"damage":0,"enemies":"3 Byrds","floor":18,"turns":4},{"damage":2,"enemies":"Spheric Guardian","floor":20,"turns":5},{"damage":14,"enemies":"Slavers","floor":23,"turns":5},{"damage":18,"enemies":"Gremlin Leader","floor":25,"turns":5},{"damage":14,"enemies":"Snake Plant","floor":27,"turns":5},{"damage":15,"enemies":"Sentry and Sphere","floor":28,"turns":3}],"seed_played":"-7143132348715604137","potions_obtained":[{"floor":1,"key":"Energy Potion"},{"floor":10,"key":"Fire Potion"},{"floor":13,"key":"GhostInAJar"},{"floor":18,"key":"PowerPotion"},{"floor":23,"key":"Strength Potion"}],"is_trial":false,"path_per_floor":["M","?","M","T","M","R","M","?","T","M","$","R","E","M","R","B",null,"M","?","M","?","?","E","R","E","T","M","M"],"character_chosen":"THE_SILENT","items_purchased":["Noxious Fumes","Bane"],"campfire_rested":2,"item_purchase_floors":[11,11],"current_hp_per_floor":[51,40,40,40,40,40,40,20,20,18,18,37,35,35,35,15,53,53,32,30,30,30,16,35,17,17,3,0],"gold":194,"neow_bonus":"ONE_RARE_RELIC","is_prod":false,"is_daily":false,"chose_seed":false,"campfire_upgraded":2,"win_rate":0,"timestamp":1555308615,"path_taken":["M","?","M","?","?","R","M","?","T","M","$","R","E","M","R","BOSS","M","?","M","?","?","E","R","E","T","?","?"],"build_version":"2019-01-23","purchased_purges":0,"victory":false,"max_hp_per_floor":[66,66,66,66,66,66,66,66,66,66,66,66,66,66,66,66,66,66,66,66,66,66,66,66,66,66,66,66],"card_choices":[{"not_picked":["Masterful Stab","Cloak And Dagger"],"picked":"Dagger Throw","floor":1},{"not_picked":["PiercingWail","Poisoned Stab"],"picked":"Crippling Poison","floor":3},{"not_picked":["Flying Knee","Underhanded Strike"],"picked":"Backflip","floor":5},{"not_picked":["Sucker Punch","Flying Knee"],"picked":"Venomology","floor":7},{"not_picked":["Eviscerate","Dagger Throw"],"picked":"Backflip","floor":10},{"not_picked":["Poisoned Stab","Backflip","Dagger Throw"],"picked":"SKIP","floor":13},{"not_picked":["Bane","Expertise","Choke"],"picked":"SKIP","floor":14},{"not_picked":["After Image","Wraith Form v2"],"picked":"Burst","floor":16},{"not_picked":["Setup","Expertise"],"picked":"Deadly Poison","floor":18},{"not_picked":["Dagger Throw","Heel Hook","Deflect"],"picked":"SKIP","floor":20},{"not_picked":["Tactician","Deflect"],"picked":"Predator+1","floor":23},{"not_picked":["Infinite Blades+1","Blade Dance"],"picked":"Crippling Poison+1","floor":25},{"not_picked":["Distraction","Crippling Poison","Masterful Stab+1"],"picked":"SKIP","floor":27}],"player_experience":934303,"relics_obtained":[{"floor":4,"key":"Mercury Hourglass"},{"floor":9,"key":"Anchor"},{"floor":13,"key":"Oddly Smooth Stone"},{"floor":19,"key":"Nilry\u0027s Codex"},{"floor":23,"key":"Orichalcum"},{"floor":25,"key":"PreservedInsect"},{"floor":26,"key":"Molten Egg 2"}],"event_choices":[{"damage_healed":0,"gold_gain":0,"player_choice":"Success","damage_taken":11,"relics_obtained":["Gremlin Horn"],"max_hp_gain":0,"max_hp_loss":0,"event_name":"Scrap Ooze","floor":2,"gold_loss":0},{"damage_healed":0,"gold_gain":0,"player_choice":"Entered Light","damage_taken":20,"max_hp_gain":0,"max_hp_loss":0,"event_name":"Shining Light","floor":8,"gold_loss":0,"cards_upgraded":["Defend_G","Defend_G"]},{"damage_healed":0,"gold_gain":0,"player_choice":"Obtained Book","damage_taken":21,"max_hp_gain":0,"max_hp_loss":0,"event_name":"Cursed Tome","floor":19,"gold_loss":0},{"damage_healed":0,"gold_gain":0,"cards_transformed":["Strike_G","Strike_G"],"player_choice":"Became Test Subject","damage_taken":0,"max_hp_gain":0,"max_hp_loss":0,"event_name":"Drug Dealer","floor":21,"gold_loss":0,"cards_obtained":["Backflip","Infinite Blades"]},{"damage_healed":0,"gold_gain":0,"player_choice":"Bought 1 Potion","damage_taken":0,"max_hp_gain":0,"max_hp_loss":0,"event_name":"The Woman in Blue","floor":22,"gold_loss":0}],"is_beta":false,"boss_relics":[{"not_picked":["Orrery","Sozu"],"picked":"Ring of the Serpent"}],"items_purged_floors":[],"is_endless":false,"potions_floor_spawned":[1,10,13,18,20,23],"killed_by":"Sentry and Sphere","ascension_level":20}