{"gold_per_floor":[144,156,170,170,190,225,225,254,280,344,358,358,393,404,404,508,508,519,619,630,145,145,145,170,170,196,196,213,233,107,138,138,234,234,247,261,276,276,28,63,98,98,98,98,115,20,32,32,32,32,32,32,32,63,63],"floor_reached":56,"playtime":2756,"items_purged":["Shame","Shame"],"score":1415,"play_id":"9514f6dc-4736-4989-9453-18f5416b5d44","local_time":"20190405181903","is_ascension_mode":true,"campfire_choices":[{"floor":7,"key":"REST"},{"data":"Bash","floor":12,"key":"SMITH"},{"data":"Metallicize","floor":15,"key":"SMITH"},{"floor":23,"key":"RECALL"},{"data":"Flame Barrier","floor":25,"key":"SMITH"},{"data":"Offering","floor":32,"key":"SMITH"},{"floor":42,"key":"REST"},{"data":"Writhe","floor":44,"key":"PURGE"},{"data":"Body Slam","floor":49,"key":"SMITH"},{"data":"Barricade","floor":52,"key":"SMITH"}],"neow_cost":"NONE","seed_source_timestamp":248886656103779,"circlet_count":0,"master_deck":["Strike_R","Strike_R","Strike_R","Strike_R","Strike_R","Defend_R","Defend_R","Defend_R","Defend_R","Bash+1","Seeing Red","Pommel Strike","Iron Wave","Cleave","Warcry","Headbutt","Metallicize+1","Dropkick","Offering+1","Armaments","Flame Barrier+1","Shrug It Off+1","Armaments+1","Flex+1","Barricade+1","Rage+1","Pommel Strike+1","Jack Of All Trades+1","Body Slam+1","Dark Shackles+1","Sword Boomerang+1"],"relics":["Burning Blood","Tiny Chest","Mercury Hourglass","Ancient Tea Set","Vajra","Red Skull","Gambling Chip","Darkstone Periapt","Cursed Key","WingedGreaves","Shuriken","Matryoshka","Happy Flower","MutagenicStrength","Torii","Strawberry","Pear","Toxic Egg 2","Bag of Marbles","Black Star","Orichalcum","Peace Pipe","Centennial Puzzle","Anchor","StoneCalendar","Self Forming Clay","Letter Opener","Paper Frog"],"potions_floor_usage":[6,10,16,16,24,33,33,40,50,55,55,55],"damage_taken":[{"damage":8,"enemies":"2 Louse","floor":1,"turns":4},{"damage":0,"enemies":"Small Slimes","floor":2,"turns":3},{"damage":1,"enemies":"Cultist","floor":3,"turns":3},{"damage":7,"enemies":"Blue Slaver","floor":5,"turns":2},{"damage":26,"enemies":"Lagavulin","floor":6,"turns":5},{"damage":13,"enemies":"3 Sentries","floor":8,"turns":5},{"damage":18,"enemies":"Lagavulin Event","floor":10,"turns":5},{"damage":0,"enemies":"Looter","floor":11,"turns":1},{"damage":14,"enemies":"Gremlin Nob","floor":13,"turns":3},{"damage":0,"enemies":"Large Slime","floor":14,"turns":3},{"damage":12,"enemies":"Slime Boss","floor":16,"turns":4},{"damage":1,"enemies":"Spheric Guardian","floor":18,"turns":3},{"damage":18,"enemies":"Colosseum Slavers","floor":19,"turns":3},{"damage":13,"enemies":"Colosseum Nobs","floor":19,"turns":4},{"damage":5,"enemies":"Chosen","floor":20,"turns":3},{"damage":18,"enemies":"Slavers","floor":24,"turns":4},{"damage":7,"enemies":"Shelled Parasite and Fungi","floor":28,"turns":2},{"damage":14,"enemies":"Snake Plant","floor":29,"turns":2},{"damage":6,"enemies":"Gremlin Leader","floor":31,"turns":4},{"damage":38,"enemies":"Champ","floor":33,"turns":10},{"damage":6,"enemies":"3 Darklings","floor":35,"turns":5},{"damage":0,"enemies":"3 Shapes","floor":36,"turns":2},{"damage":6,"enemies":"Jaw Worm Horde","floor":37,"turns":2},{"damage":48,"enemies":"Giant Head","floor":40,"turns":7},{"damage":21,"enemies":"Reptomancer","floor":41,"turns":4},{"damage":6,"enemies":"Maw","floor":45,"turns":7},{"damage":0,"enemies":"4 Shapes","floor":47,"turns":4},{"damage":52,"enemies":"Awakened One","floor":50,"turns":9},{"damage":9,"enemies":"Shield and Spear","floor":54,"turns":6},{"damage":99,"enemies":"The Heart","floor":55,"turns":10}],"seed_played":"5407837834334641594","potions_obtained":[{"floor":3,"key":"Energy Potion"},{"floor":6,"key":"SpeedPotion"},{"floor":13,"key":"Explosive Potion"},{"floor":14,"key":"Strength Potion"},{"floor":19,"key":"EssenceOfSteel"},{"floor":20,"key":"Fire Potion"},{"floor":31,"key":"Weak Potion"},{"floor":37,"key":"Strength Potion"},{"floor":41,"key":"Dexterity Potion"},{"floor":45,"key":"Ancient Potion"},{"floor":47,"key":"Swift Potion"},{"floor":54,"key":"Swift Potion"}],"is_trial":false,"path_per_floor":["M","M","M","?","M","E","R","E","T","?","M","R","E","M","R","B",null,"M","?","M","$","?","R","E","R","T","T","M","M","$","E","R","B",null,"M","M","M","?","$","E","E","R","T","R","M","$","M","?","R","B",null,"R","$","E","B",null],"character_chosen":"IRONCLAD","items_purchased":["Flame Barrier","Matryoshka","Happy Flower","Shrug It Off+1","Orichalcum","Jack Of All Trades+1"],"campfire_rested":2,"item_purchase_floors":[21,21,21,30,39,46],"current_hp_per_floor":[78,80,80,47,46,26,50,43,43,31,37,37,29,35,35,29,80,80,61,62,62,62,62,50,50,63,79,78,70,70,70,70,38,109,109,109,109,104,104,62,47,78,84,84,84,84,90,90,90,44,110,110,110,107,14],"gold":63,"neow_bonus":"RANDOM_COMMON_RELIC","is_prod":false,"is_daily":false,"chose_seed":false,"campfire_upgraded":6,"win_rate":0,"timestamp":1554506343,"path_taken":["M","M","M","?","M","E","R","E","T","?","M","R","E","M","R","BOSS","M","?","M","$","?","R","E","R","T","?","M","M","$","E","R","BOSS","M","?","M","?","$","E","E","R","T","R","M","$","M","?","R","BOSS","R","$","E","BOSS"],"build_version":"2019-01-23","purchased_purges":2,"victory":true,"max_hp_per_floor":[80,80,80,80,80,80,80,80,80,80,80,80,80,80,80,80,80,80,80,80,80,80,80,80,80,93,109,109,109,109,109,109,109,109,109,109,109,104,104,104,104,104,110,110,110,110,110,110,110,110,110,110,110,110,110],"card_choices":[{"not_picked":["Wild Strike","Infernal Blade"],"picked":"Seeing Red","floor":1},{"not_picked":["Flex","Clothesline"],"picked":"Pommel Strike","floor":2},{"not_picked":["Hemokinesis","Clash"],"picked":"Iron Wave","floor":3},{"not_picked":["Entrench","Warcry"],"picked":"Cleave","floor":5},{"not_picked":["Berserk","Thunderclap"],"picked":"Warcry","floor":6},{"not_picked":["Body Slam","Iron Wave","Reckless Charge"],"picked":"SKIP","floor":8},{"not_picked":["Pommel Strike","Second Wind"],"picked":"Headbutt","floor":10},{"not_picked":["Twin Strike","Sword Boomerang","Reckless Charge"],"picked":"SKIP","floor":11},{"not_picked":["Whirlwind","Rampage"],"picked":"Metallicize","floor":13},{"not_picked":["Searing Blow","Headbutt"],"picked":"Dropkick","floor":14},{"not_picked":["Brutality","Fiend Fire"],"picked":"Offering","floor":16},{"not_picked":["Headbutt","Iron Wave"],"picked":"Armaments","floor":18},{"not_picked":["Clash+1","Heavy Blade","True Grit"],"picked":"SKIP","floor":20},{"not_picked":["True Grit","Dark Embrace","Havoc"],"picked":"SKIP","floor":24},{"not_picked":["Wild Strike","Headbutt","Feel No Pain"],"picked":"SKIP","floor":28},{"not_picked":["Carnage+1","Heavy Blade","Burning Pact+1"],"picked":"SKIP","floor":29},{"not_picked":["True Grit+1","Anger"],"picked":"Armaments+1","floor":31},{"not_picked":["Armaments+1","Wild Strike","Headbutt"],"picked":"SKIP","floor":35},{"not_picked":["Sever Soul","Clash+1","Sword Boomerang"],"picked":"SKIP","floor":36},{"not_picked":["Wild Strike","Warcry+1"],"picked":"Flex+1","floor":37},{"not_picked":["Clothesline","Carnage+1"],"picked":"Barricade","floor":40},{"not_picked":["Shrug It Off+1","Anger+1"],"picked":"Rage+1","floor":41},{"not_picked":["Thunderclap","Flex+1"],"picked":"Pommel Strike+1","floor":45},{"not_picked":["Combust+1","Heavy Blade"],"picked":"Body Slam","floor":47},{"not_picked":["Panacea+1","Master of Strategy+1"],"picked":"Dark Shackles+1","floor":48},{"not_picked":["Clash","Rampage+1"],"picked":"Sword Boomerang+1","floor":54}],"player_experience":1217521,"relics_obtained":[{"floor":6,"key":"Ancient Tea Set"},{"floor":8,"key":"Vajra"},{"floor":9,"key":"Red Skull"},{"floor":13,"key":"Darkstone Periapt"},{"floor":19,"key":"WingedGreaves"},{"floor":19,"key":"Shuriken"},{"floor":24,"key":"Torii"},{"floor":26,"key":"Strawberry"},{"floor":27,"key":"Pear"},{"floor":27,"key":"Toxic Egg 2"},{"floor":31,"key":"Bag of Marbles"},{"floor":40,"key":"Peace Pipe"},{"floor":40,"key":"Centennial Puzzle"},{"floor":41,"key":"Anchor"},{"floor":41,"key":"StoneCalendar"},{"floor":43,"key":"Self Forming Clay"},{"floor":54,"key":"Letter Opener"},{"floor":54,"key":"Paper Frog"}],"event_choices":[{"damage_healed":0,"gold_gain":0,"player_choice":"Success","damage_taken":33,"relics_obtained":["Mercury Hourglass"],"max_hp_gain":0,"max_hp_loss":0,"event_name":"Scrap Ooze","floor":4,"gold_loss":0},{"damage_healed":0,"gold_gain":0,"player_choice":"Searched \u00272\u0027 times","damage_taken":0,"relics_obtained":["Gambling Chip"],"max_hp_gain":0,"max_hp_loss":0,"event_name":"Dead Adventurer","floor":10,"gold_loss":0},{"damage_healed":0,"gold_gain":0,"player_choice":"Fight","damage_taken":0,"max_hp_gain":0,"max_hp_loss":0,"event_name":"Colosseum","floor":19,"gold_loss":0},{"damage_healed":0,"gold_gain":0,"player_choice":"Fought Nobs","damage_taken":0,"max_hp_gain":0,"max_hp_loss":0,"event_name":"Colosseum","floor":19,"gold_loss":0},{"damage_healed":0,"gold_gain":0,"player_choice":"Inject Mutagens","damage_taken":0,"relics_obtained":["MutagenicStrength"],"max_hp_gain":0,"max_hp_loss":0,"event_name":"Drug Dealer","floor":22,"gold_loss":0},{"damage_healed":0,"gold_gain":0,"player_choice":"Max HP","damage_taken":0,"max_hp_gain":0,"max_hp_loss":5,"event_name":"Winding Halls","floor":38,"gold_loss":0},{"damage_healed":0,"gold_gain":0,"player_choice":"Memory 1","damage_taken":0,"max_hp_gain":0,"max_hp_loss":0,"event_name":"SensoryStone","floor":48,"gold_loss":0}],"is_beta":false,"boss_relics":[{"not_picked":["Orrery","Empty Cage"],"picked":"Cursed Key"},{"not_picked":["Philosopher\u0027s Stone","Snecko Eye"],"picked":"Black Star"}],"items_purged_floors":[30,39],"is_endless":false,"potions_floor_spawned":[3,6,13,14,19,19,20,31,37,41,45,47,54],"ascension_level":1}