{"gold_per_floor":[111,111,126,126,145,145,183,199,224,248,248,288,311,324,324,324],"floor_reached":16,"playtime":664,"items_purged":[],"score":228,"play_id":"870ce87b-8785-4815-91d6-44090784a5b9","local_time":"20190502213248","is_ascension_mode":true,"campfire_choices":[{"data":"Zap","floor":6,"key":"SMITH"},{"floor":11,"key":"REST"},{"floor":15,"key":"REST"}],"neow_cost":"NONE","seed_source_timestamp":318452778568700,"circlet_count":0,"master_deck":["AscendersBane","Strike_B","Strike_B","Strike_B","Strike_B","Defend_B","Defend_B","Defend_B","Defend_B","Zap+1","Dualcast","Compile Driver","Leap","Auto Shields","All For One","Sweeping Beam","Cold Snap","Echo Form","Ball Lightning"],"relics":["Cracked Core","Golden Idol","Question Card","Omamori","DataDisk","Oddly Smooth Stone"],"potions_floor_usage":[7,8,13,16],"damage_taken":[{"damage":0,"enemies":"2 Louse","floor":1,"turns":3},{"damage":7,"enemies":"Jaw Worm","floor":3,"turns":3},{"damage":1,"enemies":"Cultist","floor":5,"turns":3},{"damage":45,"enemies":"Gremlin Nob","floor":7,"turns":5},{"damage":13,"enemies":"Large Slime","floor":8,"turns":4},{"damage":3,"enemies":"Exordium Wildlife","floor":10,"turns":3},{"damage":8,"enemies":"Lagavulin","floor":12,"turns":7},{"damage":0,"enemies":"Red Slaver","floor":13,"turns":3},{"damage":7,"enemies":"Gremlin Gang","floor":14,"turns":4},{"damage":35,"enemies":"Slime Boss","floor":16,"turns":7}],"seed_played":"3898522210568441023","potions_obtained":[{"floor":1,"key":"Explosive Potion"},{"floor":7,"key":"Energy Potion"},{"floor":12,"key":"Fire Potion"},{"floor":13,"key":"Dexterity Potion"}],"is_trial":false,"path_per_floor":["M","?","M","T","M","R","E","M","T","M","R","E","M","M","R","B"],"character_chosen":"DEFECT","items_purchased":[],"campfire_rested":2,"item_purchase_floors":[],"current_hp_per_floor":[71,71,64,64,63,63,18,5,5,2,23,15,15,8,29,0],"gold":324,"neow_bonus":"TEN_PERCENT_HP_BONUS","is_prod":false,"is_daily":false,"chose_seed":false,"campfire_upgraded":1,"win_rate":0,"timestamp":1556800368,"path_taken":["M","?","M","?","M","R","E","M","T","?","R","E","M","M","R","BOSS"],"build_version":"2019-01-23","purchased_purges":0,"victory":false,"max_hp_per_floor":[78,71,71,71,71,71,71,71,71,71,71,71,71,71,71,71],"card_choices":[{"not_picked":["Darkness","Beam Cell"],"picked":"Compile Driver","floor":1},{"not_picked":["Static Discharge","White Noise"],"picked":"Leap","floor":3},{"not_picked":["Beam Cell","Gash","Skim"],"picked":"Auto Shields","floor":5},{"not_picked":["Streamline","Go for the Eyes","Barrage"],"picked":"All For One","floor":7},{"not_picked":["Stack","Skim","Compile Driver"],"picked":"Sweeping Beam","floor":8},{"not_picked":["Steam Power","Double Energy","Turbo"],"picked":"Cold Snap","floor":10},{"not_picked":["Coolheaded","Aggregate","Tempest"],"picked":"Echo Form","floor":12},{"not_picked":["Beam Cell","Melter","Barrage","Turbo"],"picked":"SKIP","floor":13},{"not_picked":["Hologram","Fusion","Beam Cell"],"picked":"Ball Lightning","floor":14}],"player_experience":1186789,"relics_obtained":[{"floor":4,"key":"Question Card"},{"floor":7,"key":"Omamori"},{"floor":9,"key":"DataDisk"},{"floor":12,"key":"Oddly Smooth Stone"}],"event_choices":[{"damage_healed":0,"gold_gain":0,"player_choice":"Lose Max HP","damage_taken":0,"relics_obtained":["Golden Idol"],"max_hp_gain":0,"max_hp_loss":7,"event_name":"Golden Idol","floor":2,"gold_loss":0}],"is_beta":false,"boss_relics":[],"items_purged_floors":[],"is_endless":false,"potions_floor_spawned":[1,7,12,13],"killed_by":"Slime Boss","ascension_level":20}