{"gold_per_floor":[119,132,132,148,148,148,169,169,169,189,189,229,5,5,5,98,98,112,67,90,106,106,106,6,6,80,98,138,154,172,211,211,309,309,325,18,18,87,107,107,143,143,196,231,37,37,61,75,75,75,75,75,27,71,71],"floor_reached":55,"playtime":3437,"items_purged":["Defend_B","Strike_B"],"score":1379,"play_id":"65e07875-599c-4cb2-ac45-7d9fe6e83cc9","local_time":"20190414180233","is_ascension_mode":true,"campfire_choices":[{"data":"Defragment","floor":6.0,"key":"SMITH"},{"data":"Defragment","floor":8.0,"key":"SMITH"},{"data":"Zap","floor":11.0,"key":"SMITH"},{"data":"Defragment","floor":15.0,"key":"SMITH"},{"data":"Buffer","floor":23.0,"key":"SMITH"},{"data":"Hologram","floor":25.0,"key":"SMITH"},{"data":"Redo","floor":32.0,"key":"SMITH"},{"floor":40.0,"key":"DIG"},{"floor":42.0,"key":"DIG"},{"floor":46.0,"key":"DIG"},{"floor":49.0,"key":"RECALL"},{"floor":52.0,"key":"DIG"}],"neow_cost":"NONE","seed_source_timestamp":355033122904000,"circlet_count":0,"master_deck":["AscendersBane","Defend_B+1","Defend_B","Zap+1","Dualcast","Cold Snap","Defragment+1","Defragment+1","Glacier","Compile Driver","Defragment+1","Buffer+1","Fusion+1","Darkness+1","Defragment+1","Hologram+1","Coolheaded","Steam+1","Chill","Redo+1","Hologram","Seek","Seek","Buffer+1","Redo+1"],"special_seed":0,"relics":["Golden Idol","Bottled Lightning","Symbiotic Virus","DataDisk","FaceOfCleric","Astrolabe","Nloth\u0027s Gift","Frozen Egg 2","Shovel","Gremlin Horn","Busted Crown","Happy Flower","Emotion Chip","Potion Belt","Juzu Bracelet","Blood Vial","Mango","DollysMirror","Oddly Smooth Stone","Bottled Flame","Boot"],"potions_floor_usage":[54,55,55,55],"damage_taken":[{"damage":0.0,"enemies":"Cultist","floor":1.0,"turns":3.0},{"damage":18.0,"enemies":"Small Slimes","floor":2.0,"turns":3.0},{"damage":2.0,"enemies":"Jaw Worm","floor":4.0,"turns":3.0},{"damage":6.0,"enemies":"Looter","floor":7.0,"turns":3.0},{"damage":3.0,"enemies":"Lots of Slimes","floor":10.0,"turns":5.0},{"damage":3.0,"enemies":"3 Sentries","floor":12.0,"turns":12.0},{"damage":18.0,"enemies":"The Guardian","floor":16.0,"turns":10.0},{"damage":0.0,"enemies":"Spheric Guardian","floor":18.0,"turns":3.0},{"damage":0.0,"enemies":"Chosen","floor":20.0,"turns":5.0},{"damage":3.0,"enemies":"Snake Plant","floor":21.0,"turns":4.0},{"damage":0.0,"enemies":"Snecko","floor":27.0,"turns":10.0},{"damage":14.0,"enemies":"Gremlin Leader","floor":28.0,"turns":8.0},{"damage":2.0,"enemies":"Shelled Parasite and Fungi","floor":29.0,"turns":5.0},{"damage":4.0,"enemies":"Snake Plant","floor":30.0,"turns":5.0},{"damage":3.0,"enemies":"Slavers","floor":31.0,"turns":17.0},{"damage":10.0,"enemies":"Automaton","floor":33.0,"turns":11.0},{"damage":0.0,"enemies":"Orb Walker","floor":35.0,"turns":4.0},{"damage":7.0,"enemies":"2 Orb Walkers","floor":38.0,"turns":5.0},{"damage":0.0,"enemies":"3 Shapes","floor":39.0,"turns":4.0},{"damage":0.0,"enemies":"Giant Head","floor":41.0,"turns":8.0},{"damage":0.0,"enemies":"Nemesis","floor":44.0,"turns":5.0},{"damage":0.0,"enemies":"Writhing Mass","floor":47.0,"turns":7.0},{"damage":0.0,"enemies":"3 Darklings","floor":48.0,"turns":4.0},{"damage":11.0,"enemies":"Awakened One","floor":50.0,"turns":11.0},{"damage":62,"enemies":"Shield and Spear","floor":54,"turns":8},{"damage":66,"enemies":"The Heart","floor":55,"turns":12}],"seed_played":"5019870051024763432","potions_obtained":[{"floor":2.0,"key":"FocusPotion"},{"floor":16.0,"key":"PowerPotion"},{"floor":20.0,"key":"EssenceOfSteel"},{"floor":28.0,"key":"SkillPotion"},{"floor":29.0,"key":"SkillPotion"},{"floor":30.0,"key":"Ancient Potion"},{"floor":38.0,"key":"Explosive Potion"},{"floor":44.0,"key":"LiquidBronze"},{"floor":47.0,"key":"Regen Potion"}],"is_trial":false,"path_per_floor":["M","M","?","M","?","R","M","R","T","M","R","E","$","?","R","B",null,"M","$","M","M","?","R","$","R","T","M","E","M","M","E","R","B",null,"M","$","?","?","M","R","E","R","T","E","$","R","M","M","R","B",null,"R","$","E","B"],"character_chosen":"DEFECT","items_purchased":["DataDisk","Coolheaded","Happy Flower","Seek","DollysMirror","Block Potion"],"campfire_rested":0,"item_purchase_floors":[13,19,36,36,45,53],"current_hp_per_floor":[75,57,41,39,39,39,33,33,33,30,30,27,27,27,27,10,60,61,61,62,60,60,60,60,60,60,61,48,47,44,42,42,33,73,74,74,74,68,69,69,70,70,70,87,87,87,90,93,93,85,102,102,102,43,0],"gold":71,"neow_bonus":"TEN_PERCENT_HP_BONUS","is_prod":false,"is_daily":false,"chose_seed":false,"campfire_upgraded":7,"win_rate":0,"timestamp":1555257753,"path_taken":["M","M","?","M","?","R","M","R","T","M","R","E","?","?","R","BOSS","M","?","M","?","?","R","$","R","T","M","E","M","M","E","R","BOSS","M","?","?","?","M","R","E","R","T","E","?","R","M","M","R","BOSS","R","$","E","BOSS"],"build_version":"2019-01-23","purchased_purges":2,"victory":false,"max_hp_per_floor":[82,82,82,82,76,76,76,76,76,76,76,76,76,76,76,77,77,78,78,79,80,80,80,80,80,80,81,82,83,84,85,85,86,86,87,87,87,88,89,89,90,90,90,105,105,105,106,107,107,108,108,108,108,109,109],"card_choices":[{"not_picked":["Gash","Turbo"],"picked":"Cold Snap","floor":1.0},{"not_picked":["Darkness","BootSequence"],"picked":"Defragment","floor":2.0},{"not_picked":["Fusion","Sunder"],"picked":"Defragment","floor":4.0},{"not_picked":["Hologram","Cold Snap"],"picked":"Glacier","floor":7.0},{"not_picked":["Barrage","Hologram"],"picked":"Compile Driver","floor":10.0},{"not_picked":["Conserve Battery","Stack"],"picked":"Defragment","floor":12.0},{"not_picked":["Amplify","Creative AI"],"picked":"Buffer","floor":16.0},{"not_picked":["Force Field","Ball Lightning+1"],"picked":"Hologram","floor":18.0},{"not_picked":["Steam","Barrage","Leap+1"],"picked":"SKIP","floor":20.0},{"not_picked":["Sweeping Beam","Turbo","Ball Lightning"],"picked":"SKIP","floor":21.0},{"not_picked":["Scrape","Blizzard","Stack"],"picked":"SKIP","floor":27.0},{"not_picked":["Streamline","Buffer+1"],"picked":"Steam+1","floor":28.0},{"not_picked":["Hologram","Scrape"],"picked":"Chill","floor":29.0},{"not_picked":["Gash","Amplify"],"picked":"Redo","floor":30.0},{"not_picked":["Beam Cell+1","Multi-Cast"],"picked":"Hologram","floor":31.0},{"not_picked":["Biased Cognition+1","All For One"],"picked":"Seek","floor":33.0},{"not_picked":["Steam"],"picked":"SKIP","floor":35.0},{"not_picked":[],"picked":"Buffer+1","floor":38.0},{"not_picked":["Meteor Strike"],"picked":"SKIP","floor":39.0},{"not_picked":["Multi-Cast"],"picked":"SKIP","floor":41.0},{"not_picked":["Compile Driver"],"picked":"SKIP","floor":44.0},{"not_picked":["Hologram"],"picked":"SKIP","floor":47.0},{"not_picked":["Genetic Algorithm"],"picked":"SKIP","floor":48.0},{"not_picked":["Barrage"],"picked":"SKIP","floor":54}],"player_experience":613480,"relics_obtained":[{"floor":9.0,"key":"Bottled Lightning"},{"floor":12.0,"key":"Symbiotic Virus"},{"floor":26.0,"key":"Frozen Egg 2"},{"floor":28.0,"key":"Shovel"},{"floor":31.0,"key":"Gremlin Horn"},{"floor":38.0,"key":"Emotion Chip"},{"floor":40.0,"key":"Potion Belt"},{"floor":41.0,"key":"Juzu Bracelet"},{"floor":42.0,"key":"Blood Vial"},{"floor":44.0,"key":"Mango"},{"floor":46.0,"key":"Oddly Smooth Stone"},{"floor":52.0,"key":"Bottled Flame"},{"floor":54,"key":"Boot"}],"event_choices":[{"damage_healed":0.0,"max_hp_gain":0.0,"max_hp_loss":0.0,"gold_gain":0.0,"event_name":"Shining Light","player_choice":"Entered Light","floor":3.0,"gold_loss":0.0,"damage_taken":16.0,"cards_upgraded":["Strike_B","Defend_B"]},{"damage_healed":0.0,"max_hp_gain":0.0,"max_hp_loss":6.0,"gold_gain":0.0,"event_name":"Golden Idol","player_choice":"Lose Max HP","floor":5.0,"gold_loss":0.0,"damage_taken":0.0,"relics_obtained":["Golden Idol"]},{"damage_healed":0.0,"max_hp_gain":0.0,"max_hp_loss":0.0,"gold_gain":0.0,"event_name":"FaceTrader","player_choice":"Trade","floor":14.0,"gold_loss":0.0,"damage_taken":0.0,"relics_obtained":["FaceOfCleric"]},{"damage_healed":0.0,"max_hp_gain":0.0,"max_hp_loss":0.0,"gold_gain":0.0,"event_name":"N\u0027loth","player_choice":"Traded Relic","floor":22.0,"relics_lost":["Cracked Core"],"gold_loss":0.0,"damage_taken":0.0,"relics_obtained":["Nloth\u0027s Gift"]},{"cards_removed":["Strike_B"],"damage_healed":0.0,"max_hp_gain":0.0,"max_hp_loss":0.0,"gold_gain":0.0,"event_name":"Falling","player_choice":"Removed Attack","floor":37.0,"gold_loss":0.0,"damage_taken":0.0},{"damage_healed":0.0,"max_hp_gain":0.0,"max_hp_loss":0.0,"gold_gain":0.0,"event_name":"Mysterious Sphere","player_choice":"Fight","floor":38.0,"gold_loss":0.0,"damage_taken":0.0}],"is_beta":false,"boss_relics":[{"not_picked":["Tiny House","Eternal Feather"],"picked":"Astrolabe"},{"not_picked":["Pandora\u0027s Box","Orrery"],"picked":"Busted Crown"}],"items_purged_floors":[13,24],"is_endless":false,"potions_floor_spawned":[2,16,20,21,28,29,30,38,44,47],"killed_by":"The Heart","ascension_level":13}