{"gold_per_floor":[369,369,369,27,27,27,27,44,99,249,249],"floor_reached":11,"playtime":164,"items_purged":["Strike_B"],"score":106,"play_id":"5b64b4ec-5170-4b6e-a51c-7c2ae9639f93","local_time":"20190311011331","is_ascension_mode":true,"campfire_choices":[{"data":"Zap","floor":6.0,"key":"SMITH"}],"neow_cost":"PERCENT_DAMAGE","seed_source_timestamp":114225163742200,"circlet_count":0,"master_deck":["AscendersBane","Strike_B","Strike_B","Strike_B","Defend_B","Defend_B","Defend_B+1","Defend_B","Zap+1","Dualcast","Go for the Eyes+1","Dramatic Entrance","Regret","Rebound"],"special_seed":0,"relics":["Cracked Core","Pen Nib","Anchor","DataDisk","Bag of Preparation","Omamori"],"potions_floor_usage":[],"damage_taken":[{"damage":2.0,"enemies":"Jaw Worm","floor":1.0,"turns":5.0},{"damage":0.0,"enemies":"Small Slimes","floor":8.0,"turns":2.0},{"damage":24,"enemies":"Gremlin Nob","floor":11,"turns":3}],"seed_played":"-7285109155391830775","potions_obtained":[],"is_trial":false,"path_per_floor":["M","?","?","$","T","R","?","M","T","?","E"],"character_chosen":"DEFECT","items_purchased":["Anchor","Dramatic Entrance"],"campfire_rested":0,"item_purchase_floors":[4,4],"current_hp_per_floor":[44,33,12,12,12,12,12,12,12,12,0],"gold":249,"neow_bonus":"TWO_FIFTY_GOLD","is_prod":false,"is_daily":false,"chose_seed":false,"campfire_upgraded":1,"win_rate":0,"timestamp":1552263211,"path_taken":["M","?","?","?","?","R","?","M","T","?","E"],"build_version":"2019-01-23","purchased_purges":1,"victory":false,"max_hp_per_floor":[71,71,71,71,71,71,71,71,71,71,71],"card_choices":[{"not_picked":["Cold Snap","Barrage"],"picked":"Go for the Eyes","floor":1.0},{"not_picked":["Hello World","Steam"],"picked":"Rebound","floor":8.0}],"player_experience":470107,"relics_obtained":[{"floor":5.0,"key":"DataDisk"},{"floor":9.0,"key":"Omamori"}],"event_choices":[{"damage_healed":0.0,"max_hp_gain":0.0,"max_hp_loss":0.0,"gold_gain":0.0,"event_name":"Scrap Ooze","player_choice":"Success","floor":2.0,"gold_loss":0.0,"damage_taken":11.0,"relics_obtained":["Pen Nib"]},{"damage_healed":0.0,"max_hp_gain":0.0,"max_hp_loss":0.0,"gold_gain":0.0,"event_name":"Shining Light","player_choice":"Entered Light","floor":3.0,"gold_loss":0.0,"damage_taken":21.0,"cards_upgraded":["Go for the Eyes","Defend_B"]},{"damage_healed":0.0,"max_hp_gain":0.0,"max_hp_loss":0.0,"gold_gain":0.0,"event_name":"Big Fish","player_choice":"Box","floor":7.0,"gold_loss":0.0,"damage_taken":0.0,"relics_obtained":["Bag of Preparation"],"cards_obtained":["Regret"]},{"damage_healed":0.0,"max_hp_gain":0.0,"max_hp_loss":0.0,"gold_gain":150.0,"event_name":"Liars Game","player_choice":"AGREE","floor":10.0,"gold_loss":0.0,"damage_taken":0.0,"cards_obtained":["Doubt"]}],"is_beta":false,"boss_relics":[],"items_purged_floors":[4],"is_endless":false,"potions_floor_spawned":[],"killed_by":"Gremlin Nob","ascension_level":16}