{"gold_per_floor":[110,60,76,91,91,126,126,151,151,151,164,181,196,216,216,321,321,332,431,450,477,491,517,517,178,178,178,192,192,207,227,227,326,326,345,358,87,434,434,434,452,452,452,470,470,470,79,379,379,379],"floor_reached":51,"playtime":2919,"items_purged":["Strike_R","Defend_R"],"score":679,"play_id":"ad049ee7-8597-4865-b6af-a9daa4d99ba1","local_time":"20181118145122","is_ascension_mode":false,"campfire_choices":[{"floor":7,"key":"REST"},{"data":"Whirlwind","floor":10,"key":"SMITH"},{"data":"Infernal Blade","floor":15,"key":"SMITH"},{"floor":29,"key":"REST"},{"floor":32,"key":"REST"},{"data":"Apotheosis","floor":40,"key":"SMITH"},{"floor":42,"key":"REST"},{"data":"Decay","floor":46,"key":"PURGE"},{"floor":49,"key":"REST"}],"neow_cost":"PERCENT_DAMAGE","seed_source_timestamp":330456811869701,"circlet_count":0,"master_deck":["Defend_R","Defend_R","Whirlwind+1","Infernal Blade+1","Inflame","Pommel Strike","Dual Wield","Inflame","Pommel Strike","Ghostly Armor","Pummel","Brutality","Metallicize+1","Warcry+1","Metallicize","Fire Breathing","Inflame","Rupture","Shrug It Off","Warcry+1","Heavy Blade","Offering","Battle Trance+1","Apotheosis+1","Bandage Up","Rupture","Shrug It Off"],"relics":["Burning Blood","Kunai","Charon\u0027s Ashes","Pear","Runic Dome","Dream Catcher","Pocketwatch","Nilry\u0027s Codex","Chemical X","Mercury Hourglass","Bag of Preparation","Cursed Key","Old Coin","Peace Pipe","Thread and Needle"],"potions_floor_usage":[6,23,23,33,33,38,38],"damage_taken":[{"damage":0,"enemies":"Jaw Worm","floor":1,"turns":6},{"damage":0,"enemies":"2 Louse","floor":3,"turns":1},{"damage":12,"enemies":"Cultist","floor":4,"turns":5},{"damage":29,"enemies":"Lagavulin","floor":6,"turns":7},{"damage":15,"enemies":"Gremlin Nob","floor":8,"turns":4},{"damage":2,"enemies":"Blue Slaver","floor":11,"turns":3},{"damage":12,"enemies":"Exordium Wildlife","floor":12,"turns":2},{"damage":0,"enemies":"Large Slime","floor":13,"turns":4},{"damage":14,"enemies":"Exordium Thugs","floor":14,"turns":3},{"damage":22,"enemies":"Slime Boss","floor":16,"turns":5},{"damage":18,"enemies":"Shell Parasite","floor":18,"turns":3},{"damage":10,"enemies":"2 Thieves","floor":20,"turns":2},{"damage":33,"enemies":"Shelled Parasite and Fungi","floor":22,"turns":5},{"damage":10,"enemies":"Book of Stabbing","floor":23,"turns":7},{"damage":0,"enemies":"Sentry and Sphere","floor":28,"turns":3},{"damage":21,"enemies":"Chosen and Byrds","floor":30,"turns":5},{"damage":26,"enemies":"Snake Plant","floor":31,"turns":4},{"damage":29,"enemies":"Automaton","floor":33,"turns":6},{"damage":25,"enemies":"3 Darklings","floor":35,"turns":3},{"damage":21,"enemies":"3 Shapes","floor":36,"turns":1},{"damage":5,"enemies":"2 Orb Walkers","floor":38,"turns":2},{"damage":11,"enemies":"Maw","floor":41,"turns":4},{"damage":17,"enemies":"4 Shapes","floor":44,"turns":3},{"damage":28,"enemies":"Donu and Deca","floor":50,"turns":4}],"seed_played":"-7857280517685764702","potions_obtained":[{"floor":1,"key":"SpeedPotion"},{"floor":3,"key":"AttackPotion"},{"floor":6,"key":"GamblersBrew"},{"floor":11,"key":"EssenceOfSteel"},{"floor":18,"key":"SteroidPotion"},{"floor":20,"key":"EssenceOfSteel"},{"floor":28,"key":"Explosive Potion"},{"floor":31,"key":"Explosive Potion"},{"floor":33,"key":"PowerPotion"},{"floor":36,"key":"Explosive Potion"},{"floor":41,"key":"SneckoOil"},{"floor":44,"key":"Block Potion"}],"is_trial":false,"path_per_floor":["M","?","M","M","?","E","R","E","T","R","M","M","M","M","R","B",null,"M","?","M","T","M","E","?","$","T","?","M","R","M","M","R","B",null,"M","M","$","?","?","R","M","R","T","M","?","R","$","?","R","B",null],"character_chosen":"IRONCLAD","items_purchased":["Chemical X","Inflame","Apotheosis","Bandage Up","Thread and Needle"],"campfire_rested":5,"item_purchase_floors":[25,25,37,37,47],"current_hp_per_floor":[62,62,68,62,62,39,63,54,64,64,68,62,68,60,60,44,90,78,78,74,74,47,43,27,27,27,27,33,60,45,25,52,29,90,71,56,56,57,57,57,58,85,85,78,78,78,78,78,90,74],"gold":379,"neow_bonus":"REMOVE_TWO","is_prod":false,"is_daily":false,"chose_seed":false,"campfire_upgraded":3,"win_rate":0.0,"timestamp":1542570682,"path_taken":["M","?","M","M","?","E","R","E","T","R","?","M","M","M","R","BOSS","M","?","M","?","M","E","?","$","T","?","M","R","M","M","R","BOSS","M","M","$","?","?","R","M","R","T","?","?","R","$","?","R","BOSS"],"build_version":"2018-11-15","purchased_purges":2,"victory":true,"max_hp_per_floor":[80,80,80,80,80,80,80,80,90,90,90,90,90,90,90,90,90,90,90,90,90,90,90,90,90,90,90,90,90,90,90,90,90,90,90,90,90,90,90,90,90,90,90,90,90,90,90,90,90,90],"card_choices":[{"not_picked":["Reckless Charge","Hemokinesis"],"picked":"Whirlwind","floor":1},{"not_picked":["Shrug It Off","Thunderclap"],"picked":"Infernal Blade","floor":3},{"not_picked":["Sword Boomerang","Fire Breathing"],"picked":"Inflame","floor":4},{"not_picked":["Clash","Twin Strike"],"picked":"Pommel Strike","floor":6},{"not_picked":["Carnage","Rupture"],"picked":"Dual Wield","floor":8},{"not_picked":["Ghostly Armor","Shockwave"],"picked":"Inflame","floor":11},{"not_picked":["Bludgeon","Feel No Pain"],"picked":"Pommel Strike","floor":12},{"not_picked":["Bloodletting","Entrench"],"picked":"Ghostly Armor","floor":13},{"not_picked":["Twin Strike","Perfected Strike"],"picked":"Pummel","floor":14},{"not_picked":["Impervious","Feed"],"picked":"Brutality","floor":16},{"not_picked":["Twin Strike","Pommel Strike+1"],"picked":"Metallicize+1","floor":18},{"not_picked":["Thunderclap","True Grit"],"picked":"Warcry+1","floor":20},{"not_picked":["Cleave","Armaments+1"],"picked":"Metallicize","floor":22},{"not_picked":["Second Wind","Burning Pact"],"picked":"Fire Breathing","floor":23},{"not_picked":["Headbutt+1","Blood for Blood+1"],"picked":"Rupture","floor":28},{"not_picked":["Inflame+1","Corruption"],"picked":"Shrug It Off","floor":29},{"not_picked":["Intimidate+1","Headbutt","Thunderclap"],"picked":"SKIP","floor":30},{"not_picked":["Shockwave","Perfected Strike"],"picked":"Warcry+1","floor":31},{"not_picked":["Cleave","Clothesline+1"],"picked":"Heavy Blade","floor":32},{"not_picked":["Limit Break","Juggernaut"],"picked":"Offering","floor":33},{"not_picked":["Spot Weakness","Headbutt","Flex+1"],"picked":"SKIP","floor":35},{"not_picked":["Hemokinesis+1","Intimidate+1"],"picked":"Battle Trance+1","floor":36},{"not_picked":["Iron Wave","Inflame+1"],"picked":"Rupture","floor":38},{"not_picked":["Headbutt","Twin Strike","Clothesline"],"picked":"SKIP","floor":41},{"not_picked":["Iron Wave","Twin Strike"],"picked":"Shrug It Off","floor":42},{"not_picked":["Anger","Fire Breathing+1","Disarm"],"picked":"SKIP","floor":44}],"player_experience":4823,"relics_obtained":[{"floor":6,"key":"Kunai"},{"floor":8,"key":"Charon\u0027s Ashes"},{"floor":9,"key":"Pear"},{"floor":21,"key":"Dream Catcher"},{"floor":23,"key":"Pocketwatch"},{"floor":24,"key":"Nilry\u0027s Codex"},{"floor":26,"key":"Mercury Hourglass"},{"floor":38,"key":"Old Coin"},{"floor":43,"key":"Peace Pipe"}],"event_choices":[{"cards_removed":["Strike_R"],"damage_healed":0,"gold_gain":0,"player_choice":"Card Removal","damage_taken":0,"max_hp_gain":0,"max_hp_loss":0,"event_name":"The Cleric","floor":2,"gold_loss":50},{"cards_removed":["Strike_R"],"damage_healed":0,"gold_gain":0,"player_choice":"Purged","damage_taken":0,"max_hp_gain":0,"max_hp_loss":0,"event_name":"Purifier","floor":5,"gold_loss":0},{"damage_healed":0,"gold_gain":99,"player_choice":"Stole From Cult","damage_taken":0,"max_hp_gain":0,"max_hp_loss":0,"event_name":"Nest","floor":19,"gold_loss":0},{"damage_healed":0,"gold_gain":0,"player_choice":"Obtained Book","damage_taken":16,"max_hp_gain":0,"max_hp_loss":0,"event_name":"Cursed Tome","floor":24,"gold_loss":0},{"damage_healed":0,"gold_gain":0,"player_choice":"Gave Potion","damage_taken":0,"relics_obtained":["Bag of Preparation"],"max_hp_gain":0,"max_hp_loss":0,"event_name":"WeMeetAgain","floor":27,"gold_loss":0},{"damage_healed":0,"gold_gain":0,"player_choice":"Fight","damage_taken":0,"max_hp_gain":0,"max_hp_loss":0,"event_name":"Mysterious Sphere","floor":38,"gold_loss":0},{"cards_removed":["Strike_R"],"damage_healed":0,"gold_gain":0,"player_choice":"Purged","damage_taken":0,"max_hp_gain":0,"max_hp_loss":0,"event_name":"Purifier","floor":39,"gold_loss":0},{"cards_removed":["Defend_R"],"damage_healed":0,"gold_gain":0,"player_choice":"Removed Skill","damage_taken":0,"max_hp_gain":0,"max_hp_loss":0,"event_name":"Falling","floor":45,"gold_loss":0},{"damage_healed":0,"gold_gain":300,"player_choice":"Gold","damage_taken":0,"max_hp_gain":0,"max_hp_loss":0,"event_name":"Wheel of Change","floor":48,"gold_loss":0}],"is_beta":false,"boss_relics":[{"not_picked":["Fusion Hammer","Lizard Tail"],"picked":"Runic Dome"},{"not_picked":["Tiny House","Empty Cage"],"picked":"Cursed Key"}],"items_purged_floors":[25,47],"is_endless":false,"potions_floor_spawned":[1,3,6,11,18,20,28,31,33,36,41,44],"ascension_level":0}