{"gold_per_floor":[111,111,111,126,126,126,151,151,151,186,210,6,6,29,29,127,127,151,171,196,29,42,42,56,79,79,79,102,102,121,121],"floor_reached":31,"playtime":1446,"items_purged":[],"score":524,"play_id":"97b52ced-9e99-47c3-9e2c-51afc87b1181","local_time":"20190309155743","is_ascension_mode":true,"campfire_choices":[{"data":"Corpse Explosion","floor":6,"key":"SMITH"},{"floor":8,"key":"REST"},{"floor":13,"key":"REST"},{"data":"Malaise","floor":15,"key":"SMITH"},{"floor":23,"key":"REST"},{"floor":29,"key":"REST"}],"neow_cost":"NONE","seed_source_timestamp":211923654460019,"circlet_count":0,"master_deck":["AscendersBane","Defend_G","Defend_G","Defend_G","Defend_G","Defend_G","Strike_G","Strike_G","Strike_G","Strike_G","Strike_G","Survivor","Neutralize","Corpse Explosion+1","Quick Slash","Backflip","Malaise+1","Dagger Spray","PiercingWail","Die Die Die","Footwork","Cloak And Dagger","Prepared","After Image","Dodge and Roll","Cloak And Dagger","PiercingWail","Infinite Blades"],"relics":["Ring of the Snake","Bloody Idol","Ancient Tea Set","Question Card","Art of War","Boot","Orrery","Vajra","Bronze Scales","PreservedInsect"],"potions_floor_usage":[10,20,20,30,30],"damage_taken":[{"damage":4,"enemies":"Cultist","floor":1,"turns":4},{"damage":2,"enemies":"Jaw Worm","floor":4,"turns":5},{"damage":7,"enemies":"Small Slimes","floor":7,"turns":2},{"damage":32,"enemies":"Gremlin Nob","floor":10,"turns":4},{"damage":0,"enemies":"Blue Slaver","floor":14,"turns":4},{"damage":5,"enemies":"The Guardian","floor":16,"turns":12},{"damage":14,"enemies":"Chosen","floor":18,"turns":6},{"damage":0,"enemies":"3 Byrds","floor":19,"turns":2},{"damage":24,"enemies":"Centurion and Healer","floor":20,"turns":13},{"damage":0,"enemies":"3 Cultists","floor":22,"turns":3},{"damage":14,"enemies":"Sentry and Sphere","floor":24,"turns":9},{"damage":14,"enemies":"Snecko","floor":25,"turns":8},{"damage":33,"enemies":"Cultist and Chosen","floor":30,"turns":9},{"damage":20,"enemies":"3 Cultists","floor":31,"turns":3}],"seed_played":"-8903906183041738287","potions_obtained":[{"floor":7,"key":"Explosive Potion"},{"floor":10,"key":"SteroidPotion"},{"floor":16,"key":"Explosive Potion"},{"floor":20,"key":"SkillPotion"},{"floor":22,"key":"SkillPotion"},{"floor":25,"key":"Regen Potion"}],"is_trial":false,"path_per_floor":["M","?","?","M","?","R","M","R","T","E","T","$","R","M","R","B",null,"M","M","M","$","M","R","M","M","T","?","T","R","M","M"],"character_chosen":"THE_SILENT","items_purchased":["Malaise","Dagger Spray","Vajra"],"campfire_rested":4,"item_purchase_floors":[12,12,21],"current_hp_per_floor":[55,55,55,53,35,35,28,46,46,14,14,14,32,32,32,27,52,38,38,14,14,14,32,18,4,4,4,9,27,14,0],"gold":121,"neow_bonus":"ONE_RANDOM_RARE_CARD","is_prod":false,"is_daily":false,"chose_seed":false,"campfire_upgraded":2,"win_rate":0,"timestamp":1552114663,"path_taken":["M","?","?","?","?","R","M","R","T","E","?","?","R","M","R","BOSS","M","?","M","$","M","R","M","M","T","?","?","R","M","M"],"build_version":"2019-01-23","purchased_purges":0,"victory":false,"max_hp_per_floor":[66,60,60,60,60,60,60,60,60,60,60,60,60,60,60,60,60,60,60,60,60,60,60,60,60,60,60,60,60,60,60],"card_choices":[{"not_picked":["Underhanded Strike","Dodge and Roll"],"picked":"Quick Slash","floor":1},{"not_picked":["Setup","Masterful Stab","Acrobatics"],"picked":"SKIP","floor":4},{"not_picked":["Quick Slash","Outmaneuver","Expertise"],"picked":"SKIP","floor":7},{"not_picked":["Bane","Underhanded Strike","Dagger Throw"],"picked":"Backflip","floor":10},{"not_picked":["Sucker Punch","Underhanded Strike","Expertise"],"picked":"PiercingWail","floor":14},{"not_picked":["Bullet Time","Unload","Venomology"],"picked":"Die Die Die","floor":16},{"not_picked":["Dodge and Roll","Flying Knee","Poisoned Stab"],"picked":"Footwork","floor":17},{"not_picked":["Acrobatics","Bouncing Flask","Dodge and Roll"],"picked":"Cloak And Dagger","floor":17},{"not_picked":["Dagger Spray","Outmaneuver","Bullet Time"],"picked":"Prepared","floor":17},{"not_picked":["PiercingWail+1","Bane+1","Prepared"],"picked":"After Image","floor":18},{"not_picked":["Sucker Punch","Dagger Throw","Prepared"],"picked":"Dodge and Roll","floor":19},{"not_picked":["Acrobatics","Poisoned Stab","Bane"],"picked":"Cloak And Dagger","floor":20},{"not_picked":["Endless Agony","Phantasmal Killer","Bouncing Flask"],"picked":"PiercingWail","floor":22},{"not_picked":["Eviscerate","Prepared","Cloak And Dagger"],"picked":"Infinite Blades","floor":24},{"not_picked":["Acrobatics","Concentrate","Eviscerate","Quick Slash+1"],"picked":"SKIP","floor":25},{"not_picked":["Expertise","Prepared","Setup","Dagger Throw"],"picked":"SKIP","floor":30}],"player_experience":658968,"relics_obtained":[{"floor":9,"key":"Question Card"},{"floor":10,"key":"Art of War"},{"floor":11,"key":"Boot"},{"floor":26,"key":"Bronze Scales"},{"floor":28,"key":"PreservedInsect"}],"event_choices":[{"damage_healed":0,"gold_gain":0,"player_choice":"Lose Max HP","damage_taken":0,"relics_obtained":["Golden Idol"],"max_hp_gain":0,"max_hp_loss":6,"event_name":"Golden Idol","floor":2,"gold_loss":0},{"damage_healed":0,"gold_gain":0,"player_choice":"0 cards matched","damage_taken":0,"max_hp_gain":0,"max_hp_loss":0,"event_name":"Match and Keep!","floor":3,"gold_loss":0,"cards_obtained":[]},{"damage_healed":0,"gold_gain":0,"player_choice":"Success","damage_taken":18,"relics_obtained":["Ancient Tea Set"],"max_hp_gain":0,"max_hp_loss":0,"event_name":"Scrap Ooze","floor":5,"gold_loss":0},{"damage_healed":0,"gold_gain":0,"player_choice":"Gave Idol","damage_taken":0,"relics_obtained":["Bloody Idol"],"max_hp_gain":0,"max_hp_loss":0,"event_name":"Forgotten Altar","floor":27,"relics_lost":["Golden Idol"],"gold_loss":0}],"is_beta":false,"boss_relics":[{"not_picked":["HoveringKite","Calling Bell"],"picked":"Orrery"}],"items_purged_floors":[],"is_endless":false,"potions_floor_spawned":[7,10,16,20,22,25],"killed_by":"3 Cultists","ascension_level":20}