{"gold_per_floor":[317,15,15,15,31,62,62,82,163,163,117,144,144,144,144,218,218,228,242,256,256,16,16,28,53,53,53,53,53,71,35,35,113,113,132,0,13,64,64,64,64],"floor_reached":41,"playtime":2651,"items_purged":["Strike_G"],"score":880,"play_id":"5d41d5ee-95f7-4aa2-91d6-be1dd04c2b4c","local_time":"20190422232015","is_ascension_mode":true,"campfire_choices":[{"data":"All Out Attack","floor":7,"key":"SMITH"},{"floor":10,"key":"REST"},{"data":"Well Laid Plans","floor":15,"key":"SMITH"},{"floor":23,"key":"REST"},{"data":"Bouncing Flask","floor":27,"key":"SMITH"},{"data":"Footwork","floor":29,"key":"SMITH"},{"floor":32,"key":"REST"},{"floor":40,"key":"REST"}],"neow_cost":"NO_GOLD","seed_source_timestamp":311333860574411,"circlet_count":0,"master_deck":["AscendersBane","Defend_G","Defend_G","Defend_G","Defend_G","Defend_G","Strike_G","Strike_G","Strike_G","Survivor","Riddle With Holes","Well Laid Plans+1","Master of Strategy","Sucker Punch","All Out Attack+1","Bouncing Flask+1","Footwork+1","Adrenaline","PiercingWail","Dagger Spray+1","Footwork+1","Backflip","Deflect","Backflip","Poisoned Stab","Crippling Poison","Malaise","Catalyst","PiercingWail","Caltrops+1"],"relics":["Ring of the Snake","Old Coin","Orichalcum","Mercury Hourglass","Velvet Choker","Nilry\u0027s Codex","Dodecahedron","Tingsha","Snecko Eye","Red Mask","Peace Pipe"],"potions_floor_usage":[6,25,33,37],"damage_taken":[{"damage":7,"enemies":"2 Louse","floor":1,"turns":5},{"damage":0,"enemies":"Small Slimes","floor":5,"turns":4},{"damage":34,"enemies":"Gremlin Nob","floor":6,"turns":4},{"damage":0,"enemies":"Cultist","floor":8,"turns":3},{"damage":16,"enemies":"3 Sentries","floor":12,"turns":4},{"damage":4,"enemies":"The Guardian","floor":16,"turns":13},{"damage":1,"enemies":"Chosen","floor":18,"turns":5},{"damage":0,"enemies":"3 Byrds","floor":19,"turns":4},{"damage":0,"enemies":"3 Cultists","floor":20,"turns":4},{"damage":13,"enemies":"Centurion and Healer","floor":24,"turns":6},{"damage":0,"enemies":"Book of Stabbing","floor":25,"turns":8},{"damage":0,"enemies":"Snake Plant","floor":30,"turns":6},{"damage":13,"enemies":"Automaton","floor":33,"turns":10},{"damage":10,"enemies":"Orb Walker","floor":35,"turns":6},{"damage":1,"enemies":"3 Shapes","floor":37,"turns":5},{"damage":48,"enemies":"2 Orb Walkers","floor":38,"turns":7},{"damage":25,"enemies":"Nemesis","floor":41,"turns":2}],"seed_played":"9086958522153711423","potions_obtained":[{"floor":5,"key":"Strength Potion"},{"floor":6,"key":"GamblersBrew"},{"floor":8,"key":"Ancient Potion"},{"floor":25,"key":"Poison Potion"},{"floor":33,"key":"Fire Potion"}],"is_trial":false,"path_per_floor":["M","$","?","?","M","E","R","M","T","R","?","E","?","?","R","B",null,"M","M","M","?","$","R","M","E","T","R","?","R","M","$","R","B",null,"M","?","M","?","?","R","E"],"character_chosen":"THE_SILENT","items_purchased":["Well Laid Plans","Master of Strategy","Footwork","Backflip","Deflect","Crippling Poison"],"campfire_rested":4,"item_purchase_floors":[2,2,22,22,22,31],"current_hp_per_floor":[52,52,52,45,45,11,11,11,11,30,30,14,14,14,14,10,52,51,51,51,30,30,49,36,36,36,36,36,36,36,36,55,42,60,50,50,49,1,1,20,0],"gold":64,"neow_bonus":"ONE_RARE_RELIC","is_prod":false,"is_daily":false,"chose_seed":false,"campfire_upgraded":4,"win_rate":0,"timestamp":1555942815,"path_taken":["M","$","?","?","M","E","R","M","T","R","?","E","?","?","R","BOSS","M","M","M","?","$","R","M","E","T","R","?","R","M","?","R","BOSS","M","?","M","?","?","R","E"],"build_version":"2019-01-23","purchased_purges":1,"victory":false,"max_hp_per_floor":[66,66,66,66,66,66,66,66,66,66,66,66,66,66,66,66,66,66,66,66,66,66,66,66,66,66,66,66,66,66,66,66,66,66,66,66,66,66,66,66,66],"card_choices":[{"not_picked":["Slice","Acrobatics"],"picked":"Riddle With Holes","floor":1},{"not_picked":["Eviscerate","Outmaneuver"],"picked":"Sucker Punch","floor":5},{"not_picked":["Bouncing Flask","Accuracy"],"picked":"All Out Attack","floor":6},{"not_picked":["Accuracy","Riddle With Holes"],"picked":"Bouncing Flask","floor":8},{"not_picked":["Flechettes","Dodge and Roll"],"picked":"Footwork","floor":12},{"not_picked":["Bullet Time","Burst"],"picked":"Adrenaline","floor":16},{"not_picked":["Cloak And Dagger","Blade Dance+1"],"picked":"PiercingWail","floor":18},{"not_picked":["Blade Dance","Cloak And Dagger"],"picked":"Dagger Spray+1","floor":19},{"not_picked":["Acrobatics","Underhanded Strike","Slice"],"picked":"SKIP","floor":20},{"not_picked":["Quick Slash","Well Laid Plans"],"picked":"Backflip","floor":24},{"not_picked":["Prepared","Well Laid Plans"],"picked":"Poisoned Stab","floor":25},{"not_picked":["Cloak And Dagger","Sucker Punch+1","Outmaneuver"],"picked":"SKIP","floor":30},{"not_picked":["Storm of Steel","Burst"],"picked":"Malaise","floor":33},{"not_picked":["Reflex","Blade Dance"],"picked":"Catalyst","floor":35},{"not_picked":["Backstab","Dagger Spray"],"picked":"PiercingWail","floor":37},{"not_picked":["Poisoned Stab","Sucker Punch"],"picked":"Caltrops+1","floor":38}],"player_experience":1050455,"relics_obtained":[{"floor":6,"key":"Orichalcum"},{"floor":9,"key":"Mercury Hourglass"},{"floor":21,"key":"Nilry\u0027s Codex"},{"floor":25,"key":"Dodecahedron"},{"floor":26,"key":"Tingsha"},{"floor":38,"key":"Peace Pipe"}],"event_choices":[{"damage_healed":0,"gold_gain":0,"player_choice":"Fled","damage_taken":0,"max_hp_gain":0,"max_hp_loss":0,"event_name":"Scrap Ooze","floor":3,"gold_loss":0},{"cards_removed":["Strike_G"],"damage_healed":0,"gold_gain":0,"player_choice":"Card Removal","damage_taken":7,"max_hp_gain":0,"max_hp_loss":0,"event_name":"Golden Wing","floor":4,"gold_loss":0},{"damage_healed":0,"gold_gain":0,"player_choice":"Left Gold","damage_taken":0,"max_hp_gain":0,"max_hp_loss":0,"event_name":"World of Goop","floor":11,"gold_loss":46},{"damage_healed":0,"gold_gain":0,"player_choice":"Grow","damage_taken":0,"max_hp_gain":0,"max_hp_loss":0,"event_name":"Living Wall","floor":13,"gold_loss":0,"cards_upgraded":["Footwork"]},{"damage_healed":0,"gold_gain":0,"player_choice":"Forge","damage_taken":0,"max_hp_gain":0,"max_hp_loss":0,"event_name":"Accursed Blacksmith","floor":14,"gold_loss":0,"cards_upgraded":["Neutralize"]},{"damage_healed":0,"gold_gain":0,"player_choice":"Obtained Book","damage_taken":21,"max_hp_gain":0,"max_hp_loss":0,"event_name":"Cursed Tome","floor":21,"gold_loss":0},{"damage_healed":0,"gold_gain":0,"player_choice":"Ignored","damage_taken":0,"max_hp_gain":0,"max_hp_loss":0,"event_name":"Vampires","floor":28,"gold_loss":0},{"damage_healed":0,"gold_gain":0,"player_choice":"Paid","damage_taken":0,"relics_obtained":["Red Mask"],"max_hp_gain":0,"max_hp_loss":0,"event_name":"Tomb of Lord Red Mask","floor":36,"gold_loss":132},{"damage_healed":0,"gold_gain":0,"player_choice":"Fight","damage_taken":0,"max_hp_gain":0,"max_hp_loss":0,"event_name":"Mysterious Sphere","floor":38,"gold_loss":0},{"cards_removed":["Neutralize"],"damage_healed":0,"gold_gain":0,"player_choice":"Removed Attack","damage_taken":0,"max_hp_gain":0,"max_hp_loss":0,"event_name":"Falling","floor":39,"gold_loss":0}],"is_beta":false,"boss_relics":[{"not_picked":["Pandora\u0027s Box","Tiny House"],"picked":"Velvet Choker"},{"not_picked":["Ring of the Serpent","Orrery"],"picked":"Snecko Eye"}],"items_purged_floors":[22],"is_endless":false,"potions_floor_spawned":[5,6,8,19,20,25,33],"killed_by":"Nemesis","ascension_level":20}