{"gold_per_floor":[117,132,132,151,161,161,86,86,86,86,86,119,129,29,29,125,125,143,162,177,197,215,247,122,133,133,145,164,14,33,33,33,33],"floor_reached":33,"playtime":1528,"items_purged":["Strike_R","Strike_R","Defend_R","Defend_R"],"score":273,"play_id":"7ad2630f-adf1-46cb-93e4-b2ea52b72bd8","local_time":"20181212104029","is_ascension_mode":false,"campfire_choices":[{"data":"Searing Blow","floor":6,"key":"SMITH"},{"data":"Searing Blow+1","floor":8,"key":"SMITH"},{"data":"Searing Blow+2","floor":11,"key":"SMITH"},{"data":"Searing Blow+3","floor":15,"key":"SMITH"},{"data":"Searing Blow+4","floor":32,"key":"SMITH"}],"neow_cost":"NONE","seed_source_timestamp":1156367185688525,"circlet_count":0,"master_deck":["Strike_R","Strike_R","Defend_R","Defend_R","Bash","Infernal Blade","Shrug It Off","Searing Blow+5","Armaments+1"],"relics":["Burning Blood","NeowsBlessing","Molten Egg 2","Mango","Lizard Tail","Blood Vial","Pantograph"],"potions_floor_usage":[19,20,20,21,22,28,33],"damage_taken":[{"damage":0,"enemies":"Cultist","floor":1,"turns":1},{"damage":0,"enemies":"Small Slimes","floor":2,"turns":1},{"damage":0,"enemies":"Jaw Worm","floor":4,"turns":1},{"damage":11,"enemies":"Blue Slaver","floor":5,"turns":5},{"damage":36,"enemies":"Lagavulin","floor":12,"turns":6},{"damage":3,"enemies":"2 Fungi Beasts","floor":13,"turns":4},{"damage":42,"enemies":"The Guardian","floor":16,"turns":9},{"damage":2,"enemies":"Chosen","floor":18,"turns":4},{"damage":21,"enemies":"3 Byrds","floor":19,"turns":6},{"damage":24,"enemies":"Cultist and Chosen","floor":20,"turns":8},{"damage":13,"enemies":"Snake Plant","floor":21,"turns":4},{"damage":37,"enemies":"Shelled Parasite and Fungi","floor":22,"turns":7},{"damage":59,"enemies":"Book of Stabbing","floor":23,"turns":7},{"damage":18,"enemies":"Cultist and Chosen","floor":25,"turns":6},{"damage":19,"enemies":"Centurion and Healer","floor":27,"turns":8},{"damage":16,"enemies":"3 Cultists","floor":28,"turns":5},{"damage":0,"enemies":"Snecko","floor":30,"turns":3},{"damage":64,"enemies":"Champ","floor":33,"turns":9}],"seed_played":"-7341855713452637168","potions_obtained":[{"floor":2,"key":"SkillPotion"},{"floor":4,"key":"Regen Potion"},{"floor":12,"key":"AttackPotion"},{"floor":19,"key":"Regen Potion"},{"floor":20,"key":"Poison Potion"},{"floor":23,"key":"Fire Potion"},{"floor":30,"key":"Fire Potion"}],"is_trial":false,"path_per_floor":["M","M","T","M","M","R","$","R","T","?","R","E","M","$","R","B",null,"M","M","M","M","M","E","$","M","T","M","M","$","M","$","R","B"],"character_chosen":"IRONCLAD","items_purchased":[],"campfire_rested":0,"item_purchase_floors":[],"current_hp_per_floor":[80,80,80,80,75,75,75,75,75,75,75,59,62,62,62,26,94,94,79,76,69,52,47,47,37,37,26,18,18,26,26,26,0],"gold":33,"neow_bonus":"THREE_ENEMY_KILL","is_prod":false,"is_daily":false,"chose_seed":false,"campfire_upgraded":5,"win_rate":0,"timestamp":1544578829,"path_taken":["M","M","?","M","?","R","$","R","T","?","R","E","M","$","R","BOSS","M","M","?","M","M","E","$","M","T","M","M","$","M","$","R","BOSS"],"build_version":"2018-12-06","purchased_purges":4,"victory":false,"max_hp_per_floor":[80,80,80,80,80,80,80,80,80,80,80,94,94,94,94,94,94,94,94,94,94,94,94,94,94,94,94,94,94,94,94,94,94],"card_choices":[{"not_picked":["Clash","Headbutt"],"picked":"Infernal Blade","floor":1},{"not_picked":["True Grit","Perfected Strike","Second Wind"],"picked":"SKIP","floor":2},{"not_picked":["Second Wind","True Grit"],"picked":"Shrug It Off","floor":4},{"not_picked":["Warcry","True Grit"],"picked":"Searing Blow","floor":5},{"not_picked":["Shrug It Off","Body Slam+1","Twin Strike+1"],"picked":"SKIP","floor":12},{"not_picked":["Pommel Strike+1","Infernal Blade","Wild Strike+1"],"picked":"SKIP","floor":13},{"not_picked":["Blood for Blood+1","Anger+1"],"picked":"Armaments+1","floor":18},{"not_picked":["Blood for Blood+1","Sword Boomerang+1","Perfected Strike+1"],"picked":"SKIP","floor":19},{"not_picked":["Havoc","Armaments","True Grit"],"picked":"SKIP","floor":20},{"not_picked":["Iron Wave+1","Flame Barrier","Entrench"],"picked":"SKIP","floor":21},{"not_picked":["Wild Strike+1","Shrug It Off","Havoc"],"picked":"SKIP","floor":22},{"not_picked":["Reckless Charge+1","Wild Strike+1","Fire Breathing+1"],"picked":"SKIP","floor":23},{"not_picked":["Pommel Strike+1","Perfected Strike+1","Fire Breathing"],"picked":"SKIP","floor":25},{"not_picked":["Flex","Bludgeon+1","Pommel Strike+1"],"picked":"SKIP","floor":27},{"not_picked":["Wild Strike+1","Armaments+1","Thunderclap+1"],"picked":"SKIP","floor":28},{"not_picked":["Heavy Blade+1","Burning Pact","Headbutt+1"],"picked":"SKIP","floor":30}],"player_experience":156693,"relics_obtained":[{"floor":9,"key":"Molten Egg 2"},{"floor":12,"key":"Mango"},{"floor":23,"key":"Blood Vial"},{"floor":26,"key":"Pantograph"}],"event_choices":[{"cards_removed":["Strike_R"],"damage_healed":0,"gold_gain":0,"player_choice":"Purged","damage_taken":0,"max_hp_gain":0,"max_hp_loss":0,"event_name":"Purifier","floor":10,"gold_loss":0}],"is_beta":false,"boss_relics":[{"not_picked":["Mark of Pain","Cursed Key"],"picked":"Lizard Tail"}],"items_purged_floors":[7,14,24,29],"is_endless":false,"potions_floor_spawned":[2,4,12,16,19,20,23,30],"killed_by":"Champ","ascension_level":0}