{"gold_per_floor":[119,194,26,46,46,78,98,132,179,197,197,197,222,222,222,300,300,315,328,328,344,97,97,77,90,117,34,45,45,97,97,97,97],"floor_reached":33,"playtime":1043,"items_purged":["Strike_R"],"score":562,"play_id":"a729eb85-669c-42c2-96e5-52771cad0a21","local_time":"20190320230211","is_ascension_mode":true,"campfire_choices":[{"data":"Pummel","floor":11.0,"key":"SMITH"},{"data":"Flame Barrier","floor":15.0,"key":"SMITH"},{"data":"Whirlwind","floor":23.0,"key":"SMITH"},{"data":"Metallicize","floor":32.0,"key":"SMITH"}],"neow_cost":"NONE","seed_source_timestamp":610260675977600,"circlet_count":0,"master_deck":["AscendersBane","Strike_R","Strike_R+1","Strike_R+1","Defend_R","Defend_R","Defend_R","Defend_R","Bash","Shrug It Off","Pummel+1","Shrug It Off","Whirlwind+1","Flame Barrier+1","Reaper","Shrug It Off+1","Warcry","Metallicize","Thunderclap","Metallicize+1","Flame Barrier","Pummel"],"special_seed":0,"relics":["Burning Blood","NeowsBlessing","Red Skull","Sundial","Whetstone","Ice Cream","Juzu Bracelet","Mercury Hourglass","Empty Cage","MutagenicStrength","Lantern","Potion Belt","Anchor"],"potions_floor_usage":[33,33],"damage_taken":[{"damage":0.0,"enemies":"Small Slimes","floor":1.0,"turns":2.0},{"damage":0.0,"enemies":"Cultist","floor":4.0,"turns":1.0},{"damage":0.0,"enemies":"3 Sentries","floor":6.0,"turns":2.0},{"damage":4.0,"enemies":"2 Louse","floor":7.0,"turns":4.0},{"damage":19.0,"enemies":"Lagavulin","floor":8.0,"turns":8.0},{"damage":17.0,"enemies":"Exordium Thugs","floor":10.0,"turns":6.0},{"damage":15.0,"enemies":"Gremlin Nob","floor":13.0,"turns":4.0},{"damage":26.0,"enemies":"Slime Boss","floor":16.0,"turns":9.0},{"damage":22.0,"enemies":"Shell Parasite","floor":18.0,"turns":9.0},{"damage":21.0,"enemies":"Spheric Guardian","floor":19.0,"turns":8.0},{"damage":37.0,"enemies":"Cultist and Chosen","floor":21.0,"turns":7.0},{"damage":7.0,"enemies":"Centurion and Healer","floor":25.0,"turns":8.0},{"damage":12.0,"enemies":"Sentry and Sphere","floor":28.0,"turns":10.0},{"damage":66,"enemies":"Collector","floor":33,"turns":7}],"seed_played":"3695543388407944888","potions_obtained":[{"floor":1.0,"key":"SteroidPotion"},{"floor":6.0,"key":"Weak Potion"},{"floor":8.0,"key":"Weak Potion"},{"floor":12.0,"key":"LiquidBronze"},{"floor":13.0,"key":"SkillPotion"},{"floor":24.0,"key":"Swift Potion"},{"floor":25.0,"key":"SteroidPotion"}],"is_trial":false,"path_per_floor":["M","?","$","M","?","E","M","E","T","M","R","?","E","?","R","B",null,"M","M","?","M","$","R","?","M","T","$","M","?","T","$","R","B"],"character_chosen":"IRONCLAD","items_purchased":["Red Skull","Lantern","Metallicize"],"campfire_rested":0,"item_purchase_floors":[3,22,27],"current_hp_per_floor":[74,63,63,69,69,75,75,62,62,51,51,51,42,60,60,40,64,48,33,33,22,22,22,22,38,38,38,32,32,32,32,32,0],"gold":97,"neow_bonus":"THREE_ENEMY_KILL","is_prod":false,"is_daily":false,"chose_seed":false,"campfire_upgraded":4,"win_rate":0,"timestamp":1553119331,"path_taken":["M","?","$","M","?","E","M","E","T","M","R","?","E","?","R","BOSS","M","M","?","M","?","R","?","M","T","$","M","?","?","?","R","BOSS"],"build_version":"2019-01-23","purchased_purges":1,"victory":false,"max_hp_per_floor":[75,75,75,75,75,75,75,75,75,75,75,75,75,75,75,75,72,72,72,72,72,72,72,72,72,72,72,72,72,72,72,72,72],"card_choices":[{"not_picked":["Pummel","Warcry"],"picked":"Shrug It Off","floor":1.0},{"not_picked":["Entrench","Second Wind"],"picked":"Sentinel","floor":4.0},{"not_picked":["Twin Strike","Wild Strike"],"picked":"Pummel","floor":6.0},{"not_picked":["Armaments","Clash"],"picked":"Shrug It Off","floor":7.0},{"not_picked":["Sentinel","Thunderclap"],"picked":"Whirlwind","floor":8.0},{"not_picked":["Headbutt","Warcry"],"picked":"Flame Barrier","floor":10.0},{"not_picked":["Combust","Dark Embrace","Heavy Blade"],"picked":"SKIP","floor":13.0},{"not_picked":["Impervious","Fiend Fire"],"picked":"Reaper","floor":16.0},{"not_picked":["Wild Strike+1","Perfected Strike"],"picked":"Shrug It Off+1","floor":18.0},{"not_picked":["Pommel Strike","Anger"],"picked":"Warcry","floor":19.0},{"not_picked":["Hemokinesis","Sentinel"],"picked":"Metallicize","floor":21.0},{"not_picked":["Searing Blow","Sword Boomerang"],"picked":"Thunderclap","floor":25.0},{"not_picked":["Pummel","Sword Boomerang"],"picked":"Flame Barrier","floor":28.0}],"player_experience":495554,"relics_obtained":[{"floor":6.0,"key":"Whetstone"},{"floor":8.0,"key":"Ice Cream"},{"floor":9.0,"key":"Juzu Bracelet"},{"floor":13.0,"key":"Mercury Hourglass"},{"floor":26.0,"key":"Potion Belt"},{"floor":30.0,"key":"Anchor"}],"event_choices":[{"damage_healed":0.0,"max_hp_gain":0.0,"max_hp_loss":0.0,"gold_gain":75.0,"event_name":"World of Goop","player_choice":"Gather Gold","floor":2.0,"gold_loss":0.0,"damage_taken":11.0},{"cards_removed":["Sentinel"],"damage_healed":0.0,"max_hp_gain":0.0,"max_hp_loss":0.0,"gold_gain":0.0,"event_name":"WeMeetAgain","player_choice":"Gave Card","floor":5.0,"gold_loss":0.0,"damage_taken":0.0,"relics_obtained":["Sundial"]},{"damage_healed":0.0,"max_hp_gain":0.0,"max_hp_loss":0.0,"gold_gain":0.0,"event_name":"Lab","player_choice":"Got Potions","floor":12.0,"gold_loss":0.0,"damage_taken":0.0},{"damage_healed":18.0,"max_hp_gain":0.0,"max_hp_loss":0.0,"gold_gain":0.0,"event_name":"Mushrooms","player_choice":"Healed and dodged fight","floor":14.0,"gold_loss":0.0,"damage_taken":0.0,"cards_obtained":["Parasite"]},{"damage_healed":0.0,"max_hp_gain":0.0,"max_hp_loss":0.0,"gold_gain":0.0,"event_name":"Drug Dealer","player_choice":"Inject Mutagens","floor":20.0,"gold_loss":0.0,"damage_taken":0.0,"relics_obtained":["MutagenicStrength"]},{"damage_healed":0.0,"max_hp_gain":0.0,"max_hp_loss":0.0,"gold_gain":0.0,"event_name":"The Woman in Blue","player_choice":"Bought 1 Potion","floor":24.0,"gold_loss":0.0,"damage_taken":0.0},{"damage_healed":0.0,"max_hp_gain":0.0,"max_hp_loss":0.0,"gold_gain":0.0,"event_name":"Match and Keep!","player_choice":"1 cards matched","floor":29.0,"gold_loss":0.0,"damage_taken":0.0,"cards_obtained":["Pummel"]}],"is_beta":false,"boss_relics":[{"not_picked":["Ectoplasm","White Beast Statue"],"picked":"Empty Cage"}],"items_purged_floors":[22],"is_endless":false,"potions_floor_spawned":[1,6,8,13,18,25],"killed_by":"Collector","ascension_level":19}