{"gold_per_floor":[11,11,34,50,50,81,81,99,99,99,99],"floor_reached":11,"playtime":275,"items_purged":[],"score":146,"play_id":"48b7e807-11d7-4351-b247-0cddd2ac2ee4","local_time":"20190329215821","is_ascension_mode":true,"campfire_choices":[{"floor":7,"key":"REST"}],"neow_cost":"NO_GOLD","seed_source_timestamp":2535828143094,"circlet_count":0,"master_deck":["AscendersBane","Strike_B","Strike_B","Strike_B","Strike_B","Defend_B","Defend_B","Defend_B","Defend_B","Zap","Dualcast","Static Discharge","Coolheaded","Multi-Cast","Static Discharge","Conserve Battery"],"relics":["Cracked Core","Golden Idol","Cables","Blue Candle"],"potions_floor_usage":[6,11],"damage_taken":[{"damage":9,"enemies":"Jaw Worm","floor":1,"turns":4},{"damage":13,"enemies":"Small Slimes","floor":3,"turns":3},{"damage":1,"enemies":"Cultist","floor":4,"turns":3},{"damage":53,"enemies":"Gremlin Nob","floor":6,"turns":5},{"damage":12,"enemies":"2 Fungi Beasts","floor":8,"turns":3},{"damage":36,"enemies":"Gremlin Nob","floor":11,"turns":3}],"seed_played":"-3681490347376641373","potions_obtained":[{"floor":1,"key":"Weak Potion"},{"floor":8,"key":"Poison Potion"}],"is_trial":false,"path_per_floor":["M","?","M","M","$","E","R","M","T","?","?"],"character_chosen":"DEFECT","items_purchased":[],"campfire_rested":1,"item_purchase_floors":[],"current_hp_per_floor":[69,69,56,55,55,2,25,13,13,13,0],"gold":99,"neow_bonus":"TWENTY_PERCENT_HP_BONUS","is_prod":false,"is_daily":false,"chose_seed":false,"campfire_upgraded":0,"win_rate":0,"timestamp":1553914701,"path_taken":["M","?","M","M","$","E","R","M","T","?","?"],"build_version":"2019-01-23","purchased_purges":0,"victory":false,"max_hp_per_floor":[85,77,77,77,77,77,77,77,77,77,77],"card_choices":[{"not_picked":["Heatsinks","Beam Cell"],"picked":"Static Discharge","floor":1},{"not_picked":["Hologram","Static Discharge"],"picked":"Coolheaded","floor":3},{"not_picked":["Undo","Sweeping Beam"],"picked":"Multi-Cast","floor":4},{"not_picked":["Redo","Heatsinks"],"picked":"Static Discharge","floor":6},{"not_picked":["Compile Driver","Turbo"],"picked":"Conserve Battery","floor":8}],"player_experience":1192882,"relics_obtained":[{"floor":6,"key":"Cables"},{"floor":9,"key":"Blue Candle"}],"event_choices":[{"damage_healed":0,"gold_gain":0,"player_choice":"Lose Max HP","damage_taken":0,"relics_obtained":["Golden Idol"],"max_hp_gain":0,"max_hp_loss":8,"event_name":"Golden Idol","floor":2,"gold_loss":0},{"damage_healed":0,"gold_gain":0,"player_choice":"Ignored","damage_taken":0,"max_hp_gain":0,"max_hp_loss":0,"event_name":"Shining Light","floor":10,"gold_loss":0},{"damage_healed":0,"gold_gain":0,"player_choice":"Searched \u00271\u0027 times","damage_taken":0,"max_hp_gain":0,"max_hp_loss":0,"event_name":"Dead Adventurer","floor":11,"gold_loss":0}],"is_beta":false,"boss_relics":[],"items_purged_floors":[],"is_endless":false,"potions_floor_spawned":[1,8],"killed_by":"Gremlin Nob","ascension_level":20}