{"gold_per_floor":[115,128,30,45,45,74,88,121,121,91,120,45,70,89,89,184,184,200,56,56,56,56,84,84,116,116,129,29,45,45,57,57,161,161,180,232,248,248,263,263,292,311,365,385,397,397,430,442,442,442,442,442,6,6],"floor_reached":54,"playtime":3998,"items_purged":["Strike_R","Strike_R+1"],"score":1076,"play_id":"5b6b9da9-4c31-4a77-8c48-96e6eee254e4","local_time":"20190427215649","is_ascension_mode":true,"campfire_choices":[{"data":"Armaments","floor":15,"key":"SMITH"},{"floor":24,"key":"REST"},{"floor":30,"key":"REST"},{"data":"Limit Break","floor":32,"key":"SMITH"},{"floor":40,"key":"REST"},{"floor":46,"key":"REST"},{"floor":49,"key":"RECALL"},{"floor":52,"key":"REST"}],"neow_cost":"PERCENT_DAMAGE","seed_source_timestamp":604069986277898,"circlet_count":0,"master_deck":["Strike_R+1","Strike_R+1","Strike_R+1","Defend_R+1","Defend_R+1","Defend_R+1","Defend_R+1","Bash","Demon Form","Perfected Strike","Wild Strike","Shrug It Off","Pommel Strike","Perfected Strike","Armaments+1","Sword Boomerang","Ghostly Armor","Limit Break+1","Evolve","Demon Form","Pommel Strike","Clothesline","Warcry+1","Inflame","Shrug It Off+1","Shrug It Off","Power Through+1","True Grit+1","Ghostly Armor"],"relics":["Burning Blood","Lantern","Gambling Chip","Ginger","StoneCalendar","Pantograph","Velvet Choker","Orichalcum","Gremlin Horn","Mummified Hand","Mercury Hourglass","Fusion Hammer","Ice Cream","Self Forming Clay","Turnip","Oddly Smooth Stone","ClockworkSouvenir"],"potions_floor_usage":[11,14,14,18,27,33,44],"damage_taken":[{"damage":2,"enemies":"2 Louse","floor":1,"turns":5},{"damage":1,"enemies":"Cultist","floor":2,"turns":3},{"damage":2,"enemies":"Jaw Worm","floor":4,"turns":3},{"damage":37,"enemies":"3 Sentries","floor":6,"turns":6},{"damage":0,"enemies":"3 Louse","floor":7,"turns":3},{"damage":19,"enemies":"Lagavulin","floor":8,"turns":7},{"damage":7,"enemies":"3 Sentries","floor":11,"turns":7},{"damage":16,"enemies":"Gremlin Nob","floor":13,"turns":3},{"damage":0,"enemies":"Exordium Wildlife","floor":14,"turns":3},{"damage":25,"enemies":"Hexaghost","floor":16,"turns":8},{"damage":12,"enemies":"Shell Parasite","floor":18,"turns":5},{"damage":38,"enemies":"Slavers","floor":23,"turns":5},{"damage":40,"enemies":"Book of Stabbing","floor":25,"turns":5},{"damage":5,"enemies":"2 Thieves","floor":27,"turns":3},{"damage":4,"enemies":"3 Cultists","floor":29,"turns":5},{"damage":0,"enemies":"Centurion and Healer","floor":31,"turns":4},{"damage":8,"enemies":"Automaton","floor":33,"turns":6},{"damage":2,"enemies":"3 Shapes","floor":35,"turns":4},{"damage":31,"enemies":"2 Orb Walkers","floor":36,"turns":4},{"damage":3,"enemies":"Orb Walker","floor":37,"turns":3},{"damage":21,"enemies":"3 Darklings","floor":39,"turns":3},{"damage":45,"enemies":"Reptomancer","floor":41,"turns":5},{"damage":1,"enemies":"Transient","floor":42,"turns":5},{"damage":11,"enemies":"4 Shapes","floor":44,"turns":4},{"damage":5,"enemies":"Sphere and 2 Shapes","floor":45,"turns":3},{"damage":42,"enemies":"Nemesis","floor":47,"turns":5},{"damage":9,"enemies":"Transient","floor":48,"turns":5},{"damage":32,"enemies":"Time Eater","floor":50,"turns":7},{"damage":92,"enemies":"Shield and Spear","floor":54,"turns":6}],"seed_played":"-3455376152097562984","potions_obtained":[{"floor":7,"key":"Explosive Potion"},{"floor":10,"key":"AttackPotion"},{"floor":10,"key":"FearPotion"},{"floor":11,"key":"SteroidPotion"},{"floor":16,"key":"Strength Potion"},{"floor":23,"key":"Poison Potion"},{"floor":25,"key":"LiquidBronze"},{"floor":27,"key":"SkillPotion"},{"floor":42,"key":"LiquidBronze"},{"floor":44,"key":"Dexterity Potion"},{"floor":45,"key":"LiquidBronze"}],"is_trial":false,"path_per_floor":["M","M","$","M","$","E","M","E","T","?","E","$","E","M","R","B",null,"M","$","?","?","?","E","R","E","T","M","$","M","R","M","R","B",null,"M","?","M","$","M","R","E","M","T","M","M","R","E","M","R","B",null,"R","$","E"],"character_chosen":"IRONCLAD","items_purchased":["Shrug It Off","Pommel Strike","Orichalcum","Oddly Smooth Stone","ClockworkSouvenir","Ghostly Armor"],"campfire_rested":5,"item_purchase_floors":[3,3,19,53,53,53],"current_hp_per_floor":[55,60,60,64,64,33,39,26,26,26,25,25,15,21,21,27,67,61,61,61,61,61,29,53,19,19,20,20,22,46,52,52,75,79,80,55,58,58,43,67,28,33,33,28,29,53,17,14,14,13,63,80,80,0],"gold":6,"neow_bonus":"THREE_RARE_CARDS","is_prod":false,"is_daily":false,"chose_seed":false,"campfire_upgraded":2,"win_rate":0,"timestamp":1556416609,"path_taken":["M","M","$","M","$","E","M","E","T","?","E","?","E","M","R","BOSS","M","$","?","?","?","E","R","E","T","M","$","M","R","?","R","BOSS","M","?","M","$","M","R","E","M","T","M","M","R","E","M","R","BOSS","R","$","E"],"build_version":"2019-01-23","purchased_purges":2,"victory":false,"max_hp_per_floor":[80,80,80,80,80,80,80,80,80,80,80,80,80,80,80,80,80,80,80,80,80,80,80,80,80,80,80,80,80,80,80,80,80,80,80,80,80,80,80,80,80,80,80,80,80,80,80,80,80,80,80,80,80,80],"card_choices":[{"not_picked":["Dark Embrace","Barricade"],"picked":"Demon Form","floor":0},{"not_picked":["Combust","Evolve"],"picked":"Perfected Strike","floor":1},{"not_picked":["Perfected Strike","Blood for Blood"],"picked":"Wild Strike","floor":2},{"not_picked":["Searing Blow","Fire Breathing"],"picked":"Perfected Strike","floor":4},{"not_picked":["Headbutt","Burning Pact","Clash"],"picked":"SKIP","floor":6},{"not_picked":["Body Slam","Thunderclap"],"picked":"Armaments","floor":7},{"not_picked":["Bloodletting","Body Slam"],"picked":"Sword Boomerang","floor":8},{"not_picked":["Juggernaut","Wild Strike","Power Through"],"picked":"SKIP","floor":11},{"not_picked":["Twin Strike","Entrench"],"picked":"Ghostly Armor","floor":13},{"not_picked":["Clash","Anger","Cleave"],"picked":"SKIP","floor":14},{"not_picked":["Bludgeon","Brutality"],"picked":"Limit Break","floor":16},{"not_picked":["Entrench","Power Through+1","Rupture"],"picked":"SKIP","floor":18},{"not_picked":["Rampage+1","Sword Boomerang"],"picked":"Evolve","floor":23},{"not_picked":["Corruption","Iron Wave+1"],"picked":"Demon Form","floor":25},{"not_picked":["Hemokinesis","Bloodletting+1"],"picked":"Pommel Strike","floor":27},{"not_picked":["Cleave","Iron Wave"],"picked":"Clothesline","floor":29},{"not_picked":["Armaments","Thunderclap","Iron Wave"],"picked":"SKIP","floor":31},{"not_picked":["Clothesline+1","Havoc+1"],"picked":"Warcry+1","floor":35},{"not_picked":["Headbutt","Searing Blow+1"],"picked":"Inflame","floor":36},{"not_picked":["Hemokinesis+1","Pommel Strike","Limit Break"],"picked":"SKIP","floor":37},{"not_picked":["Pommel Strike+1","Armaments+1"],"picked":"Shrug It Off+1","floor":39},{"not_picked":["Dropkick+1","Dual Wield+1","Combust+1"],"picked":"SKIP","floor":41},{"not_picked":["Flex+1","Battle Trance","Headbutt+1"],"picked":"SKIP","floor":42},{"not_picked":["Rupture","Clothesline"],"picked":"Shrug It Off","floor":44},{"not_picked":["Warcry+1","Wild Strike+1"],"picked":"Power Through+1","floor":45},{"not_picked":["Exhume","Bludgeon","Blood for Blood"],"picked":"SKIP","floor":47},{"not_picked":["Second Wind+1","Shrug It Off"],"picked":"True Grit+1","floor":48}],"player_experience":214032,"relics_obtained":[{"floor":6,"key":"Lantern"},{"floor":8,"key":"Gambling Chip"},{"floor":9,"key":"Ginger"},{"floor":11,"key":"StoneCalendar"},{"floor":13,"key":"Pantograph"},{"floor":23,"key":"Gremlin Horn"},{"floor":25,"key":"Mummified Hand"},{"floor":26,"key":"Mercury Hourglass"},{"floor":36,"key":"Ice Cream"},{"floor":41,"key":"Self Forming Clay"},{"floor":47,"key":"Turnip"}],"event_choices":[{"damage_healed":0,"gold_gain":0,"player_choice":"Bought 2 Potions","damage_taken":0,"max_hp_gain":0,"max_hp_loss":0,"event_name":"The Woman in Blue","floor":10,"gold_loss":0},{"damage_healed":0,"gold_gain":0,"player_choice":"Simplicity","damage_taken":0,"max_hp_gain":0,"max_hp_loss":0,"event_name":"Back to Basics","floor":20,"gold_loss":0,"cards_upgraded":["Strike_R","Strike_R","Strike_R","Strike_R","Defend_R","Defend_R","Defend_R","Defend_R"]},{"damage_healed":0,"gold_gain":0,"player_choice":"Ignored","damage_taken":0,"max_hp_gain":0,"max_hp_loss":0,"event_name":"Vampires","floor":21,"gold_loss":0},{"damage_healed":0,"gold_gain":0,"player_choice":"Ignored","damage_taken":0,"max_hp_gain":0,"max_hp_loss":0,"event_name":"Ghosts","floor":22,"gold_loss":0},{"damage_healed":0,"gold_gain":0,"player_choice":"Fight","damage_taken":0,"max_hp_gain":0,"max_hp_loss":0,"event_name":"Mysterious Sphere","floor":36,"gold_loss":0}],"is_beta":false,"boss_relics":[{"not_picked":["Cursed Key","Astrolabe"],"picked":"Velvet Choker"},{"not_picked":["Busted Crown","White Beast Statue"],"picked":"Fusion Hammer"}],"items_purged_floors":[12,28],"is_endless":false,"potions_floor_spawned":[7,11,13,16,23,25,27,29,42,44,45,47],"killed_by":"Shield and Spear","ascension_level":9}