{"gold_per_floor":[366,291,291,304,62,62,92,92,146,146,146,146,146,162,162,260,260,260,33,33,0,0,0,0,0,0,0,0,0,0,0,0,0],"floor_reached":33,"playtime":2091,"items_purged":["Regret"],"score":490,"play_id":"a8db94b7-6075-485a-91d4-797cb223a7be","local_time":"20190418211008","is_ascension_mode":true,"campfire_choices":[{"data":"Loop","floor":6,"key":"SMITH"},{"floor":12,"key":"REST"},{"data":"Sweeping Beam","floor":15,"key":"SMITH"},{"data":"Fission","floor":23,"key":"SMITH"},{"data":"Glacier","floor":27,"key":"SMITH"},{"data":"Undo","floor":30,"key":"SMITH"},{"floor":32,"key":"REST"}],"neow_cost":"TEN_PERCENT_HP_LOSS","seed_source_timestamp":1771926836968526,"circlet_count":0,"master_deck":["AscendersBane","Strike_B","Strike_B","Strike_B","Defend_B","Defend_B","Defend_B","Defend_B","Zap+1","Dualcast+1","Undo+1","Coolheaded","Cold Snap+1","Loop+1","Rebound","Glacier+1","Sweeping Beam+1","Fission+1","Compile Driver","Sunder+1","Double Energy","Hologram+1","Barrage"],"relics":["Cracked Core","Ancient Tea Set","Meat on the Bone","Vajra","Golden Idol","Bronze Scales","Ectoplasm","Runic Capacitor","Centennial Puzzle","FossilizedHelix"],"potions_floor_usage":[25,33],"damage_taken":[{"damage":4,"enemies":"Jaw Worm","floor":1,"turns":4},{"damage":3,"enemies":"2 Louse","floor":4,"turns":3},{"damage":8,"enemies":"3 Sentries","floor":7,"turns":12},{"damage":0,"enemies":"Small Slimes","floor":14,"turns":2},{"damage":26,"enemies":"Slime Boss","floor":16,"turns":11},{"damage":6,"enemies":"3 Byrds","floor":18,"turns":2},{"damage":15,"enemies":"2 Thieves","floor":21,"turns":4},{"damage":17,"enemies":"Snake Plant","floor":22,"turns":6},{"damage":0,"enemies":"3 Cultists","floor":25,"turns":4},{"damage":0,"enemies":"Snecko","floor":28,"turns":4},{"damage":6,"enemies":"Shelled Parasite and Fungi","floor":29,"turns":2},{"damage":0,"enemies":"Centurion and Healer","floor":31,"turns":4},{"damage":48,"enemies":"Champ","floor":33,"turns":19}],"seed_played":"228816864838576409","potions_obtained":[{"floor":4,"key":"LiquidBronze"},{"floor":7,"key":"Regen Potion"},{"floor":31,"key":"Energy Potion"}],"is_trial":false,"path_per_floor":["M","?","?","M","$","R","E","?","T","?","?","R","?","M","R","B",null,"M","$","?","M","M","R","?","M","T","R","M","M","R","M","R","B"],"character_chosen":"DEFECT","items_purchased":["Cold Snap","Loop","Rebound","Runic Capacitor"],"campfire_rested":2,"item_purchase_floors":[5,5,5,19],"current_hp_per_floor":[60,60,60,57,57,57,49,49,49,30,30,47,42,42,42,28,51,45,45,45,30,25,25,25,37,37,37,37,31,31,31,48,0],"gold":0,"neow_bonus":"TWO_FIFTY_GOLD","is_prod":false,"is_daily":false,"chose_seed":false,"campfire_upgraded":5,"win_rate":0,"timestamp":1555589408,"path_taken":["M","?","?","M","$","R","E","?","T","?","?","R","?","M","R","BOSS","M","$","?","?","M","R","?","M","T","R","M","M","R","?","R","BOSS"],"build_version":"2019-01-23","purchased_purges":1,"victory":false,"max_hp_per_floor":[64,64,64,64,64,64,64,64,64,64,58,58,58,58,58,58,58,58,58,58,58,58,58,58,58,58,58,58,58,58,58,58,58],"card_choices":[{"not_picked":["Leap","Compile Driver"],"picked":"Undo","floor":1},{"not_picked":["Steam","Capacitor"],"picked":"Coolheaded","floor":4},{"not_picked":["Gash","Redo"],"picked":"Glacier","floor":7},{"not_picked":["Barrage","Heatsinks"],"picked":"Sweeping Beam","floor":14},{"not_picked":["Core Surge","Meteor Strike"],"picked":"Fission","floor":16},{"not_picked":["Barrage","Streamline"],"picked":"Compile Driver","floor":18},{"not_picked":["Rebound","Turbo","Compile Driver"],"picked":"SKIP","floor":21},{"not_picked":["Cold Snap+1","Coolheaded"],"picked":"Sunder+1","floor":22},{"not_picked":["Rip and Tear","Gash","Hello World"],"picked":"SKIP","floor":25},{"not_picked":["Sweeping Beam","Storm"],"picked":"Double Energy","floor":28},{"not_picked":["Core Surge","Barrage"],"picked":"Hologram+1","floor":29},{"not_picked":["Go for the Eyes","Rebound"],"picked":"Barrage","floor":31}],"player_experience":970883,"relics_obtained":[{"floor":7,"key":"Meat on the Bone"},{"floor":9,"key":"Vajra"},{"floor":26,"key":"FossilizedHelix"}],"event_choices":[{"cards_removed":["Strike_B"],"damage_healed":0,"gold_gain":0,"player_choice":"Card Removal","damage_taken":0,"max_hp_gain":0,"max_hp_loss":0,"event_name":"The Cleric","floor":2,"gold_loss":75},{"damage_healed":0,"gold_gain":0,"player_choice":"Box","damage_taken":0,"relics_obtained":["Ancient Tea Set"],"max_hp_gain":0,"max_hp_loss":0,"event_name":"Big Fish","floor":3,"gold_loss":0,"cards_obtained":["Regret"]},{"damage_healed":0,"gold_gain":0,"player_choice":"Grow","damage_taken":0,"max_hp_gain":0,"max_hp_loss":0,"event_name":"Living Wall","floor":8,"gold_loss":0,"cards_upgraded":["Zap"]},{"damage_healed":0,"gold_gain":0,"player_choice":"Entered Light","damage_taken":19,"max_hp_gain":0,"max_hp_loss":0,"event_name":"Shining Light","floor":10,"gold_loss":0,"cards_upgraded":["Cold Snap","Dualcast"]},{"damage_healed":0,"gold_gain":0,"player_choice":"Lose Max HP","damage_taken":0,"relics_obtained":["Golden Idol"],"max_hp_gain":0,"max_hp_loss":6,"event_name":"Golden Idol","floor":11,"gold_loss":0},{"damage_healed":0,"gold_gain":0,"player_choice":"Success","damage_taken":5,"relics_obtained":["Bronze Scales"],"max_hp_gain":0,"max_hp_loss":0,"event_name":"Scrap Ooze","floor":13,"gold_loss":0},{"damage_healed":0,"gold_gain":50,"player_choice":"Pray","damage_taken":0,"max_hp_gain":0,"max_hp_loss":0,"event_name":"Golden Shrine","floor":20,"gold_loss":0},{"damage_healed":0,"gold_gain":0,"player_choice":"Gave Potion","damage_taken":0,"relics_obtained":["Centennial Puzzle"],"max_hp_gain":0,"max_hp_loss":0,"event_name":"WeMeetAgain","floor":24,"gold_loss":0}],"is_beta":false,"boss_relics":[{"not_picked":["Philosopher\u0027s Stone","Eternal Feather"],"picked":"Ectoplasm"}],"items_purged_floors":[5],"is_endless":false,"potions_floor_spawned":[4,7,16,22,31],"killed_by":"Champ","ascension_level":20}