{"gold_per_floor":[111,111,122,135,155,184,229,239,266,278,278,334,351,366,366,366],"floor_reached":16,"playtime":1014,"items_purged":[],"score":178,"play_id":"6318c8f0-81e9-49c5-8145-42ca07a190d9","local_time":"20190415125627","is_ascension_mode":true,"campfire_choices":[{"data":"Uppercut","floor":11,"key":"SMITH"},{"data":"Flame Barrier","floor":15,"key":"SMITH"}],"neow_cost":"PERCENT_DAMAGE","seed_source_timestamp":1196963297319,"circlet_count":0,"master_deck":["Strike_R","Strike_R","Strike_R","Strike_R","Strike_R","Defend_R","Defend_R","Defend_R","Defend_R","Bash","Feed","Uppercut+1","Shockwave","Clothesline","Flame Barrier+1","Iron Wave","Shrug It Off","Ghostly Armor"],"relics":["Burning Blood","Question Card","Strawberry","Blood Vial","Tiny Chest"],"potions_floor_usage":[12,16],"damage_taken":[{"damage":10,"enemies":"Jaw Worm","floor":1,"turns":6},{"damage":2,"enemies":"Cultist","floor":3,"turns":4},{"damage":5,"enemies":"Small Slimes","floor":4,"turns":3},{"damage":15,"enemies":"2 Fungi Beasts","floor":5,"turns":4},{"damage":24,"enemies":"Gremlin Nob","floor":6,"turns":5},{"damage":8,"enemies":"Blue Slaver","floor":8,"turns":5},{"damage":15,"enemies":"Exordium Thugs","floor":10,"turns":4},{"damage":8,"enemies":"Lagavulin","floor":12,"turns":7},{"damage":20,"enemies":"Gremlin Gang","floor":13,"turns":10},{"damage":3,"enemies":"2 Fungi Beasts","floor":14,"turns":6},{"damage":53,"enemies":"Hexaghost","floor":16,"turns":16}],"seed_played":"5116152014069513007","potions_obtained":[{"floor":4,"key":"PowerPotion"},{"floor":6,"key":"SteroidPotion"},{"floor":8,"key":"FearPotion"},{"floor":10,"key":"EssenceOfSteel"}],"is_trial":false,"path_per_floor":["M","?","M","M","M","E","T","M","T","M","R","E","M","M","R","B"],"character_chosen":"IRONCLAD","items_purchased":[],"campfire_rested":0,"item_purchase_floors":[],"current_hp_per_floor":[55,60,67,71,65,50,57,55,55,48,48,51,42,50,50,0],"gold":366,"neow_bonus":"THREE_RARE_CARDS","is_prod":false,"is_daily":false,"chose_seed":false,"campfire_upgraded":2,"win_rate":0,"timestamp":1555347387,"path_taken":["M","?","M","M","M","E","?","M","T","M","R","E","M","?","R","BOSS"],"build_version":"2019-01-23","purchased_purges":0,"victory":false,"max_hp_per_floor":[83,88,91,94,97,100,107,107,107,107,107,110,113,116,116,116],"card_choices":[{"not_picked":["Impervious","Brutality"],"picked":"Feed","floor":0},{"not_picked":["Cleave","Intimidate"],"picked":"Uppercut","floor":1},{"not_picked":["Infernal Blade","Fire Breathing"],"picked":"Shockwave","floor":3},{"not_picked":["Heavy Blade","Havoc","Perfected Strike"],"picked":"SKIP","floor":4},{"not_picked":["Sentinel","Havoc"],"picked":"Clothesline","floor":5},{"not_picked":["Spot Weakness","Double Tap"],"picked":"Flame Barrier","floor":6},{"not_picked":["Thunderclap","Heavy Blade","Headbutt"],"picked":"Iron Wave","floor":8},{"not_picked":["Anger","Pommel Strike","Sever Soul"],"picked":"Shrug It Off","floor":10},{"not_picked":["Fire Breathing","Juggernaut","Thunderclap","Dropkick"],"picked":"SKIP","floor":12},{"not_picked":["Burning Pact","Body Slam","Searing Blow","Perfected Strike"],"picked":"SKIP","floor":13},{"not_picked":["Anger","Twin Strike","Pommel Strike"],"picked":"Ghostly Armor","floor":14}],"player_experience":135526,"relics_obtained":[{"floor":6,"key":"Question Card"},{"floor":7,"key":"Strawberry"},{"floor":9,"key":"Blood Vial"},{"floor":12,"key":"Tiny Chest"}],"event_choices":[{"damage_healed":0,"gold_gain":0,"player_choice":"Donut","damage_taken":0,"max_hp_gain":5,"max_hp_loss":0,"event_name":"Big Fish","floor":2,"gold_loss":0}],"is_beta":false,"boss_relics":[],"items_purged_floors":[],"is_endless":false,"potions_floor_spawned":[4,6,8,10],"killed_by":"Hexaghost","ascension_level":2}