{"gold_per_floor":[118,168,179,194,6,6,33,33,33,33,53,53,53,24,24,103,103,119,19,19,19,39,39,54,54],"floor_reached":25,"playtime":785,"items_purged":["Strike_G","Defend_G"],"score":368,"play_id":"549b4296-1b1e-4af4-b159-6b2a321d9c8a","local_time":"20190209193727","is_ascension_mode":true,"campfire_choices":[{"data":"Neutralize","floor":6,"key":"SMITH"},{"data":"Noxious Fumes","floor":8,"key":"SMITH"},{"floor":10,"key":"REST"},{"floor":15,"key":"REST"},{"data":"Adrenaline","floor":23,"key":"SMITH"}],"neow_cost":"NONE","seed_source_timestamp":1504241639247721,"circlet_count":0,"master_deck":["AscendersBane","Defend_G","Defend_G","Defend_G","Defend_G+1","Strike_G","Strike_G","Strike_G","Strike_G","Survivor","Neutralize+1","Escape Plan","Cloak And Dagger","Backstab","Predator+1","Noxious Fumes+1","Wraith Form v2","Escape Plan+1","Dagger Spray","Corpse Explosion","Adrenaline+1"],"relics":["Ring of the Snake","Pantograph","Ancient Tea Set","Cursed Key","Nloth\u0027s Gift"],"potions_floor_usage":[7,16],"damage_taken":[{"damage":0,"enemies":"Cultist","floor":1,"turns":1},{"damage":0,"enemies":"2 Louse","floor":3,"turns":1},{"damage":0,"enemies":"Jaw Worm","floor":4,"turns":1},{"damage":33,"enemies":"Lagavulin","floor":7,"turns":7},{"damage":3,"enemies":"Lots of Slimes","floor":11,"turns":3},{"damage":32,"enemies":"The Guardian","floor":16,"turns":12},{"damage":20,"enemies":"3 Byrds","floor":18,"turns":3},{"damage":16,"enemies":"Chosen","floor":22,"turns":5},{"damage":13,"enemies":"Centurion and Healer","floor":24,"turns":5},{"damage":12,"enemies":"Cultist and Chosen","floor":25,"turns":5}],"seed_played":"8058611677732253818","potions_obtained":[{"floor":4,"key":"Energy Potion"},{"floor":11,"key":"SkillPotion"},{"floor":16,"key":"Dexterity Potion"},{"floor":18,"key":"Strength Potion"}],"is_trial":false,"path_per_floor":["M","?","M","M","$","R","E","R","T","R","M","?","?","$","R","B",null,"M","$","?","?","M","R","M","M"],"character_chosen":"THE_SILENT","items_purchased":["Predator","Noxious Fumes","Dagger Spray"],"campfire_rested":2,"item_purchase_floors":[5,5,14],"current_hp_per_floor":[59,59,59,59,59,59,26,26,26,45,42,22,22,22,41,34,58,38,38,38,38,22,22,9,0],"gold":54,"neow_bonus":"THREE_ENEMY_KILL","is_prod":false,"is_daily":false,"chose_seed":false,"campfire_upgraded":3,"win_rate":0,"timestamp":1549708647,"path_taken":["M","?","M","?","$","R","E","R","T","R","M","?","?","$","R","BOSS","M","?","?","?","M","R","M","?"],"build_version":"2019-01-23","purchased_purges":2,"victory":false,"max_hp_per_floor":[66,66,66,66,66,66,66,66,66,66,66,66,66,66,66,66,66,66,66,66,66,66,66,66,66],"card_choices":[{"not_picked":["Quick Slash","Dagger Throw"],"picked":"Escape Plan","floor":1},{"not_picked":["Acrobatics","Bane"],"picked":"Cloak And Dagger","floor":3},{"not_picked":["Backflip","Deadly Poison"],"picked":"Backstab","floor":4},{"not_picked":["Endless Agony","Escape Plan"],"picked":"Wraith Form v2","floor":7},{"not_picked":["Sucker Punch","Quick Slash"],"picked":"Escape Plan","floor":11},{"not_picked":["Malaise","Doppelganger"],"picked":"Corpse Explosion","floor":16},{"not_picked":["Slice","Poisoned Stab","Sucker Punch"],"picked":"SKIP","floor":18},{"not_picked":["Dodge and Roll","Poisoned Stab"],"picked":"Adrenaline","floor":22},{"not_picked":["Eviscerate","Sucker Punch","Outmaneuver"],"picked":"SKIP","floor":24}],"player_experience":505901,"relics_obtained":[{"floor":7,"key":"Pantograph"},{"floor":9,"key":"Ancient Tea Set"}],"event_choices":[{"damage_healed":0,"gold_gain":50,"player_choice":"Pray","damage_taken":0,"max_hp_gain":0,"max_hp_loss":0,"event_name":"Golden Shrine","floor":2,"gold_loss":0},{"damage_healed":0,"gold_gain":0,"player_choice":"Entered Light","damage_taken":20,"max_hp_gain":0,"max_hp_loss":0,"event_name":"Shining Light","floor":12,"gold_loss":0,"cards_upgraded":["Escape Plan","Defend_G"]},{"damage_healed":0,"gold_gain":0,"player_choice":"Upgraded","damage_taken":0,"max_hp_gain":0,"max_hp_loss":0,"event_name":"Upgrade Shrine","floor":13,"gold_loss":0,"cards_upgraded":["Predator"]},{"damage_healed":0,"gold_gain":0,"player_choice":"Ignored","damage_taken":0,"max_hp_gain":0,"max_hp_loss":0,"event_name":"The Mausoleum","floor":20,"gold_loss":0},{"damage_healed":0,"gold_gain":0,"player_choice":"Traded Relic","damage_taken":0,"relics_obtained":["Nloth\u0027s Gift"],"max_hp_gain":0,"max_hp_loss":0,"event_name":"N\u0027loth","floor":21,"relics_lost":["NeowsBlessing"],"gold_loss":0}],"is_beta":false,"boss_relics":[{"not_picked":["WristBlade","Empty Cage"],"picked":"Cursed Key"}],"items_purged_floors":[5,19],"is_endless":false,"potions_floor_spawned":[4,11,16,18,22],"killed_by":"Cultist and Chosen","ascension_level":17}