{"gold_per_floor":[111,125,135,111,121,121,150,150,176,176,176,101,101,128,128,206,206,226,53,103,103],"floor_reached":21,"playtime":742,"items_purged":["Doubt"],"score":346,"play_id":"b25d9251-f9f4-44f9-a6ad-f573f3016e49","local_time":"20190327214525","is_ascension_mode":true,"campfire_choices":[{"floor":6.0,"key":"REST"},{"data":"Creative AI","floor":13,"key":"SMITH"},{"floor":15,"key":"REST"}],"neow_cost":"NONE","seed_source_timestamp":0,"circlet_count":0,"master_deck":["AscendersBane","Strike_B","Strike_B","Strike_B","Strike_B","Defend_B","Defend_B","Defend_B","Defend_B","Zap","Dualcast","Glacier","Sweeping Beam","Gash","Creative AI+1","Auto Shields","White Noise","Fission","Parasite","Self Repair","Leap"],"special_seed":0,"relics":["Cracked Core","Centennial Puzzle","The Courier","Omamori","Art of War","Singing Bowl","Oddly Smooth Stone","Calling Bell","Blood Vial","Symbiotic Virus","Unceasing Top"],"potions_floor_usage":[21],"damage_taken":[{"damage":12.0,"enemies":"Jaw Worm","floor":1.0,"turns":2.0},{"damage":0.0,"enemies":"Small Slimes","floor":2.0,"turns":6.0},{"damage":2.0,"enemies":"2 Louse","floor":3.0,"turns":3.0},{"damage":10.0,"enemies":"Exordium Thugs","floor":4.0,"turns":4.0},{"damage":10.0,"enemies":"Blue Slaver","floor":5.0,"turns":4.0},{"damage":1.0,"enemies":"3 Sentries","floor":7.0,"turns":7.0},{"damage":23,"enemies":"Lagavulin","floor":14,"turns":9},{"damage":31,"enemies":"The Guardian","floor":16,"turns":10},{"damage":33,"enemies":"Spheric Guardian","floor":18,"turns":7},{"damage":38,"enemies":"3 Byrds","floor":21,"turns":4}],"seed_played":"4442371940948465944","potions_obtained":[{"floor":1.0,"key":"LiquidBronze"},{"floor":3.0,"key":"PowerPotion"},{"floor":4.0,"key":"LiquidBronze"},{"floor":16,"key":"EssenceOfSteel"},{"floor":18,"key":"PowerPotion"}],"is_trial":false,"path_per_floor":["M","M","M","M","M","R","E","?","T","?","T","?","R","E","R","B",null,"M","$","?","M"],"character_chosen":"DEFECT","items_purchased":["Self Repair","Leap"],"campfire_rested":2,"item_purchase_floors":[19,19],"current_hp_per_floor":[52,52,50,40,30,51,50,50,50,67,67,67,67,46,67,36,64,35,35,35,0],"gold":103,"neow_bonus":"RANDOM_COMMON_RELIC","is_prod":false,"is_daily":false,"chose_seed":false,"campfire_upgraded":1,"win_rate":0,"timestamp":1553741125,"path_taken":["M","M","M","M","M","R","E","?","T","?","?","?","R","E","R","BOSS","M","$","?","?"],"build_version":"2019-01-23","purchased_purges":1,"victory":false,"max_hp_per_floor":[71,71,71,71,71,71,71,71,71,71,71,71,71,73,73,73,73,75,75,75,75],"card_choices":[{"not_picked":["Steam","Coolheaded"],"picked":"Glacier","floor":1.0},{"not_picked":["Reprogram","Tempest"],"picked":"Sweeping Beam","floor":2.0},{"not_picked":["Hologram","Leap"],"picked":"Gash","floor":3.0},{"not_picked":["Streamline","Stack"],"picked":"Creative AI","floor":4.0},{"not_picked":["Genetic Algorithm","Storm"],"picked":"Auto Shields","floor":5.0},{"not_picked":["Sweeping Beam","Tempest"],"picked":"White Noise","floor":7.0},{"not_picked":["Rebound","All For One","Genetic Algorithm"],"picked":"Singing Bowl","floor":14},{"not_picked":["Creative AI","Hyperbeam"],"picked":"Fission","floor":16},{"not_picked":["Hologram","Rebound","Conserve Battery"],"picked":"Singing Bowl","floor":18}],"player_experience":1172171,"relics_obtained":[{"floor":7.0,"key":"The Courier"},{"floor":9.0,"key":"Art of War"},{"floor":11,"key":"Singing Bowl"},{"floor":14,"key":"Oddly Smooth Stone"},{"floor":17,"key":"Blood Vial"},{"floor":17,"key":"Symbiotic Virus"},{"floor":17,"key":"Unceasing Top"}],"event_choices":[{"damage_healed":0.0,"max_hp_gain":0.0,"max_hp_loss":0.0,"gold_gain":0.0,"event_name":"Big Fish","player_choice":"Box","floor":8.0,"gold_loss":0.0,"damage_taken":0.0,"relics_obtained":["Omamori"],"cards_obtained":["Regret"]},{"damage_healed":17,"gold_gain":0,"player_choice":"Healed and dodged fight","damage_taken":0,"max_hp_gain":0,"max_hp_loss":0,"event_name":"Mushrooms","floor":10,"gold_loss":0,"cards_obtained":["Parasite"]},{"cards_removed":["Regret"],"damage_healed":0,"gold_gain":0,"player_choice":"Card Removal","damage_taken":0,"max_hp_gain":0,"max_hp_loss":0,"event_name":"The Cleric","floor":12,"gold_loss":75},{"damage_healed":0,"gold_gain":100,"player_choice":"Bet on Murderer","damage_taken":0,"max_hp_gain":0,"max_hp_loss":0,"event_name":"The Joust","floor":20,"gold_loss":50}],"is_beta":false,"boss_relics":[{"not_picked":["Philosopher\u0027s Stone","FrozenCore"],"picked":"Calling Bell"}],"items_purged_floors":[19],"is_endless":false,"potions_floor_spawned":[1,3,4,16,18],"killed_by":"3 Byrds","ascension_level":17}