{"gold_per_floor":[113,113,124,124,142,142,156,172,222,237,237,237,237,90,90,189,189,204,204,104,203,128,128,138,153,179,189,199,74,88,88],"floor_reached":31,"playtime":664,"items_purged":["Strike_R","Strike_R","Strike_R"],"score":229,"play_id":"80426e51-8f2f-49ce-af85-1efe62254f38","local_time":"20181215001354","is_ascension_mode":false,"campfire_choices":[{"data":"Whirlwind","floor":6.0,"key":"SMITH"},{"data":"Armaments","floor":11.0,"key":"SMITH"},{"data":"Bash","floor":13.0,"key":"SMITH"},{"data":"Searing Blow","floor":15.0,"key":"SMITH"},{"data":"Double Tap","floor":23,"key":"SMITH"}],"neow_cost":"NONE","seed_source_timestamp":1378819990371229,"circlet_count":0,"master_deck":["Defend_R","Defend_R+1","Defend_R","Defend_R","Bash+1","Iron Wave","Whirlwind+1","Whirlwind+1","Flex","Armaments+1","Searing Blow+1","Double Tap+1","Iron Wave+1","Bloodletting"],"special_seed":0,"relics":["Sozu"],"potions_floor_usage":[],"damage_taken":[{"damage":1.0,"enemies":"Jaw Worm","floor":1.0,"turns":3.0},{"damage":1.0,"enemies":"2 Louse","floor":3.0,"turns":3.0},{"damage":1.0,"enemies":"Cultist","floor":5.0,"turns":3.0},{"damage":8.0,"enemies":"Gremlin Gang","floor":7.0,"turns":2.0},{"damage":12.0,"enemies":"Blue Slaver","floor":8.0,"turns":2.0},{"damage":0.0,"enemies":"Large Slime","floor":10.0,"turns":3.0},{"damage":40.0,"enemies":"Slime Boss","floor":16.0,"turns":10.0},{"damage":5.0,"enemies":"3 Byrds","floor":18.0,"turns":3.0},{"damage":5,"enemies":"Chosen","floor":24,"turns":2},{"damage":25,"enemies":"3 Cultists","floor":25,"turns":5},{"damage":24,"enemies":"Shelled Parasite and Fungi","floor":27,"turns":3},{"damage":12,"enemies":"Centurion and Healer","floor":28,"turns":2},{"damage":11,"enemies":"Snecko","floor":30,"turns":6},{"damage":5,"enemies":"Cultist and Chosen","floor":31,"turns":1}],"seed_played":"5120452387087557785","potions_obtained":[],"is_trial":false,"path_per_floor":["M","?","M","?","M","R","M","M","T","M","R","?","R","$","R","B",null,"M","?","$","?","?","R","M","M","T","M","M","$","M","M"],"character_chosen":"IRONCLAD","items_purchased":["Searing Blow"],"campfire_rested":0,"item_purchase_floors":[14],"current_hp_per_floor":[79,84,83,83,82,82,74,62,62,62,62,45,45,45,45,5,85,80,80,80,80,80,80,75,50,50,26,14,14,3,0],"gold":88,"neow_bonus":"BOSS_RELIC","is_prod":false,"is_daily":false,"chose_seed":false,"campfire_upgraded":5,"win_rate":0,"timestamp":1544800434,"path_taken":["M","?","M","?","M","R","M","?","T","?","R","?","R","$","R","BOSS","M","?","?","?","?","R","?","M","T","M","M","$","M","M"],"build_version":"2018-12-13","purchased_purges":3,"victory":false,"max_hp_per_floor":[80,85,85,85,85,85,85,85,85,85,85,85,85,85,85,85,85,85,85,85,85,85,85,85,85,85,85,85,85,85,85],"card_choices":[{"not_picked":["Wild Strike","Fire Breathing"],"picked":"Iron Wave","floor":1.0},{"not_picked":["Warcry","Rupture","Anger"],"picked":"SKIP","floor":3.0},{"not_picked":["Headbutt","Dark Embrace"],"picked":"Whirlwind","floor":5.0},{"not_picked":["Evolve","Body Slam"],"picked":"Whirlwind","floor":7.0},{"not_picked":["Heavy Blade","Dual Wield"],"picked":"Flex","floor":8.0},{"not_picked":["Anger","Sword Boomerang"],"picked":"Armaments","floor":10.0},{"not_picked":["Feed","Bludgeon"],"picked":"Double Tap","floor":16.0},{"not_picked":["Anger+1","Clash"],"picked":"Iron Wave+1","floor":18.0},{"not_picked":["Pommel Strike+1","Warcry+1"],"picked":"Bloodletting","floor":24},{"not_picked":["Flex","Anger","Rupture+1"],"picked":"SKIP","floor":25},{"not_picked":["Iron Wave","True Grit","Body Slam"],"picked":"SKIP","floor":27},{"not_picked":["Whirlwind","Heavy Blade","Feel No Pain"],"picked":"SKIP","floor":28},{"not_picked":["Second Wind","Iron Wave","Twin Strike"],"picked":"SKIP","floor":30}],"player_experience":197790,"relics_obtained":[],"event_choices":[{"damage_healed":0.0,"max_hp_gain":5.0,"max_hp_loss":0.0,"gold_gain":0.0,"event_name":"Big Fish","player_choice":"Donut","floor":2.0,"gold_loss":0.0,"damage_taken":0.0},{"damage_healed":0.0,"max_hp_gain":0.0,"max_hp_loss":0.0,"gold_gain":0.0,"event_name":"The Woman in Blue","player_choice":"Bought 0 Potions","floor":4.0,"gold_loss":0.0,"damage_taken":0.0},{"damage_healed":0.0,"max_hp_gain":0.0,"max_hp_loss":0.0,"gold_gain":0.0,"event_name":"Shining Light","player_choice":"Entered Light","floor":12.0,"gold_loss":0.0,"damage_taken":17.0,"cards_upgraded":["Whirlwind","Defend_R"]},{"cards_removed":["Strike_R"],"damage_healed":0.0,"max_hp_gain":0.0,"max_hp_loss":0.0,"gold_gain":0.0,"event_name":"Bonfire Elementals","player_choice":"Offered Basic","floor":19.0,"gold_loss":0.0,"damage_taken":0.0},{"damage_healed":0,"gold_gain":99,"player_choice":"Stole From Cult","damage_taken":0,"max_hp_gain":0,"max_hp_loss":0,"event_name":"Nest","floor":21,"gold_loss":0},{"cards_removed":["Strike_R"],"damage_healed":0,"gold_gain":0,"player_choice":"Gave Gold","damage_taken":0,"max_hp_gain":0,"max_hp_loss":0,"event_name":"Beggar","floor":22,"gold_loss":75}],"is_beta":false,"boss_relics":[{"not_picked":["Velvet Choker","White Beast Statue","Runic Pyramid"]}],"items_purged_floors":[14,20,29],"is_endless":false,"potions_floor_spawned":[3,7,8,16,24,27],"killed_by":"Cultist and Chosen","ascension_level":0}