{"gold_per_floor":[368,518,535,53,128,128,140,140,140,140,165,165,198,168,168,246,246,262,262,29,79,93,93,93],"floor_reached":24,"playtime":816,"items_purged":["Doubt","Strike_B"],"score":400,"play_id":"54d7a731-fe9b-439d-8927-3d6209f5c0ec","local_time":"20190219121501","is_ascension_mode":true,"campfire_choices":[{"data":"Zap","floor":6.0,"key":"SMITH"},{"data":"Reinforced Body","floor":8.0,"key":"SMITH"},{"data":"Cold Snap","floor":10.0,"key":"SMITH"},{"data":"Ball Lightning","floor":15.0,"key":"SMITH"},{"floor":23,"key":"REST"}],"neow_cost":"TEN_PERCENT_HP_LOSS","seed_source_timestamp":2341626525039692,"circlet_count":0,"master_deck":["AscendersBane","Strike_B","Strike_B","Strike_B","Defend_B+1","Defend_B+1","Defend_B+1","Defend_B+1","Zap+1","Dualcast","Cold Snap+1","Reinforced Body+1","Ball Lightning+1","Auto Shields","Seek","Go for the Eyes","Chaos"],"special_seed":0,"relics":["Cracked Core","OrangePellets","Matryoshka","War Paint","Thread and Needle","Fusion Hammer","Vajra","Bottled Flame"],"potions_floor_usage":[24],"damage_taken":[{"damage":0.0,"enemies":"2 Louse","floor":1.0,"turns":2.0},{"damage":0.0,"enemies":"Small Slimes","floor":3.0,"turns":4.0},{"damage":0.0,"enemies":"Cultist","floor":7.0,"turns":3.0},{"damage":6.0,"enemies":"Gremlin Nob","floor":11.0,"turns":4.0},{"damage":12.0,"enemies":"Lagavulin","floor":13.0,"turns":6.0},{"damage":6.0,"enemies":"Hexaghost","floor":16.0,"turns":12.0},{"damage":4.0,"enemies":"Chosen","floor":18.0,"turns":4.0},{"damage":0,"enemies":"3 Byrds","floor":22,"turns":5},{"damage":68,"enemies":"Gremlin Leader","floor":24,"turns":7}],"seed_played":"8436804362336254307","potions_obtained":[{"floor":3.0,"key":"Energy Potion"},{"floor":7.0,"key":"FocusPotion"},{"floor":14.0,"key":"Block Potion"},{"floor":16.0,"key":"FearPotion"}],"is_trial":false,"path_per_floor":["M","?","M","$","?","R","M","R","T","R","E","?","E","?","R","B",null,"M","T","$","?","M","R","E"],"character_chosen":"DEFECT","items_purchased":["Reinforced Body","OrangePellets","Ball Lightning","Auto Shields","Go for the Eyes","Chaos"],"campfire_rested":1,"item_purchase_floors":[4,4,4,4,20,20],"current_hp_per_floor":[64,64,64,64,53,53,53,53,53,53,47,28,16,16,16,10,51,47,47,47,47,47,64,0],"gold":93,"neow_bonus":"TWO_FIFTY_GOLD","is_prod":false,"is_daily":false,"chose_seed":false,"campfire_upgraded":4,"win_rate":0,"timestamp":1550546101,"path_taken":["M","?","M","$","?","R","M","R","T","R","E","?","E","?","R","BOSS","M","?","$","?","?","R","E"],"build_version":"2019-01-23","purchased_purges":2,"victory":false,"max_hp_per_floor":[64,64,64,64,64,64,64,64,64,64,64,64,64,64,64,64,64,64,64,64,64,64,64,64],"card_choices":[{"not_picked":["Turbo","Steam"],"picked":"Cold Snap","floor":1.0},{"not_picked":["Compile Driver","Rebound","Steam Power"],"picked":"SKIP","floor":3.0},{"not_picked":["Chaos","Leap","Gash"],"picked":"SKIP","floor":7.0},{"not_picked":["Beam Cell","Skim","Leap"],"picked":"SKIP","floor":11.0},{"not_picked":["Cold Snap","Conserve Battery","Steam"],"picked":"SKIP","floor":13.0},{"not_picked":["Core Surge","All For One"],"picked":"Seek","floor":16.0},{"not_picked":["BootSequence","Streamline","Turbo"],"picked":"SKIP","floor":18.0},{"not_picked":["Turbo+1","Go for the Eyes","Skim"],"picked":"SKIP","floor":22}],"player_experience":566231,"relics_obtained":[{"floor":9.0,"key":"Matryoshka"},{"floor":11.0,"key":"War Paint"},{"floor":13.0,"key":"Thread and Needle"},{"floor":19.0,"key":"Vajra"},{"floor":19.0,"key":"Bottled Flame"}],"event_choices":[{"damage_healed":0.0,"max_hp_gain":0.0,"max_hp_loss":0.0,"gold_gain":150.0,"event_name":"Liars Game","player_choice":"AGREE","floor":2.0,"gold_loss":0.0,"damage_taken":0.0,"cards_obtained":["Doubt"]},{"damage_healed":0.0,"max_hp_gain":0.0,"max_hp_loss":0.0,"gold_gain":75.0,"event_name":"World of Goop","player_choice":"Gather Gold","floor":5.0,"gold_loss":0.0,"damage_taken":11.0},{"damage_healed":0.0,"max_hp_gain":0.0,"max_hp_loss":0.0,"gold_gain":0.0,"event_name":"Shining Light","player_choice":"Entered Light","floor":12.0,"gold_loss":0.0,"damage_taken":19.0,"cards_upgraded":["Defend_B","Defend_B"]},{"damage_healed":0.0,"max_hp_gain":0.0,"max_hp_loss":0.0,"gold_gain":0.0,"event_name":"The Woman in Blue","player_choice":"Bought 2 Potions","floor":14.0,"gold_loss":0.0,"damage_taken":0.0},{"damage_healed":0,"gold_gain":50,"player_choice":"Pray","damage_taken":0,"max_hp_gain":0,"max_hp_loss":0,"event_name":"Golden Shrine","floor":21,"gold_loss":0}],"is_beta":false,"boss_relics":[{"not_picked":["Coffee Dripper","Tiny House"],"picked":"Fusion Hammer"}],"items_purged_floors":[4,20],"is_endless":false,"potions_floor_spawned":[3,7,16],"killed_by":"Gremlin Leader","ascension_level":20}