{"gold_per_floor":[115,290,310,143,143,143,143,143,143,143,156,172,205,277,277,378,378,394,4,4,14,25,25,36,36,90,90,106,106,124,135,135,240,240,256,156,169,222,242,242],"floor_reached":40,"playtime":2080,"items_purged":["Doubt","Rupture"],"score":388,"play_id":"a6f685f5-08b4-40e9-89bd-006be1f1ca54","local_time":"20181211151611","is_ascension_mode":false,"campfire_choices":[{"data":"Whirlwind","floor":6,"key":"SMITH"},{"data":"Inflame","floor":8,"key":"SMITH"},{"data":"Shrug It Off","floor":15,"key":"SMITH"},{"data":"Bash","floor":23,"key":"SMITH"},{"data":"Dramatic Entrance","floor":25,"key":"SMITH"},{"data":"Feed","floor":29,"key":"SMITH"},{"floor":32,"key":"RECALL"}],"neow_cost":"NONE","seed_source_timestamp":1085955888267445,"circlet_count":0,"master_deck":["Strike_R+1","Strike_R+1","Strike_R+1","Strike_R+1","Defend_R+1","Defend_R+1","Defend_R+1","Defend_R+1","Bash+1","Dramatic Entrance+1","Whirlwind+1","Inflame+1","Shrug It Off+1","Power Through+1","Shockwave+1","Limit Break+1","Dropkick","Disarm+1","Seeing Red+1","Feed+1","Ghostly Armor+1","Impervious+1","Shrug It Off+1","Seeing Red+1","Entrench+1"],"relics":["Burning Blood","Pantograph","Toxic Egg 2","Mercury Hourglass","Lizard Tail","Calipers","Tiny Chest","White Beast Statue","Incense Burner"],"potions_floor_usage":[13,28,28,33,33,35,38,38,38,39,40],"damage_taken":[{"damage":8,"enemies":"Jaw Worm","floor":1,"turns":3},{"damage":2,"enemies":"2 Louse","floor":3,"turns":2},{"damage":2,"enemies":"Small Slimes","floor":11,"turns":2},{"damage":2,"enemies":"Looter","floor":12,"turns":3},{"damage":6,"enemies":"3 Sentries","floor":13,"turns":4},{"damage":40,"enemies":"The Guardian","floor":16,"turns":14},{"damage":11,"enemies":"3 Byrds","floor":18,"turns":4},{"damage":20,"enemies":"Spheric Guardian","floor":21,"turns":4},{"damage":10,"enemies":"Cultist and Chosen","floor":22,"turns":3},{"damage":21,"enemies":"Snake Plant","floor":24,"turns":4},{"damage":27,"enemies":"Centurion and Healer","floor":28,"turns":6},{"damage":14,"enemies":"3 Cultists","floor":30,"turns":5},{"damage":0,"enemies":"Snecko","floor":31,"turns":8},{"damage":63,"enemies":"Collector","floor":33,"turns":10},{"damage":8,"enemies":"3 Shapes","floor":35,"turns":5},{"damage":7,"enemies":"Orb Walker","floor":37,"turns":5},{"damage":51,"enemies":"2 Orb Walkers","floor":38,"turns":5},{"damage":25,"enemies":"Jaw Worm Horde","floor":39,"turns":5},{"damage":70,"enemies":"Giant Head","floor":40,"turns":10}],"seed_played":"8045244251530510904","potions_obtained":[{"floor":3,"key":"Fire Potion"},{"floor":11,"key":"BloodPotion"},{"floor":13,"key":"SpeedPotion"},{"floor":22,"key":"Explosive Potion"},{"floor":28,"key":"SkillPotion"},{"floor":30,"key":"SteroidPotion"},{"floor":31,"key":"Ancient Potion"},{"floor":33,"key":"Fire Potion"},{"floor":35,"key":"Explosive Potion"},{"floor":37,"key":"BloodPotion"},{"floor":38,"key":"Dexterity Potion"},{"floor":39,"key":"EssenceOfSteel"}],"is_trial":false,"path_per_floor":["M","?","M","$","?","R","?","R","T","?","M","M","E","T","R","B",null,"M","$","?","M","M","R","M","R","T","?","M","R","M","M","R","B",null,"M","$","M","?","M","E"],"character_chosen":"IRONCLAD","items_purchased":["Inflame","Shrug It Off","Calipers","Disarm+1"],"campfire_rested":0,"item_purchase_floors":[4,4,19,19],"current_hp_per_floor":[78,78,80,80,73,73,57,57,57,57,61,65,65,65,65,46,80,75,75,75,61,57,57,42,42,42,42,29,29,21,27,27,46,80,82,82,81,48,33,0],"gold":242,"neow_bonus":"RANDOM_COLORLESS","is_prod":false,"is_daily":false,"chose_seed":false,"campfire_upgraded":6,"win_rate":0,"timestamp":1544508971,"path_taken":["M","?","M","$","?","R","?","R","T","?","M","M","E","?","R","BOSS","M","$","?","M","M","R","M","R","T","?","?","R","M","M","R","BOSS","M","$","M","?","M","E"],"build_version":"2018-12-06","purchased_purges":2,"victory":false,"max_hp_per_floor":[80,80,80,80,80,80,80,80,80,80,80,80,80,80,80,80,80,80,80,80,80,80,80,80,80,80,80,80,80,80,80,80,80,80,84,84,84,88,92,92],"card_choices":[{"not_picked":["Perfected Strike","Havoc","Thunderclap"],"picked":"SKIP","floor":1},{"not_picked":["Clothesline","Warcry"],"picked":"Whirlwind","floor":3},{"not_picked":["Wild Strike","Infernal Blade+1"],"picked":"Power Through+1","floor":11},{"not_picked":["Flame Barrier+1","Headbutt"],"picked":"Shockwave+1","floor":12},{"not_picked":["Fire Breathing","Combust"],"picked":"Rupture","floor":13},{"not_picked":["Impervious+1","Demon Form"],"picked":"Limit Break+1","floor":16},{"not_picked":["Corruption","Thunderclap"],"picked":"Dropkick","floor":18},{"not_picked":["Sword Boomerang","Metallicize+1"],"picked":"Seeing Red+1","floor":21},{"not_picked":["Metallicize","Havoc+1","Rampage"],"picked":"SKIP","floor":22},{"not_picked":["Wild Strike","Havoc+1","Rage+1"],"picked":"SKIP","floor":24},{"not_picked":["Anger","Perfected Strike","Fire Breathing"],"picked":"SKIP","floor":28},{"not_picked":["Anger","Perfected Strike","Fire Breathing"],"picked":"SKIP","floor":28},{"not_picked":["Wild Strike","Seeing Red+1"],"picked":"Ghostly Armor+1","floor":30},{"not_picked":["Headbutt","Anger","Sentinel+1"],"picked":"SKIP","floor":31},{"not_picked":["Double Tap+1","Exhume+1"],"picked":"Impervious+1","floor":33},{"not_picked":["Rage+1","Reckless Charge"],"picked":"Shrug It Off+1","floor":35},{"not_picked":["Fire Breathing+1","Sword Boomerang+1","Clothesline"],"picked":"SKIP","floor":37},{"not_picked":["Anger+1","Iron Wave"],"picked":"Seeing Red+1","floor":38},{"not_picked":["Searing Blow","Anger+1"],"picked":"Entrench+1","floor":39}],"player_experience":145035,"relics_obtained":[{"floor":9,"key":"Pantograph"},{"floor":13,"key":"Mercury Hourglass"},{"floor":26,"key":"Tiny Chest"},{"floor":38,"key":"Incense Burner"}],"event_choices":[{"damage_healed":0,"gold_gain":175,"player_choice":"AGREE","damage_taken":0,"max_hp_gain":0,"max_hp_loss":0,"event_name":"Liars Game","floor":2,"gold_loss":0,"cards_obtained":["Doubt"]},{"cards_removed":["Strike_R"],"damage_healed":0,"gold_gain":0,"player_choice":"Card Removal","damage_taken":7,"max_hp_gain":0,"max_hp_loss":0,"event_name":"Golden Wing","floor":5,"gold_loss":0},{"damage_healed":0,"gold_gain":0,"player_choice":"Entered Light","damage_taken":16,"max_hp_gain":0,"max_hp_loss":0,"event_name":"Shining Light","floor":7,"gold_loss":0,"cards_upgraded":["Defend_R","Defend_R"]},{"damage_healed":0,"gold_gain":0,"player_choice":"Searched \u00272\u0027 times","damage_taken":0,"relics_obtained":["Toxic Egg 2"],"max_hp_gain":0,"max_hp_loss":0,"event_name":"Dead Adventurer","floor":10,"gold_loss":0},{"damage_healed":0,"gold_gain":0,"player_choice":"Simplicity","damage_taken":0,"max_hp_gain":0,"max_hp_loss":0,"event_name":"Back to Basics","floor":20,"gold_loss":0,"cards_upgraded":["Strike_R","Strike_R","Strike_R","Strike_R","Defend_R","Defend_R"]},{"damage_healed":0,"gold_gain":0,"player_choice":"1 cards matched","damage_taken":0,"max_hp_gain":0,"max_hp_loss":0,"event_name":"Match and Keep!","floor":27,"gold_loss":0,"cards_obtained":["Feed"]},{"damage_healed":0,"gold_gain":0,"player_choice":"Fight","damage_taken":0,"max_hp_gain":0,"max_hp_loss":0,"event_name":"Mysterious Sphere","floor":38,"gold_loss":0}],"is_beta":false,"boss_relics":[{"not_picked":["Ectoplasm","Sozu"],"picked":"Lizard Tail"},{"not_picked":["Calling Bell","Runic Dome"],"picked":"White Beast Statue"}],"items_purged_floors":[4,36],"is_endless":false,"potions_floor_spawned":[3,11,13,22,28,30,31,33,35,37,38,39],"killed_by":"Giant Head","ascension_level":0}