{"gold_per_floor":[115,131,131,144,157,157,168,168,168,179,198,214,243,261,261,360,360,370,370,387,153,172,172,203,203,226,226,242,255,274,196,196,294,294,305,305,381,391,391,391,405,47,47,47,57,57,57,74,74,74],"floor_reached":50,"playtime":3828,"items_purged":[],"score":520,"play_id":"981405de-4fd9-4bae-935b-e00a43985a9e","local_time":"20180827234521","is_ascension_mode":false,"campfire_choices":[{"data":"Deadly Poison","floor":6,"key":"SMITH"},{"data":"Poisoned Stab","floor":8,"key":"SMITH"},{"floor":15,"key":"REST"},{"data":"Noxious Fumes","floor":23,"key":"SMITH"},{"floor":25,"key":"REST"},{"floor":32,"key":"REST"},{"floor":40,"key":"REST"},{"floor":47,"key":"REST"},{"floor":49,"key":"REST"}],"neow_cost":"NONE","seed_source_timestamp":3580617932018,"circlet_count":0,"master_deck":["Defend_G","Defend_G","Defend_G","Defend_G","Defend_G","Strike_G","Strike_G","Survivor","Neutralize","Deadly Poison+1","Backflip","Poisoned Stab+1","Dagger Spray","Dagger Spray","Dagger Throw","Poisoned Stab","Noxious Fumes+1","Die Die Die","Sucker Punch","Venomology","Poisoned Stab","Deadly Poison+1","Terror","Bandage Up","Slice+1","Dagger Throw","Clumsy","Deadly Poison","Distraction","Envenom","Envenom","Leg Sweep+1","Choke+1","Malaise+1","Impatience","Deflect+1","Deadly Poison+1","Enlightenment","Injury","Skewer+1","Parasite"],"relics":["Ring of the Snake","NeowsBlessing","Peace Pipe","Mummified Hand","Cursed Key","Strawberry","The Specimen","Omamori","Bronze Scales","Astrolabe","Question Card","Girya","Bottled Tornado","Molten Egg 2","Frozen Egg 2"],"potions_floor_usage":[12,13,16,16,22,24,24,30,30,33,33,38,41,41,50,50,50],"damage_taken":[{"damage":0,"enemies":"Small Slimes","floor":1,"turns":1},{"damage":0,"enemies":"Cultist","floor":2,"turns":1},{"damage":0,"enemies":"Jaw Worm","floor":4,"turns":1},{"damage":3,"enemies":"2 Fungi Beasts","floor":5,"turns":5},{"damage":10,"enemies":"Exordium Thugs","floor":7,"turns":5},{"damage":9,"enemies":"Exordium Wildlife","floor":10,"turns":3},{"damage":0,"enemies":"Looter","floor":11,"turns":3},{"damage":3,"enemies":"Lots of Slimes","floor":12,"turns":2},{"damage":21,"enemies":"Lagavulin","floor":13,"turns":6},{"damage":11,"enemies":"Exordium Wildlife","floor":14,"turns":4},{"damage":23,"enemies":"Hexaghost","floor":16,"turns":8},{"damage":0,"enemies":"3 Byrds","floor":18,"turns":3},{"damage":5,"enemies":"Chosen","floor":20,"turns":4},{"damage":10,"enemies":"Centurion and Healer","floor":22,"turns":6},{"damage":29,"enemies":"Book of Stabbing","floor":24,"turns":4},{"damage":9,"enemies":"Chosen and Byrds","floor":28,"turns":4},{"damage":16,"enemies":"Snake Plant","floor":29,"turns":3},{"damage":19,"enemies":"Cultist and Chosen","floor":30,"turns":5},{"damage":65,"enemies":"Automaton","floor":33,"turns":7},{"damage":9,"enemies":"Orb Walker","floor":35,"turns":4},{"damage":47,"enemies":"3 Darklings","floor":38,"turns":5},{"damage":4,"enemies":"Mind Bloom Boss Battle","floor":39,"turns":8},{"damage":54,"enemies":"Spire Growth","floor":41,"turns":5},{"damage":40,"enemies":"Flame Bruiser 2 Orb","floor":45,"turns":5},{"damage":16,"enemies":"3 Darklings","floor":48,"turns":5},{"damage":79,"enemies":"Awakened One","floor":50,"turns":8}],"seed_played":"4961160010370594609","potions_obtained":[{"floor":1,"key":"Explosive Potion"},{"floor":2,"key":"AttackPotion"},{"floor":7,"key":"Regen Potion"},{"floor":11,"key":"Weak Potion"},{"floor":12,"key":"SkillPotion"},{"floor":16,"key":"PowerPotion"},{"floor":18,"key":"SkillPotion"},{"floor":20,"key":"Ancient Potion"},{"floor":24,"key":"SteroidPotion"},{"floor":30,"key":"PowerPotion"},{"floor":33,"key":"Swift Potion"},{"floor":39,"key":"LiquidBronze"}],"is_trial":false,"path_per_floor":["M","M","?","M","M","R","M","R","T","M","M","M","E","M","R","B",null,"M","?","M","$","M","R","E","R","T","?","M","M","M","$","R","B",null,"M","?","T","M","?","R","M","$","T","?","M","T","R","M","R"],"character_chosen":"THE_SILENT","items_purchased":["Bandage Up","Strawberry","Envenom","Enlightenment","Bottled Tornado"],"campfire_rested":6,"item_purchase_floors":[21,21,31,42,42],"current_hp_per_floor":[70,70,75,75,72,72,62,62,62,53,53,50,43,32,54,31,75,75,75,70,77,71,71,46,70,70,70,65,49,46,46,70,9,82,73,73,73,42,42,66,16,16,16,72,32,32,53,41,62,0],"gold":74,"neow_bonus":"THREE_ENEMY_KILL","is_prod":false,"is_daily":false,"chose_seed":false,"campfire_upgraded":3,"win_rate":0.0,"timestamp":1535427921,"path_taken":["M","M","?","M","M","R","M","R","T","M","M","M","E","?","R","BOSS","M","?","M","$","M","R","E","R","T","?","M","M","?","$","R","BOSS","M","?","?","M","?","R","?","$","T","?","M","?","R","M","R","BOSS"],"build_version":"2018-08-23v2","purchased_purges":0,"victory":false,"max_hp_per_floor":[70,70,75,75,75,75,75,75,75,75,75,75,75,75,75,75,75,75,75,75,82,82,82,82,82,82,82,82,82,82,82,82,82,82,82,82,82,82,82,82,82,82,82,72,72,72,72,72,72,72],"card_choices":[{"not_picked":["Acrobatics","Well Laid Plans"],"picked":"Deadly Poison","floor":1},{"not_picked":["Outmaneuver","PiercingWail"],"picked":"Backflip","floor":2},{"not_picked":["Well Laid Plans","Flying Knee"],"picked":"Poisoned Stab","floor":4},{"not_picked":["Footwork","Bullet Time"],"picked":"Dagger Spray","floor":5},{"not_picked":["Well Laid Plans","Slice"],"picked":"Dagger Spray","floor":7},{"not_picked":["Outmaneuver","Masterful Stab"],"picked":"Dagger Throw","floor":10},{"not_picked":["Acrobatics","Sucker Punch"],"picked":"Poisoned Stab","floor":11},{"not_picked":["Distraction","Dagger Spray"],"picked":"Noxious Fumes","floor":12},{"not_picked":["Phantasmal Killer","Heel Hook"],"picked":"Die Die Die","floor":13},{"not_picked":["Calculated Gamble","Dagger Throw"],"picked":"Sucker Punch","floor":14},{"not_picked":["Glass Knife","Phantasmal Killer"],"picked":"Venomology","floor":16},{"not_picked":["Finisher","Blur"],"picked":"Poisoned Stab","floor":18},{"not_picked":["Footwork","PiercingWail+1"],"picked":"Terror","floor":20},{"not_picked":["Expertise","Escape Plan"],"picked":"Slice+1","floor":22},{"not_picked":["Infinite Blades","Choke"],"picked":"Dagger Throw","floor":24},{"not_picked":["Outmaneuver","Flying Knee"],"picked":"Deadly Poison","floor":28},{"not_picked":["Acrobatics+1","Outmaneuver","Footwork"],"picked":"SKIP","floor":29},{"not_picked":["Dash","Prepared+1"],"picked":"Distraction","floor":30},{"not_picked":["Bullet Time","A Thousand Cuts"],"picked":"Envenom","floor":33},{"not_picked":["Flying Knee+1","Outmaneuver","Finisher"],"picked":"SKIP","floor":35},{"not_picked":["Dark Shackles","Magnetism"],"picked":"Impatience","floor":36},{"not_picked":["Bouncing Flask+1","Flying Knee+1","Reflex+1"],"picked":"Deflect+1","floor":38},{"not_picked":["Prepared+1","Flying Knee+1","Acrobatics"],"picked":"Deadly Poison+1","floor":41},{"not_picked":["Noxious Fumes+1","Predator+1","Infinite Blades+1"],"picked":"Skewer+1","floor":45},{"not_picked":["Underhanded Strike+1","Burst","PiercingWail+1","Sucker Punch+1"],"picked":"SKIP","floor":48}],"player_experience":19007,"relics_obtained":[{"floor":9,"key":"Peace Pipe"},{"floor":13,"key":"Mummified Hand"},{"floor":24,"key":"The Specimen"},{"floor":26,"key":"Omamori"},{"floor":37,"key":"Question Card"},{"floor":39,"key":"Girya"},{"floor":43,"key":"Molten Egg 2"},{"floor":46,"key":"Frozen Egg 2"}],"event_choices":[{"event_name":"Big Fish","player_choice":"Donut","floor":3,"damage_taken":0},{"event_name":"Duplicator","player_choice":"One dupe","floor":19,"damage_taken":0},{"event_name":"The Mausoleum","player_choice":"Yes","floor":27,"damage_taken":0},{"event_name":"SensoryStone","player_choice":"Memory 1","floor":36,"damage_taken":0},{"event_name":"MindBloom","player_choice":"Fight","floor":39,"damage_taken":0},{"event_name":"The Moai Head","player_choice":"Heal","floor":44,"damage_taken":0}],"is_beta":false,"boss_relics":[{"not_picked":["Ring of the Serpent","Runic Dome"],"picked":"Cursed Key"},{"not_picked":["HoveringKite","White Beast Statue"],"picked":"Astrolabe"}],"items_purged_floors":[],"is_endless":false,"potions_floor_spawned":[1,2,7,11,12,16,18,20,24,29,30,33,39,48],"killed_by":"Awakened One","ascension_level":0}