{"gold_per_floor":[114,124,55,130,130,130,159,176,227,227,238,238,255,266,266,266],"floor_reached":16,"playtime":415,"items_purged":[],"score":127,"play_id":"ba2eb861-488f-4b7b-a1dd-c0f995c9f187","local_time":"20190508214255","is_ascension_mode":false,"campfire_choices":[{"data":"Sword Boomerang","floor":6,"key":"SMITH"},{"data":"Carnage","floor":10,"key":"SMITH"},{"data":"Flame Barrier","floor":12,"key":"SMITH"},{"data":"Feel No Pain","floor":15,"key":"SMITH"}],"neow_cost":"NONE","seed_source_timestamp":181852703746956,"circlet_count":0,"master_deck":["Strike_R","Strike_R","Strike_R","Strike_R","Strike_R","Defend_R","Defend_R","Defend_R","Defend_R","Bash","Cleave","Sword Boomerang+1","Feel No Pain+1","Carnage+1","Reaper","Flame Barrier+1","Thunderclap","Iron Wave"],"relics":["Burning Blood","NeowsBlessing","Art of War","Smiling Mask"],"potions_floor_usage":[16,16],"damage_taken":[{"damage":0,"enemies":"Jaw Worm","floor":1,"turns":1},{"damage":0,"enemies":"Small Slimes","floor":2,"turns":1},{"damage":0,"enemies":"Gremlin Nob","floor":7,"turns":1},{"damage":6,"enemies":"Cultist","floor":8,"turns":3},{"damage":6,"enemies":"Exordium Wildlife","floor":11,"turns":3},{"damage":13,"enemies":"Red Slaver","floor":13,"turns":2},{"damage":13,"enemies":"2 Fungi Beasts","floor":14,"turns":3},{"damage":69,"enemies":"Hexaghost","floor":16,"turns":11}],"seed_played":"-4288193359839558315","potions_obtained":[{"floor":2,"key":"Weak Potion"},{"floor":5,"key":"EssenceOfSteel"},{"floor":5,"key":"GamblersBrew"},{"floor":5,"key":"SmokeBomb"}],"is_trial":false,"path_per_floor":["M","M","$","?","?","R","E","M","T","R","M","R","M","M","R","B"],"character_chosen":"IRONCLAD","items_purchased":["Feel No Pain"],"campfire_rested":0,"item_purchase_floors":[3],"current_hp_per_floor":[80,80,80,69,69,69,75,75,75,75,75,75,68,65,65,0],"gold":266,"neow_bonus":"THREE_ENEMY_KILL","is_prod":false,"is_daily":false,"chose_seed":false,"campfire_upgraded":4,"win_rate":0,"timestamp":1557366175,"path_taken":["M","M","$","?","?","R","E","?","T","R","M","R","M","M","R","BOSS"],"build_version":"2019-01-23","purchased_purges":0,"victory":false,"max_hp_per_floor":[80,80,80,80,80,80,80,80,80,80,80,80,80,80,80,80],"card_choices":[{"not_picked":["Clash","Body Slam"],"picked":"Cleave","floor":1},{"not_picked":["Cleave","Perfected Strike"],"picked":"Sword Boomerang","floor":2},{"not_picked":["Intimidate","Iron Wave"],"picked":"Carnage","floor":7},{"not_picked":["Dropkick","Anger"],"picked":"Reaper","floor":8},{"not_picked":["Headbutt","Pummel"],"picked":"Flame Barrier","floor":11},{"not_picked":["Cleave","Dropkick"],"picked":"Thunderclap","floor":13},{"not_picked":["Clash","Fire Breathing"],"picked":"Iron Wave","floor":14}],"player_experience":110250,"relics_obtained":[{"floor":7,"key":"Art of War"},{"floor":9,"key":"Smiling Mask"}],"event_choices":[{"damage_healed":0,"gold_gain":75,"player_choice":"Gather Gold","damage_taken":11,"max_hp_gain":0,"max_hp_loss":0,"event_name":"World of Goop","floor":4,"gold_loss":0},{"damage_healed":0,"gold_gain":0,"player_choice":"Got Potions","damage_taken":0,"max_hp_gain":0,"max_hp_loss":0,"event_name":"Lab","floor":5,"gold_loss":0}],"is_beta":false,"boss_relics":[],"items_purged_floors":[],"is_endless":false,"potions_floor_spawned":[2,7,8],"killed_by":"Hexaghost","ascension_level":0}