{"gold_per_floor":[17,36,36,48,48,48,77,2,2,2,20,31,31,64,64,141,141,153,203,220,27,42,77,77,107,160,172,184,208,220,247,259,271],"floor_reached":33,"playtime":1221,"items_purged":["Strike_R"],"score":590,"play_id":"6858350e-afd7-4dee-9d61-819326abb108","local_time":"20190503202202","is_ascension_mode":true,"campfire_choices":[{"data":"Clothesline","floor":6,"key":"SMITH"},{"data":"Pommel Strike","floor":10,"key":"SMITH"},{"data":"Inflame","floor":15,"key":"SMITH"},{"floor":24,"key":"REST"},{"floor":27,"key":"REST"},{"floor":32,"key":"REST"}],"neow_cost":"NO_GOLD","seed_source_timestamp":400048397469900,"circlet_count":0,"master_deck":["AscendersBane","Strike_R","Strike_R","Defend_R","Defend_R","Defend_R","Defend_R","Bash+1","Pommel Strike+1","Clothesline+1","Offering","Offering","Cleave","Inflame+1","Shockwave+1","Iron Wave","Spot Weakness","Shrug It Off","Ghostly Armor"],"relics":["Burning Blood","StoneCalendar","Mummified Hand","Anchor","Nunchaku","Centennial Puzzle","Velvet Choker","Matryoshka","Shovel","Gremlin Horn","MawBank"],"potions_floor_usage":[7,23,25,31,33],"damage_taken":[{"damage":4,"enemies":"Small Slimes","floor":1,"turns":4},{"damage":3,"enemies":"2 Louse","floor":2,"turns":3},{"damage":0,"enemies":"Cultist","floor":4,"turns":3},{"damage":26,"enemies":"Lagavulin","floor":7,"turns":5},{"damage":6,"enemies":"Looter","floor":11,"turns":2},{"damage":6,"enemies":"2 Fungi Beasts","floor":12,"turns":2},{"damage":22,"enemies":"Gremlin Nob","floor":14,"turns":3},{"damage":37,"enemies":"The Guardian","floor":16,"turns":9},{"damage":18,"enemies":"Shell Parasite","floor":18,"turns":2},{"damage":12,"enemies":"2 Thieves","floor":20,"turns":3},{"damage":21,"enemies":"Sentry and Sphere","floor":22,"turns":5},{"damage":18,"enemies":"Slavers","floor":23,"turns":3},{"damage":26,"enemies":"Book of Stabbing","floor":25,"turns":4},{"damage":20,"enemies":"Snecko","floor":29,"turns":4},{"damage":7,"enemies":"Centurion and Healer","floor":31,"turns":3},{"damage":79,"enemies":"Automaton","floor":33,"turns":6}],"seed_played":"-7588930248188014691","potions_obtained":[{"floor":1,"key":"SpeedPotion"},{"floor":4,"key":"Weak Potion"},{"floor":14,"key":"PowerPotion"},{"floor":16,"key":"Ancient Potion"},{"floor":23,"key":"PowerPotion"},{"floor":25,"key":"EntropicBrew"},{"floor":29,"key":"Block Potion"}],"is_trial":false,"path_per_floor":["M","M","?","M","?","R","E","?","T","R","M","M","T","E","R","B",null,"M","?","M","$","M","E","R","E","T","R","?","M","?","M","R","B"],"character_chosen":"IRONCLAD","items_purchased":["Iron Wave","Spot Weakness"],"campfire_rested":3,"item_purchase_floors":[21,21],"current_hp_per_floor":[70,73,78,80,80,80,60,60,60,60,60,60,60,44,44,13,63,51,51,45,45,30,18,42,22,22,46,46,32,32,31,55,0],"gold":271,"neow_bonus":"ONE_RARE_RELIC","is_prod":false,"is_daily":false,"chose_seed":false,"campfire_upgraded":3,"win_rate":0,"timestamp":1556882522,"path_taken":["M","M","?","M","?","R","E","?","T","R","M","M","?","E","R","BOSS","M","?","M","$","M","E","R","E","T","R","?","M","?","M","R","BOSS"],"build_version":"2019-01-23","purchased_purges":1,"victory":false,"max_hp_per_floor":[75,75,80,80,80,80,80,80,80,80,80,80,80,80,80,80,80,80,80,80,80,80,80,80,80,80,80,80,80,80,80,80,80],"card_choices":[{"not_picked":["Heavy Blade","Twin Strike"],"picked":"Pommel Strike","floor":1},{"not_picked":["Carnage","True Grit"],"picked":"Clothesline","floor":2},{"not_picked":["Dual Wield","Perfected Strike"],"picked":"Offering","floor":4},{"not_picked":["Havoc","Thunderclap"],"picked":"Offering","floor":7},{"not_picked":["Second Wind","Perfected Strike"],"picked":"Cleave","floor":11},{"not_picked":["Clash","Body Slam","Havoc"],"picked":"SKIP","floor":12},{"not_picked":["Impervious","Perfected Strike"],"picked":"Inflame","floor":14},{"not_picked":["Battle Trance","Seeing Red"],"picked":"Shockwave+1","floor":18},{"not_picked":["Clash","Sword Boomerang","Warcry"],"picked":"SKIP","floor":20},{"not_picked":["Sword Boomerang","Flex"],"picked":"Shrug It Off","floor":22},{"not_picked":["Dark Embrace","Intimidate","Infernal Blade"],"picked":"SKIP","floor":23},{"not_picked":["Thunderclap","Cleave","Body Slam"],"picked":"SKIP","floor":25},{"not_picked":["Burning Pact","Anger","Sword Boomerang"],"picked":"SKIP","floor":29},{"not_picked":["Sword Boomerang","Havoc"],"picked":"Ghostly Armor","floor":31}],"player_experience":1202115,"relics_obtained":[{"floor":7,"key":"Mummified Hand"},{"floor":9,"key":"Anchor"},{"floor":13,"key":"Nunchaku"},{"floor":14,"key":"Centennial Puzzle"},{"floor":23,"key":"Matryoshka"},{"floor":25,"key":"Shovel"},{"floor":26,"key":"Gremlin Horn"},{"floor":26,"key":"MawBank"}],"event_choices":[{"damage_healed":0,"gold_gain":0,"player_choice":"Donut","damage_taken":0,"max_hp_gain":5,"max_hp_loss":0,"event_name":"Big Fish","floor":3,"gold_loss":0},{"damage_healed":0,"gold_gain":0,"player_choice":"Grow","damage_taken":0,"max_hp_gain":0,"max_hp_loss":0,"event_name":"Living Wall","floor":5,"gold_loss":0,"cards_upgraded":["Bash"]},{"cards_removed":["Strike_R"],"damage_healed":0,"gold_gain":0,"player_choice":"Card Removal","damage_taken":0,"max_hp_gain":0,"max_hp_loss":0,"event_name":"The Cleric","floor":8,"gold_loss":75},{"damage_healed":0,"gold_gain":50,"player_choice":"Stole From Cult","damage_taken":0,"max_hp_gain":0,"max_hp_loss":0,"event_name":"Nest","floor":19,"gold_loss":0},{"damage_healed":0,"gold_gain":0,"player_choice":"Ignored","damage_taken":0,"max_hp_gain":0,"max_hp_loss":0,"event_name":"The Mausoleum","floor":28,"gold_loss":0},{"cards_removed":["Strike_R"],"damage_healed":0,"gold_gain":0,"player_choice":"Card Removal","damage_taken":0,"max_hp_gain":0,"max_hp_loss":0,"event_name":"Wheel of Change","floor":30,"gold_loss":0}],"is_beta":false,"boss_relics":[{"not_picked":["Runic Dome","Calling Bell"],"picked":"Velvet Choker"}],"items_purged_floors":[21],"is_endless":false,"potions_floor_spawned":[1,4,14,16,23,25,29],"killed_by":"Automaton","ascension_level":20}