{"gold_per_floor":[111,126,143,68,85,85,115,115,183,183,183,183,183,193,193,292,292,305,47,47,47,66,66,66,92,115,115,126,126,86,97,97,192,192,202,216,226,244,259,259,272,272,344,362,362,379,379,379,379,379],"floor_reached":50,"playtime":2689,"items_purged":["Strike_B","Regret"],"score":519,"play_id":"2013a860-5283-4688-9a60-5975b58571dd","local_time":"20190420010212","is_ascension_mode":false,"campfire_choices":[{"data":"Hello World","floor":6,"key":"SMITH"},{"data":"Coolheaded","floor":10,"key":"SMITH"},{"data":"Dualcast","floor":12,"key":"SMITH"},{"data":"Go for the Eyes","floor":13,"key":"SMITH"},{"data":"Hologram","floor":15,"key":"SMITH"},{"data":"Machine Learning","floor":23,"key":"SMITH"},{"data":"Chill","floor":27,"key":"SMITH"},{"data":"Glacier","floor":29,"key":"SMITH"},{"data":"FTL","floor":32,"key":"SMITH"},{"data":"Creative AI","floor":40,"key":"SMITH"},{"data":"Core Surge","floor":42,"key":"SMITH"},{"data":"Defend_B","floor":45,"key":"SMITH"},{"floor":49,"key":"RECALL"}],"neow_cost":"NONE","seed_source_timestamp":54322319653249,"circlet_count":0,"master_deck":["Strike_B","Strike_B","Strike_B","Defend_B+1","Defend_B","Defend_B","Defend_B","Zap+1","Dualcast+1","Go for the Eyes+1","FTL+1","Hologram+1","Hello World+1","Coolheaded+1","Hologram+1","Machine Learning+1","Chill+1","Gash","Self Repair+1","Glacier+1","Shame","Ball Lightning+1","Go for the Eyes+1","Core Surge+1","Conserve Battery+1","Go for the Eyes+1","Gash","Gash","Creative AI+1","Redo+1","Parasite","Gash+1","Madness","Madness"],"relics":["FrozenCore","WingedGreaves","Mercury Hourglass","Strawberry","Sozu","Sundial","Red Mask","DataDisk","Pantograph"],"potions_floor_usage":[16,33],"damage_taken":[{"damage":1,"enemies":"Jaw Worm","floor":1,"turns":3},{"damage":0,"enemies":"Small Slimes","floor":2,"turns":4},{"damage":0,"enemies":"2 Louse","floor":3,"turns":1},{"damage":2,"enemies":"Looter","floor":5,"turns":2},{"damage":14,"enemies":"3 Sentries","floor":7,"turns":8},{"damage":6,"enemies":"Large Slime","floor":14,"turns":4},{"damage":8,"enemies":"The Guardian","floor":16,"turns":9},{"damage":25,"enemies":"2 Thieves","floor":18,"turns":4},{"damage":4,"enemies":"Chosen","floor":22,"turns":6},{"damage":9,"enemies":"Masked Bandits","floor":25,"turns":4},{"damage":1,"enemies":"Sentry and Sphere","floor":28,"turns":4},{"damage":0,"enemies":"Chosen and Byrds","floor":31,"turns":5},{"damage":35,"enemies":"Collector","floor":33,"turns":12},{"damage":2,"enemies":"3 Shapes","floor":35,"turns":5},{"damage":0,"enemies":"Orb Walker","floor":36,"turns":4},{"damage":9,"enemies":"Jaw Worm Horde","floor":37,"turns":6},{"damage":9,"enemies":"Sphere and 2 Shapes","floor":38,"turns":6},{"damage":0,"enemies":"Spire Growth","floor":39,"turns":5},{"damage":2,"enemies":"4 Shapes","floor":41,"turns":5},{"damage":0,"enemies":"Writhing Mass","floor":44,"turns":6},{"damage":17,"enemies":"Jaw Worm Horde","floor":46,"turns":4},{"damage":85,"enemies":"Awakened One","floor":50,"turns":19}],"seed_played":"-6034294656472346155","potions_obtained":[{"floor":1,"key":"Poison Potion"},{"floor":14,"key":"AttackPotion"},{"floor":16,"key":"LiquidBronze"}],"is_trial":false,"path_per_floor":["M","M","M","$","M","R","E","?","T","R","?","R","R","M","R","B",null,"M","$","?","?","M","R","?","?","T","R","M","R","?","M","R","B",null,"M","M","M","M","M","R","M","R","T","M","R","M","T","?","R","B"],"character_chosen":"DEFECT","items_purchased":["Gash","Self Repair","Glacier"],"campfire_rested":0,"item_purchase_floors":[19,19,19],"current_hp_per_floor":[74,74,74,74,72,72,58,58,58,58,65,65,65,59,59,51,82,57,57,57,57,60,60,60,58,58,58,64,64,64,74,74,49,82,82,82,82,82,82,82,82,82,82,82,82,75,75,65,65,0],"gold":379,"neow_bonus":"UPGRADE_CARD","is_prod":false,"is_daily":false,"chose_seed":false,"campfire_upgraded":12,"win_rate":0,"timestamp":1555693332,"path_taken":["M","M","M","$","M","R","E","?","T","R","?","R","R","M","R","BOSS","M","$","?","?","M","R","?","?","T","R","M","R","?","M","R","BOSS","M","M","M","M","M","R","M","R","T","M","R","?","?","?","R","BOSS"],"build_version":"2019-01-23","purchased_purges":2,"victory":false,"max_hp_per_floor":[75,75,75,75,75,75,75,75,75,75,82,82,82,82,82,82,82,82,82,82,82,82,82,82,82,82,82,82,82,82,82,82,82,82,82,82,82,82,82,82,82,82,82,82,82,82,82,82,82,82],"card_choices":[{"not_picked":["Darkness","Turbo"],"picked":"Go for the Eyes","floor":1},{"not_picked":["Coolheaded","Turbo"],"picked":"FTL","floor":2},{"not_picked":["Aggregate","Compile Driver"],"picked":"Hologram","floor":3},{"not_picked":["Turbo","Cold Snap"],"picked":"Hello World","floor":5},{"not_picked":["Steam","Darkness"],"picked":"Coolheaded","floor":7},{"not_picked":["Chaos","Barrage"],"picked":"Hologram","floor":14},{"not_picked":["Rainbow","Reboot"],"picked":"Machine Learning","floor":16},{"not_picked":["Rebound","Hologram"],"picked":"Chill","floor":18},{"not_picked":["Barrage+1","Hologram"],"picked":"Ball Lightning+1","floor":22},{"not_picked":["Cold Snap","Barrage","Conserve Battery"],"picked":"SKIP","floor":28},{"not_picked":["Conserve Battery","Coolheaded"],"picked":"Go for the Eyes+1","floor":31},{"not_picked":["Hyperbeam","Reboot"],"picked":"Core Surge","floor":33},{"not_picked":["Coolheaded","Genetic Algorithm+1"],"picked":"Conserve Battery+1","floor":35},{"not_picked":["Beam Cell+1","Self Repair+1"],"picked":"Go for the Eyes+1","floor":36},{"not_picked":["Fusion","Stack"],"picked":"Gash","floor":37},{"not_picked":["Steam","Hologram"],"picked":"Gash","floor":38},{"not_picked":["Go for the Eyes+1","Rip and Tear+1"],"picked":"Creative AI","floor":39},{"not_picked":["Turbo","Compile Driver+1"],"picked":"Redo+1","floor":41},{"not_picked":["Rip and Tear","Leap+1"],"picked":"Gash+1","floor":44},{"not_picked":["Undo","Ball Lightning","Rainbow"],"picked":"SKIP","floor":46}],"player_experience":458609,"relics_obtained":[{"floor":7,"key":"WingedGreaves"},{"floor":9,"key":"Mercury Hourglass"},{"floor":25,"key":"Red Mask"},{"floor":26,"key":"DataDisk"},{"floor":47,"key":"Pantograph"}],"event_choices":[{"damage_healed":0,"gold_gain":0,"player_choice":"Grow","damage_taken":0,"max_hp_gain":0,"max_hp_loss":0,"event_name":"Living Wall","floor":8,"gold_loss":0,"cards_upgraded":["Hologram"]},{"damage_healed":0,"gold_gain":0,"player_choice":"Box","damage_taken":0,"relics_obtained":["Strawberry"],"max_hp_gain":0,"max_hp_loss":0,"event_name":"Big Fish","floor":11,"gold_loss":0,"cards_obtained":["Regret"]},{"damage_healed":0,"gold_gain":0,"player_choice":"Stole Relic","damage_taken":0,"relics_obtained":["Sundial"],"max_hp_gain":0,"max_hp_loss":0,"event_name":"Addict","floor":20,"gold_loss":0,"cards_obtained":["Shame"]},{"damage_healed":0,"gold_gain":0,"player_choice":"Ignored","damage_taken":0,"max_hp_gain":0,"max_hp_loss":0,"event_name":"Ghosts","floor":21,"gold_loss":0},{"damage_healed":0,"gold_gain":0,"player_choice":"Ignored","damage_taken":0,"max_hp_gain":0,"max_hp_loss":0,"event_name":"Vampires","floor":24,"gold_loss":0},{"damage_healed":0,"gold_gain":0,"player_choice":"Fought Bandits","damage_taken":0,"max_hp_gain":0,"max_hp_loss":0,"event_name":"Masked Bandits","floor":25,"gold_loss":0},{"damage_healed":0,"gold_gain":0,"player_choice":"Upgrade","damage_taken":0,"max_hp_gain":0,"max_hp_loss":0,"event_name":"Designer","floor":30,"gold_loss":40,"cards_upgraded":["Self Repair"]},{"damage_healed":0,"gold_gain":0,"player_choice":"Embrace Madness","damage_taken":10,"max_hp_gain":0,"max_hp_loss":0,"event_name":"Winding Halls","floor":48,"gold_loss":0,"cards_obtained":["Madness","Madness"]}],"is_beta":false,"boss_relics":[{"not_picked":["Pandora\u0027s Box","Velvet Choker"],"picked":"Sozu"},{"not_picked":["Astrolabe","Black Star"],"picked":"FrozenCore"}],"items_purged_floors":[4,19],"is_endless":false,"potions_floor_spawned":[1,14,16,22,31,33,35,37,41,46],"killed_by":"Awakened One","ascension_level":0}