{"gold_per_floor":[116,191,156,67,81,114,114,134,134,134,33,63,63],"floor_reached":13,"playtime":509,"items_purged":[],"score":182,"play_id":"56bb2cc3-08a0-4035-8026-8ffe7bab199c","local_time":"20190306225622","is_ascension_mode":true,"campfire_choices":[{"data":"Noxious Fumes","floor":7,"key":"SMITH"},{"floor":10,"key":"REST"}],"neow_cost":"NONE","seed_source_timestamp":667382123519223,"circlet_count":0,"master_deck":["AscendersBane","Defend_G","Defend_G","Defend_G","Defend_G","Defend_G","Strike_G","Strike_G","Strike_G","Strike_G","Strike_G","Survivor","Neutralize","Cloak And Dagger","Noxious Fumes+1","Blade Dance","Caltrops","PiercingWail","Poisoned Stab","Bandage Up","A Thousand Cuts"],"relics":["Ring of the Snake","Du-Vu Doll","Lantern"],"potions_floor_usage":[12,12,12,13],"damage_taken":[{"damage":6,"enemies":"2 Louse","floor":1,"turns":3},{"damage":1,"enemies":"Small Slimes","floor":5,"turns":4},{"damage":26,"enemies":"3 Sentries","floor":6,"turns":9},{"damage":8,"enemies":"Cultist","floor":8,"turns":4},{"damage":26,"enemies":"Lagavulin","floor":12,"turns":7},{"damage":29,"enemies":"Exordium Thugs","floor":13,"turns":5}],"seed_played":"5967859693203060470","potions_obtained":[{"floor":0,"key":"EntropicBrew"},{"floor":0,"key":"Energy Potion"},{"floor":6,"key":"PowerPotion"}],"is_trial":false,"path_per_floor":["M","?","?","$","M","E","R","M","T","R","$","E","M"],"character_chosen":"THE_SILENT","items_purchased":["Noxious Fumes","Blade Dance","Bandage Up"],"campfire_rested":1,"item_purchase_floors":[4,4,11],"current_hp_per_floor":[53,42,58,58,57,31,31,23,23,42,42,20,0],"gold":63,"neow_bonus":"THREE_SMALL_POTIONS","is_prod":false,"is_daily":false,"chose_seed":false,"campfire_upgraded":1,"win_rate":0,"timestamp":1551880582,"path_taken":["M","?","?","$","M","E","R","M","T","R","$","E","M"],"build_version":"2019-01-23","purchased_purges":0,"victory":false,"max_hp_per_floor":[66,66,66,66,66,66,66,66,66,66,66,66,66],"card_choices":[{"not_picked":["Poisoned Stab","Deadly Poison"],"picked":"Cloak And Dagger","floor":1},{"not_picked":["Flying Knee","Dash"],"picked":"Caltrops","floor":5},{"not_picked":["Poisoned Stab","Masterful Stab"],"picked":"PiercingWail","floor":6},{"not_picked":["Terror","Storm of Steel"],"picked":"Poisoned Stab","floor":8},{"not_picked":["Predator","Cloak And Dagger"],"picked":"A Thousand Cuts","floor":12}],"player_experience":636979,"relics_obtained":[{"floor":6,"key":"Du-Vu Doll"},{"floor":12,"key":"Lantern"}],"event_choices":[{"damage_healed":0,"gold_gain":75,"player_choice":"Gather Gold","damage_taken":11,"max_hp_gain":0,"max_hp_loss":0,"event_name":"World of Goop","floor":2,"gold_loss":0},{"damage_healed":16,"gold_gain":0,"player_choice":"Healed","damage_taken":0,"max_hp_gain":0,"max_hp_loss":0,"event_name":"The Cleric","floor":3,"gold_loss":35}],"is_beta":false,"boss_relics":[],"items_purged_floors":[],"is_endless":false,"potions_floor_spawned":[6],"killed_by":"Exordium Thugs","ascension_level":20}