{"gold_per_floor":[113,130,148,162,12,12,31,31,56,56,113,145,157,188,200,316,328,351,363,375,399,424,436,474,506,518,548,560,589,614,61,61,61],"floor_reached":33,"playtime":1795,"items_purged":["Pain"],"score":271,"play_id":"bf7003c5-c23e-40d6-9a5d-b6206ec7c1d4","local_time":"20190203200641","daily_mods":["SealedDeck"],"is_ascension_mode":false,"campfire_choices":[{"data":"Noxious Fumes","floor":6,"key":"SMITH"},{"data":"Bouncing Flask","floor":8,"key":"SMITH"},{"data":"Dodge and Roll","floor":10,"key":"SMITH"},{"data":"Dodge and Roll","floor":13,"key":"SMITH"},{"data":"Deflect","floor":15,"key":"SMITH"},{"data":"Catalyst","floor":23,"key":"SMITH"},{"floor":28,"key":"REST"},{"floor":32,"key":"REST"}],"neow_cost":"","seed_source_timestamp":0,"circlet_count":0,"master_deck":["PiercingWail","Poisoned Stab","Poisoned Stab+1","Poisoned Stab","Deflect+1","Blur","Deflect","Deflect","Dodge and Roll+1","Noxious Fumes+1","Expertise","Bouncing Flask+1","Dodge and Roll+1","Bane+1","Catalyst+1","Backflip+1","Noxious Fumes+1"],"relics":["Ring of the Snake","Whetstone","Blood Vial","MawBank","Cursed Key","WarpedTongs","Omamori","Kunai","DollysMirror","Torii"],"potions_floor_usage":[7,16,25,29,33],"damage_taken":[{"damage":0,"enemies":"Cultist","floor":1,"turns":2},{"damage":1,"enemies":"Jaw Worm","floor":2,"turns":4},{"damage":1,"enemies":"2 Louse","floor":3,"turns":2},{"damage":1,"enemies":"Red Slaver","floor":4,"turns":3},{"damage":6,"enemies":"Lots of Slimes","floor":7,"turns":4},{"damage":3,"enemies":"3 Sentries","floor":12,"turns":5},{"damage":1,"enemies":"2 Fungi Beasts","floor":14,"turns":3},{"damage":8,"enemies":"Slime Boss","floor":16,"turns":7},{"damage":8,"enemies":"2 Thieves","floor":18,"turns":4},{"damage":3,"enemies":"Chosen","floor":21,"turns":3},{"damage":12,"enemies":"Shelled Parasite and Fungi","floor":22,"turns":3},{"damage":26,"enemies":"Gremlin Leader","floor":24,"turns":5},{"damage":9,"enemies":"Snake Plant","floor":25,"turns":4},{"damage":8,"enemies":"Snecko","floor":27,"turns":5},{"damage":11,"enemies":"Cultist and Chosen","floor":29,"turns":4},{"damage":15,"enemies":"Snake Plant","floor":30,"turns":3},{"damage":38,"enemies":"Automaton","floor":33,"turns":6}],"seed_played":"-4653185061120267437","potions_obtained":[{"floor":1,"key":"PowerPotion"},{"floor":2,"key":"FearPotion"},{"floor":14,"key":"Poison Potion"},{"floor":22,"key":"Energy Potion"},{"floor":24,"key":"PowerPotion"},{"floor":29,"key":"Poison Potion"}],"is_trial":true,"path_per_floor":["M","M","M","M","$","R","M","R","T","R","?","E","R","M","R","B",null,"M","?","?","M","M","R","E","M","T","M","R","M","M","$","R","B"],"character_chosen":"THE_SILENT","items_purchased":["Whetstone","DollysMirror","Torii"],"campfire_rested":2,"item_purchase_floors":[5,31,31],"current_hp_per_floor":[70,69,68,67,67,67,61,61,61,61,61,60,60,61,61,55,70,62,62,62,61,51,51,27,20,20,14,35,26,13,13,34,0],"gold":61,"neow_bonus":"","is_prod":false,"is_daily":false,"chose_seed":false,"campfire_upgraded":6,"win_rate":0,"timestamp":1549220801,"path_taken":["M","M","?","M","$","R","M","R","T","R","?","E","R","M","R","BOSS","M","?","?","?","M","R","E","M","T","M","R","M","M","$","R","BOSS"],"build_version":"2019-01-23","purchased_purges":1,"victory":false,"max_hp_per_floor":[70,70,70,70,70,70,70,70,70,70,70,70,70,70,70,70,70,70,70,70,70,70,70,70,70,70,70,70,70,70,70,70,70],"card_choices":[{"not_picked":["Slice","Quick Slash"],"picked":"Expertise","floor":1},{"not_picked":["Distraction","Sucker Punch"],"picked":"Bouncing Flask","floor":2},{"not_picked":["Cloak And Dagger","Bullet Time"],"picked":"Dodge and Roll","floor":3},{"not_picked":["Concentrate","Cloak And Dagger"],"picked":"Bane","floor":4},{"not_picked":["Cloak And Dagger","Blade Dance","Dagger Throw"],"picked":"SKIP","floor":7},{"not_picked":["Escape Plan","Poisoned Stab","Riddle With Holes"],"picked":"SKIP","floor":12},{"not_picked":["Bane","Backflip","Skewer"],"picked":"SKIP","floor":14},{"not_picked":["PiercingWail","Prepared"],"picked":"Catalyst","floor":18},{"not_picked":["Backstab","Deadly Poison+1","Slice+1"],"picked":"SKIP","floor":21},{"not_picked":["Cloak And Dagger","Prepared","PiercingWail+1"],"picked":"SKIP","floor":22},{"not_picked":["Calculated Gamble+1","Masterful Stab+1","Dodge and Roll"],"picked":"SKIP","floor":24},{"not_picked":["Flying Knee","Masterful Stab+1","Blur"],"picked":"SKIP","floor":25},{"not_picked":["Outmaneuver+1","Catalyst"],"picked":"Backflip+1","floor":27},{"not_picked":["Unload","Expertise+1","Well Laid Plans+1"],"picked":"SKIP","floor":29},{"not_picked":["Setup","Poisoned Stab","Flying Knee"],"picked":"SKIP","floor":30}],"player_experience":313722,"relics_obtained":[{"floor":9,"key":"Blood Vial"},{"floor":12,"key":"MawBank"},{"floor":24,"key":"Omamori"},{"floor":26,"key":"Kunai"}],"event_choices":[{"damage_healed":0,"gold_gain":57,"player_choice":"Gained Gold","damage_taken":0,"max_hp_gain":0,"max_hp_loss":0,"event_name":"Golden Wing","floor":11,"gold_loss":0},{"damage_healed":0,"gold_gain":0,"player_choice":"Ignored","damage_taken":0,"max_hp_gain":0,"max_hp_loss":0,"event_name":"Vampires","floor":19,"gold_loss":0},{"damage_healed":0,"gold_gain":0,"player_choice":"Rummage","damage_taken":0,"relics_obtained":["WarpedTongs"],"max_hp_gain":0,"max_hp_loss":0,"event_name":"Accursed Blacksmith","floor":20,"gold_loss":0,"cards_obtained":["Pain"]}],"is_beta":false,"boss_relics":[{"not_picked":["Ring of the Serpent","Busted Crown"],"picked":"Cursed Key"}],"items_purged_floors":[31],"is_endless":false,"potions_floor_spawned":[1,2,14,22,24,29],"killed_by":"Automaton","ascension_level":0}