{"gold_per_floor":[114,39,39,50,127,143,174,18,70,86,86,96,96,124,124,198,198,218,218,218,133,133,133,160,160,184,184,49,69,17,31,31,106,106,117,131,131,145,145,145,175,175,198,230,245,4,0,0,0,0,0,0,0,0,35,35],"floor_reached":56,"playtime":4131,"items_purged":["Pain","Writhe","Strike_G"],"score":1858,"play_id":"74ba9fe3-4765-451f-90a5-b527c5b3fb24","local_time":"20190412104552","is_ascension_mode":true,"campfire_choices":[{"data":"Crippling Poison","floor":11.0,"key":"SMITH"},{"floor":13.0,"key":"REST"},{"data":"Footwork","floor":15.0,"key":"SMITH"},{"floor":23.0,"key":"REST"},{"floor":25.0,"key":"REST"},{"floor":32.0,"key":"REST"},{"data":"Footwork","floor":40.0,"key":"SMITH"},{"floor":42.0,"key":"REST"},{"floor":49.0,"key":"RECALL"},{"data":"Well Laid Plans","floor":53.0,"key":"SMITH"}],"neow_cost":"NONE","seed_source_timestamp":1213693927356841,"circlet_count":0,"master_deck":["AscendersBane","Defend_G","Defend_G+1","Defend_G","Defend_G","Defend_G","Strike_G+1","Survivor","Neutralize","Caltrops","Predator+1","Crippling Poison+1","Well Laid Plans+1","Dagger Throw","Footwork+1","Leg Sweep","Cloak And Dagger","Malaise+1","Heel Hook+1","RitualDagger","Noxious Fumes+1","Footwork+1","Deadly Poison","Dodge and Roll","Corpse Explosion","Escape Plan","Cloak And Dagger+1","PiercingWail"],"special_seed":0,"relics":["Ring of the Snake","Potion Belt","WarpedTongs","Lantern","Smiling Mask","Bronze Scales","Empty Cage","PreservedInsect","Blood Vial","Bag of Marbles","War Paint","Enchiridion","Eternal Feather","Bag of Preparation","Whetstone","Red Mask","Orichalcum"],"potions_floor_usage":[],"damage_taken":[{"damage":0.0,"enemies":"Cultist","floor":1.0,"turns":4.0},{"damage":9.0,"enemies":"2 Louse","floor":4.0,"turns":3.0},{"damage":8.0,"enemies":"Small Slimes","floor":6.0,"turns":4.0},{"damage":20.0,"enemies":"Lagavulin","floor":7.0,"turns":7.0},{"damage":1.0,"enemies":"2 Fungi Beasts","floor":10.0,"turns":3.0},{"damage":0.0,"enemies":"Looter","floor":12.0,"turns":3.0},{"damage":12.0,"enemies":"3 Sentries","floor":14.0,"turns":8.0},{"damage":7.0,"enemies":"The Guardian","floor":16.0,"turns":11.0},{"damage":3.0,"enemies":"Chosen","floor":18.0,"turns":7.0},{"damage":22.0,"enemies":"Colosseum Slavers","floor":22.0,"turns":4.0},{"damage":19.0,"enemies":"Slavers","floor":24.0,"turns":5.0},{"damage":2.0,"enemies":"3 Byrds","floor":29.0,"turns":3.0},{"damage":21.0,"enemies":"3 Cultists","floor":31.0,"turns":6.0},{"damage":11.0,"enemies":"Automaton","floor":33.0,"turns":11.0},{"damage":1.0,"enemies":"3 Shapes","floor":35.0,"turns":7.0},{"damage":6.0,"enemies":"3 Darklings","floor":36.0,"turns":3.0},{"damage":1.0,"enemies":"Writhing Mass","floor":38.0,"turns":8.0},{"damage":58.0,"enemies":"Reptomancer","floor":41.0,"turns":8.0},{"damage":12.0,"enemies":"Nemesis","floor":44.0,"turns":9.0},{"damage":3.0,"enemies":"Jaw Worm Horde","floor":45.0,"turns":4.0},{"damage":40.0,"enemies":"Time Eater","floor":50.0,"turns":18.0},{"damage":3.0,"enemies":"Awakened One","floor":51.0,"turns":33.0},{"damage":32.0,"enemies":"Shield and Spear","floor":55.0,"turns":8.0},{"damage":67,"enemies":"The Heart","floor":56,"turns":3}],"seed_played":"4417012390853721906","potions_obtained":[{"floor":4.0,"key":"Weak Potion"},{"floor":7.0,"key":"SkillPotion"},{"floor":10.0,"key":"Weak Potion"},{"floor":16.0,"key":"SpeedPotion"},{"floor":18.0,"key":"SteroidPotion"},{"floor":31.0,"key":"Strength Potion"},{"floor":35.0,"key":"Swift Potion"},{"floor":44.0,"key":"Weak Potion"},{"floor":45.0,"key":"GhostInAJar"}],"is_trial":false,"path_per_floor":["M","?","?","M","?","M","E","$","T","M","R","M","R","E","R","B",null,"M","?","?","?","?","R","E","R","T","?","$","M","$","M","R","B",null,"M","M","?","M","?","R","E","R","T","E","M","$","?","$","R","B","B",null,"R","$","E","B"],"character_chosen":"THE_SILENT","items_purchased":["Dagger Throw","SteroidPotion","Footwork","Deadly Poison","GhostInAJar","Dexterity Potion","Energy Potion"],"campfire_rested":5,"item_purchase_floors":[8,8,28,30,46,46,46],"current_hp_per_floor":[59,59,59,50,50,42,22,22,22,21,21,21,40,28,28,21,55,52,52,46,46,26,45,28,47,47,26,26,26,26,7,26,17,54,55,51,51,52,52,63,5,38,38,28,27,27,27,27,42,4,3,48,63,63,31,0],"gold":35,"neow_bonus":"RANDOM_COMMON_RELIC","is_prod":false,"is_daily":false,"chose_seed":false,"campfire_upgraded":4,"win_rate":0,"timestamp":1555033552,"path_taken":["M","?","?","?","?","M","E","$","T","M","R","M","R","E","R","BOSS","M","?","?","?","?","R","E","R","T","?","$","M","?","M","R","BOSS","M","M","?","M","?","R","E","R","T","E","M","$","?","$","R","BOSS","BOSS","R","$","E","BOSS"],"build_version":"2019-01-23","purchased_purges":3,"victory":false,"max_hp_per_floor":[66,66,66,66,66,66,66,66,66,66,66,66,66,66,66,66,66,66,66,66,66,66,66,66,66,66,66,66,66,66,66,66,66,66,66,66,66,66,63,63,63,63,63,63,63,63,63,63,63,63,63,63,63,63,63,63],"card_choices":[{"not_picked":["Bane","Dagger Throw"],"picked":"Caltrops","floor":1.0},{"not_picked":["Bouncing Flask","Accuracy"],"picked":"Predator","floor":4.0},{"not_picked":["Acrobatics","Dash"],"picked":"Crippling Poison","floor":6.0},{"not_picked":["Choke","Deflect"],"picked":"Well Laid Plans","floor":7.0},{"not_picked":["Dagger Spray","Heel Hook"],"picked":"Footwork","floor":10.0},{"not_picked":["Flechettes","Dagger Spray"],"picked":"Leg Sweep","floor":12.0},{"not_picked":["Predator","A Thousand Cuts"],"picked":"Cloak And Dagger","floor":14.0},{"not_picked":["Grand Finale","Burst"],"picked":"Malaise","floor":16.0},{"not_picked":["Cloak And Dagger","Deflect"],"picked":"Heel Hook+1","floor":18.0},{"not_picked":["Deadly Poison","Deflect"],"picked":"Noxious Fumes+1","floor":24.0},{"not_picked":["Dagger Spray","Sucker Punch","Concentrate"],"picked":"SKIP","floor":29.0},{"not_picked":["Deadly Poison+1","Concentrate"],"picked":"Dodge and Roll","floor":31.0},{"not_picked":["Grand Finale","Night Terror"],"picked":"Corpse Explosion","floor":33.0},{"not_picked":["Prepared","Underhanded Strike","Outmaneuver+1"],"picked":"SKIP","floor":35.0},{"not_picked":["Bouncing Flask","Finisher+1","Quick Slash"],"picked":"SKIP","floor":36.0},{"not_picked":["Deflect","Finisher"],"picked":"Escape Plan","floor":38.0},{"not_picked":["Sucker Punch","Bouncing Flask"],"picked":"Cloak And Dagger+1","floor":41.0},{"not_picked":["Prepared+1","Underhanded Strike"],"picked":"PiercingWail","floor":44.0},{"not_picked":["Distraction","Cloak And Dagger+1","Poisoned Stab+1"],"picked":"SKIP","floor":45.0},{"not_picked":["Masterful Stab","Underhanded Strike","Deadly Poison"],"picked":"SKIP","floor":55.0}],"player_experience":899732,"relics_obtained":[{"floor":7.0,"key":"Lantern"},{"floor":9.0,"key":"Smiling Mask"},{"floor":14.0,"key":"Bronze Scales"},{"floor":24.0,"key":"Bag of Marbles"},{"floor":26.0,"key":"War Paint"},{"floor":27.0,"key":"Enchiridion"},{"floor":41.0,"key":"Bag of Preparation"},{"floor":44.0,"key":"Whetstone"},{"floor":55.0,"key":"Orichalcum"}],"event_choices":[{"cards_removed":["Strike_G"],"damage_healed":0.0,"max_hp_gain":0.0,"max_hp_loss":0.0,"gold_gain":0.0,"event_name":"The Cleric","player_choice":"Card Removal","floor":2.0,"gold_loss":75.0,"damage_taken":0.0},{"damage_healed":0.0,"max_hp_gain":0.0,"max_hp_loss":0.0,"gold_gain":0.0,"event_name":"Accursed Blacksmith","player_choice":"Rummage","floor":3.0,"gold_loss":0.0,"damage_taken":0.0,"relics_obtained":["WarpedTongs"],"cards_obtained":["Pain"]},{"damage_healed":0.0,"max_hp_gain":0.0,"max_hp_loss":0.0,"gold_gain":77.0,"event_name":"Golden Wing","player_choice":"Gained Gold","floor":5.0,"gold_loss":0.0,"damage_taken":0.0},{"damage_healed":0.0,"max_hp_gain":0.0,"max_hp_loss":0.0,"gold_gain":0.0,"event_name":"The Mausoleum","player_choice":"Opened","floor":19.0,"gold_loss":0.0,"damage_taken":0.0,"relics_obtained":["PreservedInsect"],"cards_obtained":["Writhe"]},{"damage_healed":0.0,"max_hp_gain":0.0,"max_hp_loss":0.0,"gold_gain":0.0,"event_name":"Nest","player_choice":"Joined the Cult","floor":20.0,"gold_loss":0.0,"damage_taken":6.0,"cards_obtained":["RitualDagger"]},{"damage_healed":0.0,"max_hp_gain":0.0,"max_hp_loss":0.0,"gold_gain":0.0,"event_name":"Addict","player_choice":"Obtained Relic","floor":21.0,"gold_loss":85.0,"damage_taken":0.0,"relics_obtained":["Blood Vial"]},{"damage_healed":0.0,"max_hp_gain":0.0,"max_hp_loss":0.0,"gold_gain":0.0,"event_name":"Colosseum","player_choice":"Fight","floor":22.0,"gold_loss":0.0,"damage_taken":0.0},{"damage_healed":0.0,"max_hp_gain":0.0,"max_hp_loss":0.0,"gold_gain":0.0,"event_name":"Colosseum","player_choice":"Fled From Nobs","floor":22.0,"gold_loss":0.0,"damage_taken":0.0},{"damage_healed":0.0,"max_hp_gain":0.0,"max_hp_loss":0.0,"gold_gain":0.0,"event_name":"Cursed Tome","player_choice":"Obtained Book","floor":27.0,"gold_loss":0.0,"damage_taken":21.0},{"damage_healed":0.0,"max_hp_gain":0.0,"max_hp_loss":0.0,"gold_gain":0.0,"event_name":"SensoryStone","player_choice":"Memory 1","floor":37.0,"gold_loss":0.0,"damage_taken":0.0},{"damage_healed":0.0,"max_hp_gain":0.0,"max_hp_loss":3.0,"gold_gain":0.0,"event_name":"Winding Halls","player_choice":"Max HP","floor":39.0,"gold_loss":0.0,"damage_taken":0.0},{"damage_healed":0.0,"max_hp_gain":0.0,"max_hp_loss":0.0,"gold_gain":0.0,"event_name":"Tomb of Lord Red Mask","player_choice":"Paid","floor":47.0,"gold_loss":4.0,"damage_taken":0.0,"relics_obtained":["Red Mask"]}],"is_beta":false,"boss_relics":[{"not_picked":["HoveringKite","Tiny House"],"picked":"Empty Cage"},{"not_picked":["Orrery","Calling Bell"],"picked":"Eternal Feather"}],"items_purged_floors":[8,28,46],"is_endless":false,"potions_floor_spawned":[4,7,10,16,18,31,35,44,45],"killed_by":"The Heart","ascension_level":20}