{"gold_per_floor":[19,19,19,39,53,53,65,65,88,59,59,12,40,40,40,40],"floor_reached":16,"playtime":517,"items_purged":[],"score":196,"play_id":"a80d0e10-d12a-41d3-ac1a-d9403a2c9ebb","local_time":"20190218175844","is_ascension_mode":true,"campfire_choices":[{"data":"Zap","floor":6,"key":"SMITH"},{"data":"Sunder","floor":8,"key":"SMITH"},{"data":"Doom and Gloom","floor":11,"key":"SMITH"},{"data":"Dualcast","floor":15,"key":"SMITH"}],"neow_cost":"NO_GOLD","seed_source_timestamp":2276189883632308,"circlet_count":0,"master_deck":["AscendersBane","Strike_B","Strike_B","Defend_B","Defend_B","Defend_B","Defend_B","Zap+1","Dualcast+1","Amplify","Scrape","Self Repair","Doom and Gloom+1","Sunder+1","Glacier","Ball Lightning"],"relics":["Cracked Core","Strawberry","Art of War","The Courier"],"potions_floor_usage":[16],"damage_taken":[{"damage":11,"enemies":"Small Slimes","floor":1,"turns":4},{"damage":7,"enemies":"Jaw Worm","floor":4,"turns":5},{"damage":6,"enemies":"2 Louse","floor":5,"turns":4},{"damage":4,"enemies":"Red Slaver","floor":7,"turns":4},{"damage":20,"enemies":"Lagavulin","floor":13,"turns":7},{"damage":71,"enemies":"Hexaghost","floor":16,"turns":12}],"seed_played":"224639984945558426","potions_obtained":[{"floor":1,"key":"Ancient Potion"},{"floor":4,"key":"SteroidPotion"},{"floor":13,"key":"Fruit Juice"}],"is_trial":false,"path_per_floor":["M","$","?","M","M","R","M","R","T","$","R","?","E","T","R","B"],"character_chosen":"DEFECT","items_purchased":["Ball Lightning"],"campfire_rested":0,"item_purchase_floors":[10],"current_hp_per_floor":[53,53,53,53,61,61,71,71,78,78,78,78,65,65,65,0],"gold":40,"neow_bonus":"TRANSFORM_TWO_CARDS","is_prod":false,"is_daily":false,"chose_seed":false,"campfire_upgraded":4,"win_rate":0,"timestamp":1550480324,"path_taken":["M","$","?","M","M","R","M","R","T","$","R","?","E","?","R","BOSS"],"build_version":"2019-01-23","purchased_purges":0,"victory":false,"max_hp_per_floor":[71,71,71,71,71,71,71,71,78,78,78,78,78,78,78,83],"card_choices":[{"not_picked":["Turbo","Redo"],"picked":"Self Repair","floor":1},{"not_picked":["Ball Lightning","Hologram"],"picked":"Doom and Gloom","floor":4},{"not_picked":["Turbo","Streamline"],"picked":"Sunder","floor":5},{"not_picked":["Coolheaded","Defragment"],"picked":"Glacier","floor":7},{"not_picked":["Redo","Blizzard","Stack"],"picked":"SKIP","floor":13}],"player_experience":563895,"relics_obtained":[{"floor":9,"key":"Strawberry"},{"floor":13,"key":"Art of War"},{"floor":14,"key":"The Courier"}],"event_choices":[{"damage_healed":0,"gold_gain":0,"player_choice":"Leave","damage_taken":0,"max_hp_gain":0,"max_hp_loss":0,"event_name":"The Cleric","floor":3,"gold_loss":0},{"damage_healed":0,"gold_gain":0,"player_choice":"Left Gold","damage_taken":0,"max_hp_gain":0,"max_hp_loss":0,"event_name":"World of Goop","floor":12,"gold_loss":47}],"is_beta":false,"boss_relics":[],"items_purged_floors":[],"is_endless":false,"potions_floor_spawned":[1,4,5,13],"killed_by":"Hexaghost","ascension_level":20}