{"gold_per_floor":[116,116,41,53,70,96,96,96,96,96,96,122,8,41,41,116,116,131,131,131,231,243,243,272,272,272,284,303,322,322,334,334,412,412,422,422,437,451,8,8,18,18,45,45,76,88,113,145,157,169,181],"floor_reached":51,"playtime":2571,"items_purged":["Strike_R"],"score":1455,"play_id":"46fe26b6-8cb4-4d3d-b031-9c80768fdc23","local_time":"20190316130727","is_ascension_mode":true,"campfire_choices":[{"data":"Immolate","floor":7,"key":"SMITH"},{"floor":11,"key":"REST"},{"data":"Clothesline","floor":15,"key":"SMITH"},{"floor":23,"key":"REST"},{"data":"Spot Weakness","floor":30,"key":"SMITH"},{"floor":32,"key":"REST"},{"floor":40,"key":"REST"},{"floor":46,"key":"REST"},{"floor":49,"key":"REST"}],"neow_cost":"NONE","seed_source_timestamp":805382986801373,"circlet_count":0,"master_deck":["AscendersBane","Strike_R","Strike_R","Strike_R","Strike_R","Defend_R","Defend_R","Defend_R","Defend_R","Bash+1","Clothesline+1","Battle Trance","Immolate+1","Shrug It Off","Battle Trance","Dropkick","RitualDagger","Anger","Shrug It Off","Spot Weakness+1","Uppercut+1","Shrug It Off","Intimidate","Double Tap","Bandage Up","Disarm","Heavy Blade","Shockwave+1","Armaments+1"],"relics":["Burning Blood","Frozen Egg 2","Shuriken","Matryoshka","Mercury Hourglass","Singing Bowl","Omamori","The Courier","Sozu","Kunai","Prayer Wheel","Letter Opener","Girya","Blood Vial","Shovel","Runic Pyramid","NlothsMask","Art of War","MawBank"],"potions_floor_usage":[12,21,21],"damage_taken":[{"damage":5,"enemies":"2 Louse","floor":1,"turns":3},{"damage":4,"enemies":"Small Slimes","floor":4,"turns":3},{"damage":4,"enemies":"Jaw Worm","floor":5,"turns":4},{"damage":37,"enemies":"3 Sentries","floor":6,"turns":5},{"damage":14,"enemies":"Gremlin Nob","floor":12,"turns":4},{"damage":7,"enemies":"3 Sentries","floor":14,"turns":4},{"damage":25,"enemies":"Slime Boss","floor":16,"turns":7},{"damage":28,"enemies":"3 Byrds","floor":18,"turns":3},{"damage":6,"enemies":"Colosseum Slavers","floor":21,"turns":2},{"damage":15,"enemies":"Colosseum Nobs","floor":21,"turns":3},{"damage":15,"enemies":"Shell Parasite","floor":22,"turns":3},{"damage":25,"enemies":"Slavers","floor":24,"turns":4},{"damage":6,"enemies":"Cultist and Chosen","floor":27,"turns":3},{"damage":11,"enemies":"Snake Plant","floor":28,"turns":3},{"damage":4,"enemies":"Centurion and Healer","floor":29,"turns":4},{"damage":32,"enemies":"Cultist and Chosen","floor":31,"turns":5},{"damage":69,"enemies":"Champ","floor":33,"turns":7},{"damage":14,"enemies":"3 Shapes","floor":35,"turns":5},{"damage":13,"enemies":"3 Darklings","floor":37,"turns":3},{"damage":30,"enemies":"Sphere and 2 Shapes","floor":38,"turns":5},{"damage":32,"enemies":"Maw","floor":41,"turns":7},{"damage":30,"enemies":"Nemesis","floor":45,"turns":5},{"damage":11,"enemies":"Jaw Worm Horde","floor":47,"turns":4},{"damage":9,"enemies":"4 Shapes","floor":48,"turns":5},{"damage":72,"enemies":"Awakened One","floor":50,"turns":10},{"damage":70,"enemies":"Time Eater","floor":51,"turns":5}],"seed_played":"-8183632884880047273","potions_obtained":[{"floor":6,"key":"SkillPotion"},{"floor":14,"key":"FairyPotion"},{"floor":16,"key":"Weak Potion"}],"is_trial":false,"path_per_floor":["M","?","?","M","M","E","R","?","T","?","R","E","$","E","R","B",null,"M","?","?","?","M","R","E","?","T","M","M","M","R","M","R","B",null,"M","?","M","M","$","R","M","?","T","?","E","R","M","M","R","B","B"],"character_chosen":"IRONCLAD","items_purchased":["Shrug It Off","Block Potion","Double Tap","Art of War","Bandage Up","Disarm"],"campfire_rested":6,"item_purchase_floors":[13,13,39,39,39,39],"current_hp_per_floor":[76,76,76,78,80,49,49,31,31,31,55,49,49,48,48,29,70,48,42,42,35,30,57,38,56,56,60,59,65,65,45,75,16,81,77,77,76,56,56,89,71,71,71,71,53,86,91,96,118,56,0],"gold":181,"neow_bonus":"TEN_PERCENT_HP_BONUS","is_prod":false,"is_daily":false,"chose_seed":false,"campfire_upgraded":3,"win_rate":0,"timestamp":1552709247,"path_taken":["M","?","?","M","M","E","R","?","T","?","R","E","?","E","R","BOSS","M","?","?","?","M","R","E","?","T","?","M","M","R","M","R","BOSS","M","?","M","?","$","R","?","?","T","?","E","R","M","?","R","BOSS","BOSS"],"build_version":"2019-01-23","purchased_purges":1,"victory":false,"max_hp_per_floor":[82,82,82,82,82,82,82,82,82,82,82,84,84,84,84,84,84,84,84,84,86,90,90,90,90,90,92,94,96,96,100,100,102,102,104,104,108,110,110,110,112,112,112,112,112,112,116,118,118,118,118],"card_choices":[{"not_picked":["Warcry","Combust"],"picked":"Clothesline","floor":1},{"not_picked":["Pommel Strike","True Grit"],"picked":"Battle Trance","floor":4},{"not_picked":["Headbutt","Uppercut"],"picked":"Immolate","floor":5},{"not_picked":["Cleave","True Grit","Clothesline"],"picked":"SKIP","floor":6},{"not_picked":["Clash","Flame Barrier","Combust+1"],"picked":"Singing Bowl","floor":12},{"not_picked":["Cleave","True Grit"],"picked":"Battle Trance","floor":14},{"not_picked":["Fiend Fire","Berserk+1"],"picked":"Offering","floor":16},{"not_picked":["Pommel Strike+1","Power Through"],"picked":"Dropkick","floor":18},{"not_picked":["Pommel Strike","Headbutt","True Grit"],"picked":"Singing Bowl","floor":21},{"not_picked":["Twin Strike","Perfected Strike","Evolve+1"],"picked":"Singing Bowl","floor":22},{"not_picked":["Rage","Wild Strike","Havoc"],"picked":"Singing Bowl","floor":22},{"not_picked":["Twin Strike","Bludgeon"],"picked":"Anger","floor":24},{"not_picked":["Perfected Strike","Reckless Charge"],"picked":"Shrug It Off","floor":27},{"not_picked":["Heavy Blade+1","Searing Blow","Sword Boomerang"],"picked":"Singing Bowl","floor":27},{"not_picked":["Havoc","Double Tap"],"picked":"Spot Weakness","floor":28},{"not_picked":["Power Through","Infernal Blade","Perfected Strike"],"picked":"Singing Bowl","floor":28},{"not_picked":["Sword Boomerang","Warcry"],"picked":"Uppercut+1","floor":29},{"not_picked":["Pummel","Rupture+1","Burning Pact"],"picked":"Singing Bowl","floor":29},{"not_picked":["Blood for Blood","Iron Wave","Havoc"],"picked":"Singing Bowl","floor":31},{"not_picked":["Perfected Strike","Battle Trance","Sever Soul"],"picked":"Singing Bowl","floor":31},{"not_picked":["Juggernaut+1","Barricade+1","Immolate"],"picked":"Singing Bowl","floor":33},{"not_picked":["Blood for Blood","Anger"],"picked":"Shrug It Off","floor":35},{"not_picked":["Headbutt","Thunderclap+1","Havoc"],"picked":"Singing Bowl","floor":35},{"not_picked":["Pommel Strike+1","Carnage","Warcry+1"],"picked":"Singing Bowl","floor":37},{"not_picked":["Second Wind","Dual Wield","Havoc+1"],"picked":"Singing Bowl","floor":37},{"not_picked":["Havoc","Ghostly Armor"],"picked":"Intimidate","floor":38},{"not_picked":["Sentinel","True Grit","Cleave"],"picked":"Singing Bowl","floor":38},{"not_picked":["Pummel","Pommel Strike","Cleave"],"picked":"Singing Bowl","floor":41},{"not_picked":["Warcry","Brutality+1"],"picked":"Heavy Blade","floor":41},{"not_picked":["Warcry","Feel No Pain+1"],"picked":"Shockwave+1","floor":45},{"not_picked":["Infernal Blade+1","True Grit","Rampage"],"picked":"Singing Bowl","floor":47},{"not_picked":["Wild Strike","Clash","Sever Soul"],"picked":"Singing Bowl","floor":47},{"not_picked":["Sword Boomerang","Carnage"],"picked":"Armaments+1","floor":48},{"not_picked":["Iron Wave+1","Fire Breathing+1","Rampage"],"picked":"Singing Bowl","floor":48}],"player_experience":717331,"relics_obtained":[{"floor":6,"key":"Shuriken"},{"floor":9,"key":"Mercury Hourglass"},{"floor":9,"key":"Singing Bowl"},{"floor":12,"key":"Omamori"},{"floor":14,"key":"The Courier"},{"floor":21,"key":"Prayer Wheel"},{"floor":21,"key":"Letter Opener"},{"floor":24,"key":"Girya"},{"floor":26,"key":"Blood Vial"},{"floor":26,"key":"Shovel"},{"floor":45,"key":"MawBank"}],"event_choices":[{"damage_healed":0,"gold_gain":0,"player_choice":"Box","damage_taken":0,"relics_obtained":["Frozen Egg 2"],"max_hp_gain":0,"max_hp_loss":0,"event_name":"Big Fish","floor":2,"gold_loss":0,"cards_obtained":["Regret"]},{"cards_removed":["Regret"],"damage_healed":0,"gold_gain":0,"player_choice":"Card Removal","damage_taken":0,"max_hp_gain":0,"max_hp_loss":0,"event_name":"The Cleric","floor":3,"gold_loss":75},{"damage_healed":0,"gold_gain":0,"player_choice":"Success","damage_taken":18,"relics_obtained":["Matryoshka"],"max_hp_gain":0,"max_hp_loss":0,"event_name":"Scrap Ooze","floor":8,"gold_loss":0},{"damage_healed":0,"gold_gain":0,"player_choice":"Grow","damage_taken":0,"max_hp_gain":0,"max_hp_loss":0,"event_name":"Living Wall","floor":10,"gold_loss":0,"cards_upgraded":["Bash"]},{"damage_healed":0,"gold_gain":0,"player_choice":"Joined the Cult","damage_taken":6,"max_hp_gain":0,"max_hp_loss":0,"event_name":"Nest","floor":19,"gold_loss":0,"cards_obtained":["RitualDagger"]},{"damage_healed":0,"gold_gain":0,"player_choice":"Stole Relic","damage_taken":0,"relics_obtained":["Kunai"],"max_hp_gain":0,"max_hp_loss":0,"event_name":"Addict","floor":20,"gold_loss":0,"cards_obtained":["Shame"]},{"damage_healed":0,"gold_gain":0,"player_choice":"Fight","damage_taken":0,"max_hp_gain":0,"max_hp_loss":0,"event_name":"Colosseum","floor":21,"gold_loss":0},{"damage_healed":0,"gold_gain":0,"player_choice":"Fought Nobs","damage_taken":0,"max_hp_gain":0,"max_hp_loss":0,"event_name":"Colosseum","floor":21,"gold_loss":0},{"damage_healed":18,"gold_gain":0,"player_choice":"Heal","damage_taken":0,"max_hp_gain":0,"max_hp_loss":0,"event_name":"The Library","floor":25,"gold_loss":0},{"damage_healed":0,"gold_gain":0,"player_choice":"Trade","damage_taken":0,"relics_obtained":["NlothsMask"],"max_hp_gain":0,"max_hp_loss":0,"event_name":"FaceTrader","floor":36,"gold_loss":0},{"cards_removed":["Offering"],"damage_healed":0,"gold_gain":0,"player_choice":"Removed Skill","damage_taken":0,"max_hp_gain":0,"max_hp_loss":0,"event_name":"Falling","floor":42,"gold_loss":0},{"damage_healed":0,"gold_gain":0,"player_choice":"Got Potions","damage_taken":0,"max_hp_gain":0,"max_hp_loss":0,"event_name":"Lab","floor":44,"gold_loss":0}],"is_beta":false,"boss_relics":[{"not_picked":["Velvet Choker","Eternal Feather"],"picked":"Sozu"},{"not_picked":["Black Blood","Philosopher\u0027s Stone"],"picked":"Runic Pyramid"}],"items_purged_floors":[39],"is_endless":false,"potions_floor_spawned":[6,14,16,18,21,28,29,41,45,47,48],"killed_by":"Time Eater","ascension_level":20}