{"gold_per_floor":[117,132,144,144,72,107,75,106,106,125,141,66,85,99,99,204,204,217,62,62,62,76,76,103,103,128,144,163,73,73,73],"floor_reached":31,"playtime":1864,"items_purged":["Defend_B"],"score":267,"play_id":"510f31aa-9eec-4cb2-8d17-b355afd9d57f","local_time":"20181127110245","is_ascension_mode":false,"campfire_choices":[{"floor":15,"key":"REST"},{"data":"Creative AI","floor":23,"key":"SMITH"},{"data":"White Noise","floor":25,"key":"SMITH"},{"data":"Double Energy","floor":30,"key":"SMITH"}],"neow_cost":"NONE","seed_source_timestamp":1359583981376137,"circlet_count":0,"master_deck":["Strike_B","Strike_B+1","Strike_B","Strike_B","Defend_B","Defend_B+1","Zap","Dualcast","Multi-Cast","White Noise+1","Defragment","Cold Snap","Leap","Double Energy+1","Creative AI+1","Capacitor+1","Redo+1","BootSequence","Shame","Conserve Battery+1"],"relics":["Cracked Core","Blood Vial","Bird Faced Urn","Mercury Hourglass","Cursed Key","Bag of Preparation","Boot"],"potions_floor_usage":[6,8,8,24,24,24],"damage_taken":[{"damage":1,"enemies":"Cultist","floor":1,"turns":3},{"damage":1,"enemies":"Jaw Worm","floor":2,"turns":4},{"damage":4,"enemies":"2 Louse","floor":3,"turns":3},{"damage":31,"enemies":"Lagavulin","floor":6,"turns":8},{"damage":32,"enemies":"3 Sentries","floor":8,"turns":9},{"damage":0,"enemies":"2 Fungi Beasts","floor":10,"turns":3},{"damage":8,"enemies":"Lots of Slimes","floor":11,"turns":3},{"damage":0,"enemies":"Large Slime","floor":13,"turns":4},{"damage":3,"enemies":"Looter","floor":14,"turns":3},{"damage":41,"enemies":"Hexaghost","floor":16,"turns":11},{"damage":22,"enemies":"Shell Parasite","floor":18,"turns":8},{"damage":13,"enemies":"Spheric Guardian","floor":22,"turns":5},{"damage":18,"enemies":"Gremlin Leader","floor":24,"turns":4},{"damage":26,"enemies":"3 Cultists","floor":27,"turns":6},{"damage":18,"enemies":"Centurion and Healer","floor":28,"turns":8},{"damage":64,"enemies":"Book of Stabbing","floor":31,"turns":6}],"seed_played":"-4564901151031577568","potions_obtained":[{"floor":1,"key":"Regen Potion"},{"floor":2,"key":"Explosive Potion"},{"floor":6,"key":"SpeedPotion"},{"floor":11,"key":"Explosive Potion"},{"floor":13,"key":"Explosive Potion"},{"floor":22,"key":"Weak Potion"},{"floor":27,"key":"Ancient Potion"}],"is_trial":false,"path_per_floor":["M","M","M","?","$","E","?","E","T","M","M","$","M","M","R","B",null,"M","$","?","?","M","R","E","R","T","M","M","?","R","E"],"character_chosen":"DEFECT","items_purchased":["Defragment","Bag of Preparation"],"campfire_rested":1,"item_purchase_floors":[5,19],"current_hp_per_floor":[74,73,69,54,54,35,35,5,5,11,9,9,15,18,40,5,75,65,65,65,58,61,61,57,57,57,49,49,49,49,0],"gold":73,"neow_bonus":"ONE_RANDOM_RARE_CARD","is_prod":false,"is_daily":false,"chose_seed":false,"campfire_upgraded":3,"win_rate":0,"timestamp":1543284165,"path_taken":["M","?","M","?","$","E","?","E","T","M","M","?","M","?","R","BOSS","M","$","?","?","?","R","E","R","T","M","M","?","R","E"],"build_version":"2018-11-15","purchased_purges":1,"victory":false,"max_hp_per_floor":[75,75,75,75,75,75,75,75,75,75,75,75,75,75,75,75,75,75,75,75,75,75,75,75,75,75,75,75,75,75,75],"card_choices":[{"not_picked":["Darkness","Aggregate","Lockon"],"picked":"SKIP","floor":1},{"not_picked":["Rebound","Beam Cell","Lockon"],"picked":"SKIP","floor":2},{"not_picked":["Sweeping Beam","Cold Snap"],"picked":"White Noise","floor":3},{"not_picked":["Turbo","Melter"],"picked":"Cold Snap","floor":6},{"not_picked":["Steam","Scrape","Barrage"],"picked":"SKIP","floor":8},{"not_picked":["Coolheaded","Cold Snap"],"picked":"Leap","floor":10},{"not_picked":["Sunder","Compile Driver","Hologram"],"picked":"SKIP","floor":11},{"not_picked":["Chill","Leap"],"picked":"Double Energy","floor":13},{"not_picked":["Sweeping Beam","Stack","Streamline"],"picked":"SKIP","floor":14},{"not_picked":["Multi-Cast","Meteor Strike"],"picked":"Creative AI","floor":16},{"not_picked":["Gash","Compile Driver"],"picked":"Capacitor","floor":18},{"not_picked":["Sweeping Beam","Gash+1"],"picked":"Redo+1","floor":22},{"not_picked":["Hello World","Hologram"],"picked":"BootSequence","floor":24},{"not_picked":["Darkness","Chill","Sweeping Beam+1"],"picked":"SKIP","floor":27},{"not_picked":["Turbo","Self Repair"],"picked":"Conserve Battery+1","floor":28}],"player_experience":65238,"relics_obtained":[{"floor":6,"key":"Blood Vial"},{"floor":8,"key":"Bird Faced Urn"},{"floor":9,"key":"Mercury Hourglass"},{"floor":24,"key":"Boot"}],"event_choices":[{"damage_healed":0,"gold_gain":0,"player_choice":"Entered Light","damage_taken":15,"max_hp_gain":0,"max_hp_loss":0,"event_name":"Shining Light","floor":4,"gold_loss":0,"cards_upgraded":["Defend_B","Strike_B"]},{"damage_healed":0,"gold_gain":0,"player_choice":"Left Gold","damage_taken":0,"max_hp_gain":0,"max_hp_loss":0,"event_name":"World of Goop","floor":7,"gold_loss":32},{"damage_healed":0,"gold_gain":0,"player_choice":"Ignored","damage_taken":0,"max_hp_gain":0,"max_hp_loss":0,"event_name":"Beggar","floor":20,"gold_loss":0},{"damage_healed":0,"gold_gain":0,"player_choice":"Damaged","damage_taken":7,"max_hp_gain":0,"max_hp_loss":0,"event_name":"Wheel of Change","floor":21,"gold_loss":0},{"cards_removed":["Defend_B"],"damage_healed":0,"gold_gain":0,"player_choice":"Upgrade and Remove","damage_taken":0,"max_hp_gain":0,"max_hp_loss":0,"event_name":"Designer","floor":29,"gold_loss":90,"cards_upgraded":["Capacitor"]}],"is_beta":false,"boss_relics":[{"not_picked":["Eternal Feather","Philosopher\u0027s Stone"],"picked":"Cursed Key"}],"items_purged_floors":[12],"is_endless":false,"potions_floor_spawned":[1,2,6,11,13,22,27],"killed_by":"Book of Stabbing","ascension_level":0}