{"gold_per_floor":[119,136,61,75,15,15,48,68,68,68,86,86,86,100,100,179,179,149,149,167,167,180,211,22,22,48,48,48,67,67,87,87,160,160,180,193,193,204,222,222,0,0,27,39,39,72,91,101,101,101,101],"floor_reached":51,"playtime":2875,"items_purged":["Strike_G"],"score":1352,"play_id":"ecb7808f-a1b0-41ca-9c40-cc94c0482a63","local_time":"20190408214613","is_ascension_mode":true,"campfire_choices":[{"data":"Neutralize","floor":6.0,"key":"SMITH"},{"data":"Noxious Fumes","floor":10.0,"key":"SMITH"},{"floor":13.0,"key":"REST"},{"data":"Cloak And Dagger","floor":15.0,"key":"SMITH"},{"floor":25.0,"key":"REST"},{"data":"Wraith Form v2","floor":27.0,"key":"SMITH"},{"floor":32.0,"key":"REST"},{"floor":40.0,"key":"REST"},{"floor":42.0,"key":"RECALL"},{"data":"Adrenaline","floor":45.0,"key":"SMITH"},{"floor":49.0,"key":"REST"}],"neow_cost":"NONE","seed_source_timestamp":909173906220301,"circlet_count":0,"master_deck":["AscendersBane","Defend_G+1","Defend_G+1","Defend_G+1","Defend_G+1","Defend_G+1","Neutralize+1","Poisoned Stab","PiercingWail","Dagger Throw","Noxious Fumes+1","Escape Plan","Cloak And Dagger+1","Adrenaline+1","Deadly Poison","Bullet Time","Wraith Form v2+1","Crippling Poison","Footwork","Well Laid Plans","Dodge and Roll","Leg Sweep","After Image","Noxious Fumes+1","Storm of Steel+1","Heel Hook+1","Catalyst+1","Shame","Leg Sweep","Parasite","Caltrops"],"special_seed":0,"relics":["Ring of the Snake","Whetstone","Omamori","Cursed Key","Bottled Lightning","Anchor","WarpedTongs","Astrolabe","Snake Skull","Bag of Marbles"],"potions_floor_usage":[51,51],"damage_taken":[{"damage":5.0,"enemies":"Small Slimes","floor":1.0,"turns":5.0},{"damage":0.0,"enemies":"2 Louse","floor":2.0,"turns":2.0},{"damage":1.0,"enemies":"Jaw Worm","floor":4.0,"turns":3.0},{"damage":24.0,"enemies":"Gremlin Nob","floor":7.0,"turns":4.0},{"damage":4.0,"enemies":"Looter","floor":8.0,"turns":4.0},{"damage":7.0,"enemies":"3 Louse","floor":11.0,"turns":4.0},{"damage":1.0,"enemies":"Exordium Thugs","floor":14.0,"turns":4.0},{"damage":12.0,"enemies":"The Guardian","floor":16.0,"turns":10.0},{"damage":1.0,"enemies":"2 Thieves","floor":18.0,"turns":4.0},{"damage":5.0,"enemies":"Spheric Guardian","floor":20.0,"turns":5.0},{"damage":13.0,"enemies":"Centurion and Healer","floor":22.0,"turns":6.0},{"damage":23.0,"enemies":"Gremlin Leader","floor":23.0,"turns":7.0},{"damage":0.0,"enemies":"Shelled Parasite and Fungi","floor":29.0,"turns":7.0},{"damage":8.0,"enemies":"Sentry and Sphere","floor":31.0,"turns":7.0},{"damage":4.0,"enemies":"Champ","floor":33.0,"turns":16.0},{"damage":5.0,"enemies":"3 Darklings","floor":35.0,"turns":5.0},{"damage":11.0,"enemies":"Orb Walker","floor":36.0,"turns":5.0},{"damage":0.0,"enemies":"Sphere and 2 Shapes","floor":38.0,"turns":4.0},{"damage":4.0,"enemies":"Transient","floor":39.0,"turns":6.0},{"damage":6.0,"enemies":"Spire Growth","floor":44.0,"turns":6.0},{"damage":5.0,"enemies":"Giant Head","floor":46.0,"turns":9.0},{"damage":10.0,"enemies":"Writhing Mass","floor":47.0,"turns":7.0},{"damage":0.0,"enemies":"Sphere and 2 Shapes","floor":48.0,"turns":5.0},{"damage":30.0,"enemies":"Time Eater","floor":50.0,"turns":9.0},{"damage":34,"enemies":"Awakened One","floor":51,"turns":4}],"seed_played":"8268051200149659797","potions_obtained":[{"floor":0.0,"key":"Poison Potion"},{"floor":0.0,"key":"SkillPotion"},{"floor":7.0,"key":"AttackPotion"},{"floor":18.0,"key":"Energy Potion"},{"floor":23.0,"key":"Energy Potion"},{"floor":31.0,"key":"SpeedPotion"},{"floor":36.0,"key":"Dexterity Potion"},{"floor":38.0,"key":"Swift Potion"},{"floor":44.0,"key":"GamblersBrew"}],"is_trial":false,"path_per_floor":["M","M","$","M","?","R","E","M","T","R","M","?","R","M","R","B",null,"M","?","M","?","M","E","$","R","T","R","?","M","?","M","R","B",null,"M","M","?","M","M","R","$","R","T","M","R","E","M","M","R","B","B"],"character_chosen":"THE_SILENT","items_purchased":["Well Laid Plans","Dodge and Roll","PowerPotion","Snake Skull","Block Potion"],"campfire_rested":5,"item_purchase_floors":[24,24,24,41,41],"current_hp_per_floor":[54,54,54,53,53,53,29,25,25,25,18,18,37,36,36,24,56,55,55,50,50,37,14,14,33,33,33,33,33,33,25,44,40,60,55,44,49,49,45,64,64,64,64,58,58,53,43,43,62,32,0],"gold":101,"neow_bonus":"THREE_SMALL_POTIONS","is_prod":false,"is_daily":false,"chose_seed":false,"campfire_upgraded":5,"win_rate":0,"timestamp":1554727573,"path_taken":["M","M","$","M","?","R","E","M","T","R","M","?","R","M","R","BOSS","M","?","M","?","M","E","$","R","T","R","?","M","?","M","R","BOSS","M","M","?","?","M","R","$","R","T","M","R","E","M","M","R","BOSS","BOSS"],"build_version":"2019-01-23","purchased_purges":1,"victory":false,"max_hp_per_floor":[66,66,66,66,66,66,66,66,66,66,66,66,66,66,66,66,66,66,66,66,66,66,66,66,66,66,66,66,66,66,66,66,66,66,66,66,66,66,66,66,66,66,66,66,66,66,66,66,66,66,66],"card_choices":[{"not_picked":["Deflect","Sucker Punch"],"picked":"Poisoned Stab","floor":1.0},{"not_picked":["Quick Slash","Escape Plan"],"picked":"PiercingWail","floor":2.0},{"not_picked":["Blade Dance","Underhanded Strike"],"picked":"Dagger Throw","floor":4.0},{"not_picked":["Bane","Underhanded Strike","Accuracy"],"picked":"SKIP","floor":7.0},{"not_picked":["Slice","Riddle With Holes"],"picked":"Noxious Fumes","floor":8.0},{"not_picked":["Tactician","Riddle With Holes"],"picked":"Escape Plan","floor":11.0},{"not_picked":["Bouncing Flask","PiercingWail"],"picked":"Cloak And Dagger","floor":14.0},{"not_picked":["Wraith Form v2","Doppelganger"],"picked":"Adrenaline","floor":16.0},{"not_picked":["Dagger Spray","Deflect"],"picked":"Deadly Poison","floor":18.0},{"not_picked":["Cloak And Dagger+1","Dagger Throw"],"picked":"Crippling Poison","floor":20.0},{"not_picked":["Reflex","Skewer"],"picked":"Footwork","floor":22.0},{"not_picked":["Cloak And Dagger","Setup","Deadly Poison"],"picked":"SKIP","floor":23.0},{"not_picked":["Dash","Flying Knee+1"],"picked":"Sucker Punch","floor":29.0},{"not_picked":["Flying Knee","Outmaneuver"],"picked":"Leg Sweep","floor":31.0},{"not_picked":["Glass Knife","Adrenaline"],"picked":"After Image","floor":33.0},{"not_picked":["Backflip","PiercingWail"],"picked":"Catalyst+1","floor":35.0},{"not_picked":["Quick Slash+1","Riddle With Holes","Poisoned Stab"],"picked":"SKIP","floor":36.0},{"not_picked":["Expertise","Flechettes","Flying Knee"],"picked":"SKIP","floor":38.0},{"not_picked":["Sucker Punch","Envenom","Bouncing Flask"],"picked":"SKIP","floor":39.0},{"not_picked":["Cloak And Dagger","Backstab"],"picked":"Leg Sweep","floor":44.0},{"not_picked":["Underhanded Strike+1","Reflex","Deflect"],"picked":"SKIP","floor":46.0},{"not_picked":["Poisoned Stab","Dagger Spray","Quick Slash"],"picked":"SKIP","floor":47.0},{"not_picked":["Acrobatics","Finisher+1"],"picked":"Caltrops","floor":48.0}],"player_experience":867094,"relics_obtained":[{"floor":7.0,"key":"Whetstone"},{"floor":9.0,"key":"Omamori"},{"floor":23.0,"key":"Bottled Lightning"},{"floor":26.0,"key":"Anchor"},{"floor":46.0,"key":"Bag of Marbles"}],"event_choices":[{"damage_healed":0.0,"max_hp_gain":0.0,"max_hp_loss":0.0,"gold_gain":0.0,"event_name":"World of Goop","player_choice":"Left Gold","floor":5.0,"gold_loss":60.0,"damage_taken":0.0},{"damage_healed":0.0,"max_hp_gain":0.0,"max_hp_loss":0.0,"gold_gain":0.0,"event_name":"Liars Game","player_choice":"Ignored","floor":12.0,"gold_loss":0.0,"damage_taken":0.0},{"damage_healed":0.0,"max_hp_gain":0.0,"max_hp_loss":0.0,"gold_gain":0.0,"cards_transformed":["Strike_G","Strike_G"],"event_name":"Drug Dealer","player_choice":"Became Test Subject","floor":19.0,"gold_loss":0.0,"damage_taken":0.0,"cards_obtained":["Bullet Time","Wraith Form v2"]},{"damage_healed":0.0,"max_hp_gain":0.0,"max_hp_loss":0.0,"gold_gain":0.0,"event_name":"Back to Basics","player_choice":"Simplicity","floor":21.0,"gold_loss":0.0,"damage_taken":0.0,"cards_upgraded":["Defend_G","Defend_G","Defend_G","Defend_G","Defend_G"]},{"damage_healed":0.0,"max_hp_gain":0.0,"max_hp_loss":0.0,"gold_gain":0.0,"event_name":"Ghosts","player_choice":"Ignored","floor":28.0,"gold_loss":0.0,"damage_taken":0.0},{"damage_healed":0.0,"max_hp_gain":0.0,"max_hp_loss":0.0,"gold_gain":0.0,"event_name":"Accursed Blacksmith","player_choice":"Rummage","floor":30.0,"gold_loss":0.0,"damage_taken":0.0,"relics_obtained":["WarpedTongs"],"cards_obtained":["Pain"]},{"cards_removed":["Sucker Punch"],"damage_healed":5.0,"max_hp_gain":0.0,"max_hp_loss":0.0,"gold_gain":0.0,"event_name":"Bonfire Elementals","player_choice":"Offered Common","floor":37.0,"gold_loss":0.0,"damage_taken":0.0},{"cards_removed":["Sucker Punch"],"damage_healed":5.0,"max_hp_gain":0.0,"max_hp_loss":0.0,"gold_gain":0.0,"event_name":"Bonfire Elementals","player_choice":"Offered Special","floor":37.0,"gold_loss":0.0,"damage_taken":0.0}],"is_beta":false,"boss_relics":[{"not_picked":["Tiny House","Lizard Tail"],"picked":"Cursed Key"},{"not_picked":["Eternal Feather","Empty Cage"],"picked":"Astrolabe"}],"items_purged_floors":[3],"is_endless":false,"potions_floor_spawned":[1,7,11,18,23,31,36,38,44],"killed_by":"Awakened One","ascension_level":20}