{"gold_per_floor":[109,34,34,53,64,97,97,97,151,151,165,200,200,275,275,349,349,359,29,42,42,42,42,68,78,78,78,88,88,99,118,118,195,195,210,210,227,247,247,247,272,292,292,292,326,326],"floor_reached":46,"playtime":3828,"items_purged":["Strike_B"],"score":1116,"play_id":"e814ffcf-52fb-4411-b671-617af7e11cb4","local_time":"20190511142155","is_ascension_mode":true,"campfire_choices":[{"data":"Zap","floor":8,"key":"SMITH"},{"floor":10,"key":"REST"},{"floor":13,"key":"REST"},{"data":"Recycle","floor":15,"key":"SMITH"},{"floor":23,"key":"RECALL"},{"floor":27,"key":"REST"},{"floor":29,"key":"REST"},{"floor":32,"key":"REST"},{"floor":40,"key":"REST"},{"floor":44,"key":"REST"}],"neow_cost":"NONE","seed_source_timestamp":361780326318455,"circlet_count":0,"master_deck":["AscendersBane","Strike_B","Strike_B+1","Defend_B","Defend_B","Defend_B","Defend_B","Zap+1","Dualcast","Ball Lightning+1","Loop","Coolheaded","Static Discharge","Buffer","Doom and Gloom","Recycle+1","Echo Form","Dark Shackles","Consume+1","Coolheaded","Compile Driver","Compile Driver+1","Undo","Amplify","Coolheaded","PanicButton","Redo+1"],"relics":["Cracked Core","Omamori","Tiny Chest","Dead Branch","Fusion Hammer","Frozen Eye","DataDisk","GremlinMask","Gambling Chip","Gremlin Horn","Philosopher\u0027s Stone","Whetstone","Letter Opener"],"potions_floor_usage":[6,24,35,38,41],"damage_taken":[{"damage":5,"enemies":"2 Louse","floor":1,"turns":2},{"damage":3,"enemies":"Small Slimes","floor":4,"turns":4},{"damage":0,"enemies":"Cultist","floor":5,"turns":4},{"damage":31,"enemies":"Gremlin Nob","floor":6,"turns":4},{"damage":6,"enemies":"Blue Slaver","floor":11,"turns":4},{"damage":24,"enemies":"3 Sentries","floor":12,"turns":6},{"damage":0,"enemies":"The Guardian","floor":16,"turns":14},{"damage":0,"enemies":"Spheric Guardian","floor":18,"turns":4},{"damage":0,"enemies":"Chosen","floor":20,"turns":4},{"damage":23,"enemies":"Book of Stabbing","floor":24,"turns":5},{"damage":2,"enemies":"Shelled Parasite and Fungi","floor":25,"turns":7},{"damage":31,"enemies":"Cultist and Chosen","floor":28,"turns":5},{"damage":2,"enemies":"Centurion and Healer","floor":30,"turns":6},{"damage":12,"enemies":"3 Cultists","floor":31,"turns":4},{"damage":15,"enemies":"Automaton","floor":33,"turns":8},{"damage":13,"enemies":"3 Darklings","floor":35,"turns":6},{"damage":0,"enemies":"Orb Walker","floor":37,"turns":4},{"damage":6,"enemies":"Transient","floor":38,"turns":6},{"damage":30,"enemies":"Giant Head","floor":41,"turns":10},{"damage":12,"enemies":"4 Shapes","floor":42,"turns":9},{"damage":8,"enemies":"Reptomancer","floor":45,"turns":7},{"damage":37,"enemies":"Spire Growth","floor":46,"turns":3}],"seed_played":"1493946349755528405","potions_obtained":[{"floor":1,"key":"PowerPotion"},{"floor":6,"key":"SkillPotion"},{"floor":12,"key":"Block Potion"},{"floor":28,"key":"SkillPotion"},{"floor":30,"key":"Swift Potion"},{"floor":35,"key":"Swift Potion"},{"floor":38,"key":"LiquidBronze"},{"floor":45,"key":"Explosive Potion"}],"is_trial":false,"path_per_floor":["M","$","?","M","M","E","?","R","T","R","M","E","R","?","R","B",null,"M","$","M","?","?","R","E","M","T","R","M","R","M","M","R","B",null,"M","?","M","M","?","R","E","M","T","R","E","M"],"character_chosen":"DEFECT","items_purchased":["Frozen Eye","Dark Shackles"],"campfire_rested":7,"item_purchase_floors":[19,19],"current_hp_per_floor":[59,59,59,56,56,25,25,25,25,46,40,16,37,26,26,26,60,60,60,60,60,60,60,37,35,35,56,25,46,44,32,53,38,63,50,50,50,44,34,55,25,13,13,34,26,0],"gold":326,"neow_bonus":"THREE_CARDS","is_prod":false,"is_daily":false,"chose_seed":false,"campfire_upgraded":2,"win_rate":0,"timestamp":1557609715,"path_taken":["M","$","?","M","M","E","?","R","T","R","?","E","R","?","R","BOSS","M","$","M","?","?","R","E","M","T","R","?","R","M","M","R","BOSS","M","?","M","?","?","R","E","M","T","R","E","M"],"build_version":"2019-05-07","purchased_purges":1,"victory":false,"max_hp_per_floor":[71,71,71,71,71,71,71,71,71,71,71,71,71,71,71,71,71,71,71,71,71,71,71,71,71,71,71,71,71,71,71,71,71,71,71,71,71,71,71,71,71,71,71,71,71,71],"card_choices":[{"not_picked":["Hologram","White Noise"],"picked":"Ball Lightning","floor":0},{"not_picked":["Reprogram","BootSequence"],"picked":"Loop","floor":1},{"not_picked":["Redo","Consume"],"picked":"Coolheaded","floor":4},{"not_picked":["Cold Snap","Steam"],"picked":"Static Discharge","floor":5},{"not_picked":["Skim","Compile Driver"],"picked":"Buffer","floor":6},{"not_picked":["Beam Cell","BootSequence"],"picked":"Doom and Gloom","floor":11},{"not_picked":["Steam","Go for the Eyes"],"picked":"Recycle","floor":12},{"not_picked":["Buffer","Machine Learning"],"picked":"Echo Form","floor":16},{"not_picked":["Streamline","Barrage","Steam"],"picked":"SKIP","floor":18},{"not_picked":["Barrage","Turbo"],"picked":"Consume+1","floor":20},{"not_picked":["Darkness","Turbo"],"picked":"Coolheaded","floor":24},{"not_picked":["Lockon+1","Cold Snap","Turbo"],"picked":"SKIP","floor":25},{"not_picked":["Leap","Steam Power"],"picked":"Compile Driver","floor":28},{"not_picked":["Rebound","Force Field"],"picked":"Compile Driver+1","floor":30},{"not_picked":["Streamline","Scrape"],"picked":"Undo","floor":31},{"not_picked":["All For One","Meteor Strike"],"picked":"Amplify","floor":33},{"not_picked":["Cold Snap","Tempest"],"picked":"Coolheaded","floor":35},{"not_picked":["Doom and Gloom","Redo+1","Conserve Battery"],"picked":"SKIP","floor":37},{"not_picked":["Steam","Conserve Battery","Static Discharge+1"],"picked":"SKIP","floor":38},{"not_picked":["Swift Strike","Purity"],"picked":"PanicButton","floor":39},{"not_picked":["Ball Lightning","Turbo","Stack"],"picked":"SKIP","floor":41},{"not_picked":["Aggregate","Leap","Ball Lightning"],"picked":"SKIP","floor":42},{"not_picked":["Doom and Gloom","Blizzard+1"],"picked":"Redo+1","floor":45}],"player_experience":6365492,"relics_obtained":[{"floor":6,"key":"Omamori"},{"floor":9,"key":"Tiny Chest"},{"floor":12,"key":"Dead Branch"},{"floor":24,"key":"Gambling Chip"},{"floor":26,"key":"Gremlin Horn"},{"floor":41,"key":"Whetstone"},{"floor":45,"key":"Letter Opener"}],"event_choices":[{"damage_healed":0,"gold_gain":0,"player_choice":"Ignored","damage_taken":0,"max_hp_gain":0,"max_hp_loss":0,"event_name":"Liars Game","floor":3,"gold_loss":0},{"cards_removed":["Strike_B"],"damage_healed":0,"gold_gain":0,"player_choice":"Purged","damage_taken":0,"max_hp_gain":0,"max_hp_loss":0,"event_name":"Purifier","floor":7,"gold_loss":0},{"damage_healed":0,"gold_gain":75,"player_choice":"Gather Gold","damage_taken":11,"max_hp_gain":0,"max_hp_loss":0,"event_name":"World of Goop","floor":14,"gold_loss":0},{"damage_healed":0,"gold_gain":0,"player_choice":"Stole Relic","damage_taken":0,"relics_obtained":["DataDisk"],"max_hp_gain":0,"max_hp_loss":0,"event_name":"Addict","floor":21,"gold_loss":0,"cards_obtained":["Shame"]},{"damage_healed":0,"gold_gain":0,"player_choice":"Trade","damage_taken":0,"relics_obtained":["GremlinMask"],"max_hp_gain":0,"max_hp_loss":0,"event_name":"FaceTrader","floor":22,"gold_loss":0},{"damage_healed":0,"gold_gain":0,"player_choice":"Got Potions","damage_taken":0,"max_hp_gain":0,"max_hp_loss":0,"event_name":"Lab","floor":36,"gold_loss":0},{"damage_healed":0,"gold_gain":0,"player_choice":"Memory 3","damage_taken":10,"max_hp_gain":0,"max_hp_loss":0,"event_name":"SensoryStone","floor":39,"gold_loss":0}],"is_beta":true,"boss_relics":[{"not_picked":["Runic Dome","Empty Cage"],"picked":"Fusion Hammer"},{"not_picked":["Tiny House","Orrery"],"picked":"Philosopher\u0027s Stone"}],"items_purged_floors":[2],"is_endless":false,"potions_floor_spawned":[1,6,12,18,28,30,35,37,38,45],"killed_by":"Spire Growth","ascension_level":20}