{"gold_per_floor":[110,123,136,151,161,161,188,18,18,45,45,45,45,65,65,155,155,178,178,98],"floor_reached":20,"playtime":1022,"items_purged":[],"score":368,"play_id":"5a1422b0-08c6-4a16-a68b-458f21ce1fd1","local_time":"20190420202400","is_ascension_mode":true,"campfire_choices":[{"data":"Dagger Spray","floor":6,"key":"SMITH"},{"data":"Neutralize","floor":11,"key":"SMITH"},{"floor":13,"key":"REST"},{"data":"Noxious Fumes","floor":15,"key":"SMITH"}],"neow_cost":"NONE","seed_source_timestamp":129586902886391,"circlet_count":0,"master_deck":["AscendersBane","Defend_G","Defend_G","Defend_G","Defend_G","Defend_G","Strike_G","Strike_G","Strike_G","Strike_G","Survivor","Neutralize+1","Bouncing Flask","Cloak And Dagger","Dagger Spray+1","Poisoned Stab","Sucker Punch","Noxious Fumes+1","Terror","Malaise","Bane","Adrenaline","Footwork"],"relics":["Ring of the Snake","Prayer Wheel","Torii","Ice Cream","Bloody Idol","Eternal Feather"],"potions_floor_usage":[7,10,20],"damage_taken":[{"damage":4,"enemies":"Small Slimes","floor":1,"turns":3},{"damage":0,"enemies":"2 Louse","floor":2,"turns":4},{"damage":0,"enemies":"Cultist","floor":3,"turns":4},{"damage":0,"enemies":"Looter","floor":4,"turns":3},{"damage":0,"enemies":"Blue Slaver","floor":5,"turns":5},{"damage":23,"enemies":"Gremlin Nob","floor":7,"turns":4},{"damage":20,"enemies":"3 Sentries","floor":10,"turns":6},{"damage":1,"enemies":"Red Slaver","floor":14,"turns":5},{"damage":25,"enemies":"Slime Boss","floor":16,"turns":9},{"damage":22,"enemies":"Shell Parasite","floor":18,"turns":8},{"damage":28,"enemies":"2 Thieves","floor":20,"turns":2}],"seed_played":"7082798780046464846","potions_obtained":[{"floor":2,"key":"Strength Potion"},{"floor":3,"key":"Regen Potion"},{"floor":14,"key":"Weak Potion"}],"is_trial":false,"path_per_floor":["M","M","M","M","M","R","E","$","T","E","R","?","R","M","R","B",null,"M","?","M"],"character_chosen":"THE_SILENT","items_purchased":["Noxious Fumes","Terror"],"campfire_rested":1,"item_purchase_floors":[8,8],"current_hp_per_floor":[55,55,55,55,55,55,32,32,32,27,27,27,45,44,44,19,50,28,28,0],"gold":98,"neow_bonus":"TRANSFORM_CARD","is_prod":false,"is_daily":false,"chose_seed":false,"campfire_upgraded":3,"win_rate":0,"timestamp":1555759440,"path_taken":["M","M","M","M","M","R","E","$","T","E","R","?","R","M","R","BOSS","M","?","M"],"build_version":"2019-01-23","purchased_purges":0,"victory":false,"max_hp_per_floor":[66,66,66,66,66,66,66,66,66,66,66,60,60,60,60,60,60,60,60,60],"card_choices":[{"not_picked":["Deflect","Bane"],"picked":"Cloak And Dagger","floor":1},{"not_picked":["Prepared","Quick Slash"],"picked":"Dagger Spray","floor":2},{"not_picked":["Heel Hook","Quick Slash"],"picked":"Poisoned Stab","floor":3},{"not_picked":["Calculated Gamble","Deflect","Outmaneuver"],"picked":"SKIP","floor":4},{"not_picked":["Blade Dance","Dagger Spray"],"picked":"Sucker Punch","floor":5},{"not_picked":["Endless Agony","Blade Dance","Dagger Throw"],"picked":"SKIP","floor":7},{"not_picked":["Bane","Calculated Gamble"],"picked":"Malaise","floor":10},{"not_picked":["Infinite Blades","Outmaneuver"],"picked":"Bane","floor":14},{"not_picked":["Finisher","Bane","Blade Dance"],"picked":"SKIP","floor":14},{"not_picked":["Venomology","Corpse Explosion"],"picked":"Adrenaline","floor":16},{"not_picked":["All Out Attack","Outmaneuver"],"picked":"Footwork","floor":18},{"not_picked":["Blade Dance","Slice","Heel Hook"],"picked":"SKIP","floor":18}],"player_experience":1009904,"relics_obtained":[{"floor":7,"key":"Prayer Wheel"},{"floor":9,"key":"Torii"},{"floor":10,"key":"Ice Cream"}],"event_choices":[{"damage_healed":0,"gold_gain":0,"player_choice":"Lose Max HP","damage_taken":0,"relics_obtained":["Golden Idol"],"max_hp_gain":0,"max_hp_loss":6,"event_name":"Golden Idol","floor":12,"gold_loss":0},{"damage_healed":0,"gold_gain":0,"player_choice":"Gave Idol","damage_taken":0,"relics_obtained":["Bloody Idol"],"max_hp_gain":0,"max_hp_loss":0,"event_name":"Forgotten Altar","floor":19,"relics_lost":["Golden Idol"],"gold_loss":0}],"is_beta":false,"boss_relics":[{"not_picked":["WristBlade","Empty Cage"],"picked":"Eternal Feather"}],"items_purged_floors":[],"is_endless":false,"potions_floor_spawned":[2,3,4,14],"killed_by":"2 Thieves","ascension_level":20}