{"gold_per_floor":[109,123,123,48,66,96,96,126,126,126,401,16,16,16],"floor_reached":14,"playtime":321,"items_purged":["Regret"],"score":192,"play_id":"eb33e8e2-1ab5-4774-a8f0-8ca37ecac585","local_time":"20190508105602","is_ascension_mode":true,"campfire_choices":[{"data":"Bash","floor":7,"key":"SMITH"},{"data":"Inflame","floor":10,"key":"SMITH"},{"data":"Flame Barrier","floor":13,"key":"SMITH"}],"neow_cost":"NONE","seed_source_timestamp":176289926537800,"circlet_count":0,"master_deck":["AscendersBane","Strike_R","Strike_R","Strike_R","Defend_R","Defend_R","Defend_R","Defend_R","Bash+1","Flame Barrier+1","Pommel Strike","Sword Boomerang","Anger","Inflame+1","Inflame+1"],"relics":["Burning Blood","NeowsBlessing","Singing Bowl","Darkstone Periapt","Frozen Egg 2","ClockworkSouvenir"],"potions_floor_usage":[6,6],"damage_taken":[{"damage":0,"enemies":"Jaw Worm","floor":1,"turns":1},{"damage":0,"enemies":"Small Slimes","floor":2,"turns":1},{"damage":0,"enemies":"2 Louse","floor":5,"turns":1},{"damage":38,"enemies":"3 Sentries","floor":6,"turns":11},{"damage":32,"enemies":"Gremlin Nob","floor":8,"turns":4},{"damage":25,"enemies":"Exordium Thugs","floor":14,"turns":4}],"seed_played":"-4691606731634774044","potions_obtained":[{"floor":1,"key":"Block Potion"},{"floor":2,"key":"SkillPotion"}],"is_trial":false,"path_per_floor":["M","M","?","?","M","E","R","E","T","R","?","$","R","M"],"character_chosen":"IRONCLAD","items_purchased":["ClockworkSouvenir","Inflame+1"],"campfire_rested":0,"item_purchase_floors":[12,12],"current_hp_per_floor":[74,75,68,68,74,42,42,16,16,16,22,22,22,0],"gold":16,"neow_bonus":"THREE_ENEMY_KILL","is_prod":false,"is_daily":false,"chose_seed":false,"campfire_upgraded":3,"win_rate":0,"timestamp":1557280562,"path_taken":["M","M","?","?","M","E","R","E","T","R","?","$","R","?"],"build_version":"2019-01-23","purchased_purges":1,"victory":false,"max_hp_per_floor":[75,75,75,75,75,75,75,75,75,75,81,81,81,81],"card_choices":[{"not_picked":["Burning Pact","Body Slam"],"picked":"Flame Barrier","floor":1},{"not_picked":["Dual Wield","Sword Boomerang"],"picked":"Pommel Strike","floor":2},{"not_picked":["Havoc","Warcry"],"picked":"Sword Boomerang","floor":5},{"not_picked":["Second Wind","Havoc"],"picked":"Anger","floor":6},{"not_picked":["Anger","Evolve"],"picked":"Inflame","floor":8}],"player_experience":1273823,"relics_obtained":[{"floor":6,"key":"Singing Bowl"},{"floor":8,"key":"Darkstone Periapt"},{"floor":9,"key":"Frozen Egg 2"}],"event_choices":[{"cards_removed":["Strike_R"],"damage_healed":0,"gold_gain":0,"player_choice":"Card Removal","damage_taken":7,"max_hp_gain":0,"max_hp_loss":0,"event_name":"Golden Wing","floor":3,"gold_loss":0},{"cards_removed":["Strike_R"],"damage_healed":0,"gold_gain":0,"player_choice":"Card Removal","damage_taken":0,"max_hp_gain":0,"max_hp_loss":0,"event_name":"The Cleric","floor":4,"gold_loss":75},{"damage_healed":0,"gold_gain":275,"player_choice":"Desecrate","damage_taken":0,"max_hp_gain":0,"max_hp_loss":0,"event_name":"Golden Shrine","floor":11,"gold_loss":0,"cards_obtained":["Regret"]}],"is_beta":false,"boss_relics":[],"items_purged_floors":[12],"is_endless":false,"potions_floor_spawned":[1,2],"killed_by":"Exordium Thugs","ascension_level":20}