{"gold_per_floor":[214,214,230,250,148,148,183,183,183,214,24,24,24,24,24,125,125,144,156,74,74,87,115,15,15,38,38,52,79,79,92,92,92],"floor_reached":33,"playtime":1950,"items_purged":["Defend_G","Strike_G"],"score":437,"play_id":"c11f7868-566a-485d-8800-ee7957d3c713","local_time":"20190325164444","is_ascension_mode":true,"campfire_choices":[{"data":"Cloak And Dagger","floor":6,"key":"SMITH"},{"floor":8,"key":"REST"},{"floor":12,"key":"REST"},{"floor":15,"key":"REST"},{"floor":25,"key":"REST"},{"floor":27,"key":"REST"},{"floor":30,"key":"REST"},{"data":"Strike_G","floor":32,"key":"PURGE"}],"neow_cost":"NONE","seed_source_timestamp":67130520334202,"circlet_count":0,"master_deck":["AscendersBane","Defend_G+1","Defend_G","Defend_G","Defend_G","Strike_G","Strike_G","Strike_G","Survivor","Neutralize","Blur","Footwork+1","Cloak And Dagger+1","Poisoned Stab","Endless Agony+1","PiercingWail","Corpse Explosion","Crippling Poison","Noxious Fumes","Dodge and Roll","Deflect","Deflect+1"],"relics":["Ring of the Serpent","Blue Candle","Strawberry","Bottled Flame","TwistedFunnel","Pen Nib","Bag of Preparation","Peace Pipe"],"potions_floor_usage":[7,10,16,22,23,23,23,23,29,29,29],"damage_taken":[{"damage":2,"enemies":"Cultist","floor":1,"turns":5},{"damage":5,"enemies":"Small Slimes","floor":3,"turns":4},{"damage":2,"enemies":"2 Louse","floor":4,"turns":4},{"damage":41,"enemies":"Gremlin Nob","floor":7,"turns":6},{"damage":26,"enemies":"3 Sentries","floor":10,"turns":10},{"damage":38,"enemies":"The Guardian","floor":16,"turns":23},{"damage":14,"enemies":"Shell Parasite","floor":18,"turns":8},{"damage":1,"enemies":"Chosen","floor":19,"turns":5},{"damage":12,"enemies":"Centurion and Healer","floor":22,"turns":5},{"damage":31,"enemies":"Book of Stabbing","floor":23,"turns":7},{"damage":29,"enemies":"Snake Plant","floor":28,"turns":5},{"damage":15,"enemies":"Slavers","floor":29,"turns":3},{"damage":0,"enemies":"Chosen and Byrds","floor":31,"turns":6},{"damage":37,"enemies":"Collector","floor":33,"turns":8}],"seed_played":"-5068185816370759498","potions_obtained":[{"floor":4,"key":"SpeedPotion"},{"floor":7,"key":"LiquidBronze"},{"floor":10,"key":"Regen Potion"},{"floor":16,"key":"Ancient Potion"},{"floor":18,"key":"EntropicBrew"},{"floor":21,"key":"Poison Potion"},{"floor":21,"key":"SkillPotion"},{"floor":22,"key":"Energy Potion"},{"floor":23,"key":"Fruit Juice"}],"is_trial":false,"path_per_floor":["M","$","M","M","$","R","E","R","T","E","$","R","?","?","R","B",null,"M","M","$","?","M","E","$","R","T","R","M","E","R","M","R","B"],"character_chosen":"THE_SILENT","items_purchased":["Poisoned Stab","TwistedFunnel","Noxious Fumes"],"campfire_rested":6,"item_purchase_floors":[5,11,20],"current_hp_per_floor":[61,61,56,54,54,54,13,34,41,15,15,38,23,23,46,23,64,50,49,49,49,37,6,6,29,29,52,23,13,37,37,37,0],"gold":92,"neow_bonus":"HUNDRED_GOLD","is_prod":false,"is_daily":false,"chose_seed":false,"campfire_upgraded":1,"win_rate":0,"timestamp":1553528684,"path_taken":["M","?","M","M","$","R","E","R","T","E","$","R","?","?","R","BOSS","M","?","$","?","?","E","$","R","T","R","?","E","R","M","R","BOSS"],"build_version":"2019-01-23","purchased_purges":2,"victory":false,"max_hp_per_floor":[70,70,70,70,70,70,70,70,77,77,77,77,77,77,77,77,77,77,77,77,77,77,77,77,77,77,77,77,82,82,82,82,82],"card_choices":[{"not_picked":["Deflect","Outmaneuver"],"picked":"Blur","floor":1},{"not_picked":["Outmaneuver","Poisoned Stab"],"picked":"Footwork","floor":3},{"not_picked":["Backstab","Masterful Stab"],"picked":"Cloak And Dagger","floor":4},{"not_picked":["Setup","Underhanded Strike"],"picked":"Endless Agony","floor":7},{"not_picked":["Deflect","Backstab"],"picked":"PiercingWail","floor":10},{"not_picked":["Burst","Wraith Form v2"],"picked":"Corpse Explosion","floor":16},{"not_picked":["Choke","Finisher","Underhanded Strike"],"picked":"SKIP","floor":18},{"not_picked":["Blade Dance","Acrobatics"],"picked":"Crippling Poison","floor":19},{"not_picked":["Flying Knee","Underhanded Strike+1","Cloak And Dagger"],"picked":"SKIP","floor":22},{"not_picked":["Deadly Poison","Choke"],"picked":"Dodge and Roll","floor":23},{"not_picked":["Burst","Blade Dance"],"picked":"Deflect","floor":28},{"not_picked":["Dagger Throw","Eviscerate","Backstab"],"picked":"SKIP","floor":29},{"not_picked":["Quick Slash","Flying Knee"],"picked":"Deflect+1","floor":31}],"player_experience":372674,"relics_obtained":[{"floor":7,"key":"Blue Candle"},{"floor":9,"key":"Strawberry"},{"floor":10,"key":"Bottled Flame"},{"floor":23,"key":"Pen Nib"},{"floor":26,"key":"Bag of Preparation"},{"floor":29,"key":"Peace Pipe"}],"event_choices":[{"damage_healed":0,"gold_gain":0,"player_choice":"Entered Light","damage_taken":15,"max_hp_gain":0,"max_hp_loss":0,"event_name":"Shining Light","floor":13,"gold_loss":0,"cards_upgraded":["Defend_G","Footwork"]},{"damage_healed":0,"gold_gain":0,"player_choice":"Forge","damage_taken":0,"max_hp_gain":0,"max_hp_loss":0,"event_name":"Accursed Blacksmith","floor":14,"gold_loss":0,"cards_upgraded":["Endless Agony"]},{"damage_healed":0,"gold_gain":0,"player_choice":"Got Potions","damage_taken":0,"max_hp_gain":0,"max_hp_loss":0,"event_name":"Lab","floor":21,"gold_loss":0}],"is_beta":false,"boss_relics":[{"not_picked":["White Beast Statue","Eternal Feather"],"picked":"Ring of the Serpent"}],"items_purged_floors":[5,24],"is_endless":false,"potions_floor_spawned":[4,7,10,16,18,22,23],"killed_by":"Collector","ascension_level":10}