{"gold_per_floor":[116,116,136,101,114,146,146,160,160,176,195,207,207,218,218,293,293,308,32,47,65,65],"floor_reached":22,"playtime":1326,"items_purged":[],"score":384,"play_id":"f4233129-411d-4158-acee-eda6d8fa300f","local_time":"20190417111303","is_ascension_mode":true,"campfire_choices":[{"floor":7,"key":"REST"},{"floor":13,"key":"REST"},{"data":"Cloak And Dagger","floor":15,"key":"SMITH"}],"neow_cost":"NONE","seed_source_timestamp":1650481705928705,"circlet_count":0,"master_deck":["AscendersBane","Survivor","Neutralize","Flying Knee","Terror","Corpse Explosion","Poisoned Stab","Backflip","Cloak And Dagger+1","Deadly Poison","Prepared","Wraith Form v2","Backflip","Bullet Time","Crippling Poison","Night Terror","Bullet Time","Reflex","Tactician","Blade Dance","Catalyst","Noxious Fumes","Distraction+1","Bandage Up","Backflip+1"],"relics":["Ring of the Snake","Vajra","Shuriken","Pandora\u0027s Box","Bag of Marbles"],"potions_floor_usage":[6,12,12,16,18,22],"damage_taken":[{"damage":10,"enemies":"Cultist","floor":1,"turns":5},{"damage":1,"enemies":"Jaw Worm","floor":3,"turns":4},{"damage":0,"enemies":"2 Louse","floor":5,"turns":3},{"damage":29,"enemies":"Lagavulin","floor":6,"turns":9},{"damage":0,"enemies":"Looter","floor":8,"turns":2},{"damage":20,"enemies":"Gremlin Gang","floor":10,"turns":3},{"damage":0,"enemies":"2 Fungi Beasts","floor":11,"turns":2},{"damage":0,"enemies":"Large Slime","floor":12,"turns":3},{"damage":2,"enemies":"Red Slaver","floor":14,"turns":3},{"damage":32,"enemies":"The Guardian","floor":16,"turns":9},{"damage":24,"enemies":"Chosen","floor":18,"turns":5},{"damage":3,"enemies":"Spheric Guardian","floor":20,"turns":3},{"damage":5,"enemies":"Centurion and Healer","floor":21,"turns":6},{"damage":40,"enemies":"Colosseum Slavers","floor":22,"turns":3}],"seed_played":"2346395407507581316","potions_obtained":[{"floor":0,"key":"Weak Potion"},{"floor":0,"key":"SkillPotion"},{"floor":3,"key":"FearPotion"},{"floor":6,"key":"SteroidPotion"},{"floor":12,"key":"Energy Potion"},{"floor":14,"key":"Regen Potion"},{"floor":18,"key":"SkillPotion"},{"floor":21,"key":"FearPotion"}],"is_trial":false,"path_per_floor":["M","?","M","?","M","E","R","M","T","M","M","M","R","M","R","B",null,"M","$","M","M","?"],"character_chosen":"THE_SILENT","items_purchased":["Bandage Up","Bag of Marbles"],"campfire_rested":2,"item_purchase_floors":[19,19],"current_hp_per_floor":[49,29,28,44,44,15,34,34,34,14,14,14,33,31,31,8,52,28,28,25,24,0],"gold":65,"neow_bonus":"THREE_SMALL_POTIONS","is_prod":false,"is_daily":false,"chose_seed":false,"campfire_upgraded":1,"win_rate":0,"timestamp":1555467183,"path_taken":["M","?","M","?","M","E","R","M","T","M","M","M","R","M","R","BOSS","M","$","M","M","?"],"build_version":"2019-01-23","purchased_purges":0,"victory":false,"max_hp_per_floor":[66,66,66,66,66,66,66,66,66,66,66,66,66,66,66,66,66,66,66,66,66,66],"card_choices":[{"not_picked":["Calculated Gamble","Sucker Punch"],"picked":"Flying Knee","floor":1},{"not_picked":["Outmaneuver","Acrobatics"],"picked":"Terror","floor":3},{"not_picked":["Dodge and Roll","Deadly Poison"],"picked":"Corpse Explosion","floor":5},{"not_picked":["Dagger Spray","Slice"],"picked":"Poisoned Stab","floor":6},{"not_picked":["Cloak And Dagger","All Out Attack"],"picked":"Backflip","floor":8},{"not_picked":["Sucker Punch","Quick Slash","Expertise"],"picked":"SKIP","floor":10},{"not_picked":["Deflect","Dodge and Roll"],"picked":"Cloak And Dagger","floor":11},{"not_picked":["Sucker Punch","Accuracy"],"picked":"Deadly Poison","floor":12},{"not_picked":["Distraction","Underhanded Strike"],"picked":"Prepared","floor":14},{"not_picked":["Envenom","Corpse Explosion"],"picked":"Wraith Form v2","floor":16},{"not_picked":["Dagger Throw","Dash"],"picked":"Distraction+1","floor":18},{"not_picked":["Cloak And Dagger","Accuracy"],"picked":"Backflip+1","floor":20},{"not_picked":["Bane","Quick Slash","Setup"],"picked":"SKIP","floor":21}],"player_experience":955077,"relics_obtained":[{"floor":6,"key":"Vajra"},{"floor":9,"key":"Shuriken"}],"event_choices":[{"damage_healed":0,"gold_gain":0,"player_choice":"Entered Light","damage_taken":20,"max_hp_gain":0,"max_hp_loss":0,"event_name":"Shining Light","floor":2,"gold_loss":0,"cards_upgraded":["Defend_G","Strike_G"]},{"damage_healed":16,"gold_gain":0,"player_choice":"Healed","damage_taken":0,"max_hp_gain":0,"max_hp_loss":0,"event_name":"The Cleric","floor":4,"gold_loss":35},{"damage_healed":0,"gold_gain":0,"player_choice":"Fight","damage_taken":0,"max_hp_gain":0,"max_hp_loss":0,"event_name":"Colosseum","floor":22,"gold_loss":0}],"is_beta":false,"boss_relics":[{"not_picked":["Velvet Choker","Calling Bell"],"picked":"Pandora\u0027s Box"}],"items_purged_floors":[],"is_endless":false,"potions_floor_spawned":[3,6,12,14,18,21],"killed_by":"Colosseum Slavers","ascension_level":20}