{"gold_per_floor":[109,109,34,34,184,184,215,225,271,284,284,317,333,352,352,428,428,405,405,425,425,167,193,208,208,208,208],"floor_reached":27,"playtime":890,"items_purged":[],"score":532,"play_id":"d1d1d5de-11c5-475e-875c-dc4350108234","local_time":"20190428012934","is_ascension_mode":true,"campfire_choices":[{"data":"Rip and Tear","floor":6.0,"key":"SMITH"},{"floor":15.0,"key":"REST"},{"floor":25.0,"key":"REST"}],"neow_cost":"NONE","seed_source_timestamp":182859315786700,"circlet_count":0,"master_deck":["AscendersBane","Strike_B","Strike_B","Strike_B","Defend_B","Defend_B","Defend_B","Defend_B","Zap+1","Dualcast","Rip and Tear+1","Conserve Battery","Coolheaded","Leap","Self Repair","Echo Form","White Noise","Defragment","Compile Driver+1","Static Discharge","Coolheaded","Fusion+1"],"special_seed":0,"relics":["Cracked Core","Pen Nib","Mummified Hand","Omamori","Bag of Preparation","Blue Candle","Cursed Key","Oddly Smooth Stone","Happy Flower","Ornamental Fan","The Courier"],"potions_floor_usage":[],"damage_taken":[{"damage":0.0,"enemies":"2 Louse","floor":1.0,"turns":3.0},{"damage":50.0,"enemies":"3 Sentries","floor":7.0,"turns":8.0},{"damage":5.0,"enemies":"Small Slimes","floor":8.0,"turns":3.0},{"damage":0.0,"enemies":"Cultist","floor":10.0,"turns":2.0},{"damage":0.0,"enemies":"Gremlin Nob","floor":12.0,"turns":2.0},{"damage":1.0,"enemies":"Exordium Wildlife","floor":13.0,"turns":5.0},{"damage":0.0,"enemies":"Looter","floor":14.0,"turns":3.0},{"damage":27.0,"enemies":"The Guardian","floor":16.0,"turns":14.0},{"damage":16.0,"enemies":"2 Thieves","floor":18.0,"turns":4.0},{"damage":41.0,"enemies":"3 Byrds","floor":20.0,"turns":6.0},{"damage":11.0,"enemies":"Book of Stabbing","floor":23.0,"turns":6.0},{"damage":10.0,"enemies":"Centurion and Healer","floor":24.0,"turns":8.0},{"damage":37,"enemies":"Cultist and Chosen","floor":27,"turns":5}],"seed_played":"2801919783144880939","potions_obtained":[{"floor":8.0,"key":"EssenceOfSteel"},{"floor":10.0,"key":"AttackPotion"},{"floor":12.0,"key":"AttackPotion"},{"floor":16.0,"key":"GamblersBrew"},{"floor":23.0,"key":"PowerPotion"}],"is_trial":false,"path_per_floor":["M","?","?","?","?","R","E","M","T","M","?","E","M","M","R","B",null,"M","?","M","?","$","E","M","R","T","M"],"character_chosen":"DEFECT","items_purchased":["Static Discharge","Happy Flower"],"campfire_rested":2,"item_purchase_floors":[22,22],"current_hp_per_floor":[64,59,59,59,59,59,9,4,4,4,4,4,10,17,38,18,58,49,49,15,15,15,11,8,29,29,0],"gold":208,"neow_bonus":"RANDOM_COMMON_RELIC","is_prod":false,"is_daily":false,"chose_seed":false,"campfire_upgraded":1,"win_rate":0,"timestamp":1556407774,"path_taken":["M","?","?","?","?","R","E","M","T","M","?","E","?","M","R","BOSS","M","?","M","?","$","E","M","R","T","M"],"build_version":"2019-01-23","purchased_purges":0,"victory":false,"max_hp_per_floor":[71,71,71,71,71,71,71,71,71,71,71,71,71,71,71,71,71,71,71,71,71,71,71,71,71,71,71],"card_choices":[{"not_picked":["Ball Lightning","Heatsinks"],"picked":"Rip and Tear","floor":1.0},{"not_picked":["Static Discharge","Cold Snap"],"picked":"Conserve Battery","floor":7.0},{"not_picked":["Go for the Eyes","Sweeping Beam"],"picked":"Coolheaded","floor":8.0},{"not_picked":["Cold Snap","Steam Power"],"picked":"Leap","floor":10.0},{"not_picked":["Turbo","Recycle"],"picked":"Self Repair","floor":12.0},{"not_picked":["Barrage","Genetic Algorithm","Lockon"],"picked":"SKIP","floor":13.0},{"not_picked":["Skim","Undo","Barrage"],"picked":"SKIP","floor":14.0},{"not_picked":["Thunder Strike","Multi-Cast"],"picked":"Echo Form","floor":16.0},{"not_picked":["Go for the Eyes","Leap"],"picked":"White Noise","floor":18.0},{"not_picked":["Doom and Gloom","Gash"],"picked":"Compile Driver+1","floor":20.0},{"not_picked":["Blizzard","Stack+1"],"picked":"Coolheaded","floor":23.0},{"not_picked":["Compile Driver","Cold Snap"],"picked":"Fusion+1","floor":24.0}],"player_experience":609386,"relics_obtained":[{"floor":7.0,"key":"Omamori"},{"floor":9.0,"key":"Bag of Preparation"},{"floor":12.0,"key":"Blue Candle"},{"floor":23.0,"key":"Ornamental Fan"},{"floor":26.0,"key":"The Courier"}],"event_choices":[{"damage_healed":0.0,"max_hp_gain":0.0,"max_hp_loss":0.0,"gold_gain":0.0,"event_name":"Scrap Ooze","player_choice":"Success","floor":2.0,"gold_loss":0.0,"damage_taken":5.0,"relics_obtained":["Mummified Hand"]},{"cards_removed":["Strike_B"],"damage_healed":0.0,"max_hp_gain":0.0,"max_hp_loss":0.0,"gold_gain":0.0,"event_name":"The Cleric","player_choice":"Card Removal","floor":3.0,"gold_loss":75.0,"damage_taken":0.0},{"damage_healed":0.0,"max_hp_gain":0.0,"max_hp_loss":0.0,"gold_gain":0.0,"event_name":"Living Wall","player_choice":"Grow","floor":4.0,"gold_loss":0.0,"damage_taken":0.0,"cards_upgraded":["Zap"]},{"damage_healed":0.0,"max_hp_gain":0.0,"max_hp_loss":0.0,"gold_gain":150.0,"event_name":"Liars Game","player_choice":"AGREE","floor":5.0,"gold_loss":0.0,"damage_taken":0.0,"cards_obtained":["Doubt"]},{"cards_removed":["Doubt"],"damage_healed":0.0,"max_hp_gain":0.0,"max_hp_loss":0.0,"gold_gain":0.0,"event_name":"Purifier","player_choice":"Purged","floor":11.0,"gold_loss":0.0,"damage_taken":0.0},{"damage_healed":0.0,"max_hp_gain":0.0,"max_hp_loss":0.0,"gold_gain":0.0,"event_name":"The Library","player_choice":"Read","floor":19.0,"gold_loss":0.0,"damage_taken":0.0,"cards_obtained":["Defragment"]},{"damage_healed":0.0,"max_hp_gain":0.0,"max_hp_loss":0.0,"gold_gain":0.0,"event_name":"The Mausoleum","player_choice":"Opened","floor":21.0,"gold_loss":0.0,"damage_taken":0.0,"relics_obtained":["Oddly Smooth Stone"],"cards_obtained":["Writhe"]}],"is_beta":false,"boss_relics":[{"not_picked":["Velvet Choker","Black Star"],"picked":"Cursed Key"}],"items_purged_floors":[],"is_endless":false,"potions_floor_spawned":[8,10,12,16,23],"killed_by":"Cultist and Chosen","ascension_level":20}