{"gold_per_floor":[365,365,0,0,13,13,42,55,55,55,1,33,45,56,56,131,131,146,156,156,156,172,172],"floor_reached":23,"playtime":852,"items_purged":[],"score":402,"play_id":"33e87e84-7a53-4fec-8091-89a4128cd386","local_time":"20190503160038","is_ascension_mode":true,"campfire_choices":[{"data":"Zap","floor":6,"key":"SMITH"},{"data":"Tempest","floor":10,"key":"SMITH"},{"data":"Go for the Eyes","floor":15,"key":"SMITH"}],"neow_cost":"CURSE","seed_source_timestamp":384733966205400,"circlet_count":0,"master_deck":["AscendersBane","Strike_B","Strike_B","Strike_B","Strike_B","Defend_B","Defend_B","Defend_B","Defend_B","Zap+1","Dualcast","Cold Snap","Defragment+1","Reinforced Body","Tempest+1","FTL","Leap","Go for the Eyes+1","All For One","Ball Lightning","Glacier","Ball Lightning"],"relics":["Cracked Core","Frozen Egg 2","StoneCalendar","Mercury Hourglass","Centennial Puzzle","Smiling Mask","Sozu"],"potions_floor_usage":[7,23],"damage_taken":[{"damage":4,"enemies":"Small Slimes","floor":1,"turns":3},{"damage":0,"enemies":"Cultist","floor":5,"turns":3},{"damage":22,"enemies":"Gremlin Nob","floor":7,"turns":5},{"damage":0,"enemies":"2 Louse","floor":8,"turns":2},{"damage":5,"enemies":"Lagavulin","floor":12,"turns":7},{"damage":0,"enemies":"2 Fungi Beasts","floor":13,"turns":2},{"damage":2,"enemies":"Lots of Slimes","floor":14,"turns":3},{"damage":4,"enemies":"The Guardian","floor":16,"turns":9},{"damage":9,"enemies":"2 Thieves","floor":18,"turns":4},{"damage":1,"enemies":"Spheric Guardian","floor":19,"turns":3},{"damage":23,"enemies":"Colosseum Slavers","floor":20,"turns":3},{"damage":10,"enemies":"Shelled Parasite and Fungi","floor":22,"turns":6},{"damage":21,"enemies":"Slavers","floor":23,"turns":2}],"seed_played":"1008993252786428427","potions_obtained":[{"floor":5,"key":"AttackPotion"},{"floor":7,"key":"LiquidBronze"},{"floor":12,"key":"Energy Potion"}],"is_trial":false,"path_per_floor":["M","?","$","?","M","R","E","M","T","R","?","E","M","M","R","B",null,"M","M","?","?","M","E"],"character_chosen":"DEFECT","items_purchased":["Frozen Egg 2","Defragment+1"],"campfire_rested":0,"item_purchase_floors":[3,3],"current_hp_per_floor":[60,60,60,60,60,60,38,38,38,38,38,33,33,31,31,27,60,51,50,27,27,17,0],"gold":172,"neow_bonus":"TWO_FIFTY_GOLD","is_prod":false,"is_daily":false,"chose_seed":false,"campfire_upgraded":3,"win_rate":0,"timestamp":1556866838,"path_taken":["M","?","$","?","M","R","E","M","T","R","?","E","?","M","R","BOSS","M","M","?","?","?","E"],"build_version":"2019-01-23","purchased_purges":0,"victory":false,"max_hp_per_floor":[71,71,71,71,71,71,71,71,71,71,71,71,71,71,71,71,71,71,71,71,71,71,71],"card_choices":[{"not_picked":["Stack","Streamline"],"picked":"Cold Snap","floor":1},{"not_picked":["Force Field","Storm+1"],"picked":"Reinforced Body","floor":5},{"not_picked":["Scrape","Streamline"],"picked":"Tempest","floor":7},{"not_picked":["Chaos","Darkness","Fusion"],"picked":"SKIP","floor":8},{"not_picked":["Machine Learning+1","Turbo"],"picked":"FTL","floor":12},{"not_picked":["Streamline","Heatsinks+1"],"picked":"Leap","floor":13},{"not_picked":["BootSequence","Gash"],"picked":"Go for the Eyes","floor":14},{"not_picked":["Amplify","Reboot"],"picked":"All For One","floor":16},{"not_picked":["Turbo","Steam"],"picked":"Ball Lightning","floor":18},{"not_picked":["Cold Snap","Redo"],"picked":"Glacier","floor":19},{"not_picked":["Chaos","Fusion"],"picked":"Ball Lightning","floor":22}],"player_experience":1199726,"relics_obtained":[{"floor":7,"key":"StoneCalendar"},{"floor":9,"key":"Mercury Hourglass"},{"floor":12,"key":"Smiling Mask"}],"event_choices":[{"cards_removed":["Decay"],"damage_healed":0,"gold_gain":0,"player_choice":"Forget","damage_taken":0,"max_hp_gain":0,"max_hp_loss":0,"event_name":"Living Wall","floor":2,"gold_loss":0},{"damage_healed":0,"gold_gain":0,"player_choice":"Leave","damage_taken":0,"max_hp_gain":0,"max_hp_loss":0,"event_name":"The Cleric","floor":4,"gold_loss":0},{"damage_healed":0,"gold_gain":0,"player_choice":"Paid Gold","damage_taken":0,"relics_obtained":["Centennial Puzzle"],"max_hp_gain":0,"max_hp_loss":0,"event_name":"WeMeetAgain","floor":11,"gold_loss":54},{"damage_healed":0,"gold_gain":0,"player_choice":"Fight","damage_taken":0,"max_hp_gain":0,"max_hp_loss":0,"event_name":"Colosseum","floor":20,"gold_loss":0},{"damage_healed":0,"gold_gain":0,"player_choice":"Fled From Nobs","damage_taken":0,"max_hp_gain":0,"max_hp_loss":0,"event_name":"Colosseum","floor":20,"gold_loss":0},{"damage_healed":0,"gold_gain":0,"player_choice":"Got Potions","damage_taken":0,"max_hp_gain":0,"max_hp_loss":0,"event_name":"Lab","floor":21,"gold_loss":0}],"is_beta":false,"boss_relics":[{"not_picked":["Philosopher\u0027s Stone","Busted Crown"],"picked":"Sozu"}],"items_purged_floors":[],"is_endless":false,"potions_floor_spawned":[5,7,12,20],"killed_by":"Slavers","ascension_level":20}