{"gold_per_floor":[113,188,41,54,24,57,57,85,160,160,172,205,222,234,234,338,338,353,353,373,373,390,390,407,437,463,388,388,53,87,87,87,87],"floor_reached":33,"playtime":1623,"items_purged":["Strike_B","Defend_B"],"score":550,"play_id":"32939033-c05a-4d0a-87dc-665312537039","local_time":"20190411081307","is_ascension_mode":true,"campfire_choices":[{"data":"Streamline","floor":7.0,"key":"SMITH"},{"data":"Zap","floor":10.0,"key":"SMITH"},{"data":"Consume","floor":15.0,"key":"SMITH"},{"data":"Coolheaded","floor":23,"key":"SMITH"},{"data":"Coolheaded","floor":28,"key":"SMITH"},{"data":"Ghostly","floor":32,"key":"SMITH"}],"neow_cost":"NONE","seed_source_timestamp":62446304709760,"circlet_count":0,"master_deck":["AscendersBane","Strike_B","Defend_B","Defend_B","Defend_B","Zap+1","Dualcast","Coolheaded+1","Capacitor","Streamline+1","Self Repair","Go for the Eyes","Loop","Coolheaded+1","Consume+1","Gash","All For One","Ghostly+1","Ghostly","Ghostly","Ghostly","Ghostly","Hologram+1","Gash","Impatience","FTL+1","Tempest","Hyperbeam"],"special_seed":0,"relics":["Cracked Core","NeowsBlessing","Bag of Preparation","Mercury Hourglass","Singing Bowl","Meat on the Bone","Cursed Key","Mango","Strawberry","Potion Belt","Bronze Scales"],"potions_floor_usage":[33,33,33],"damage_taken":[{"damage":0.0,"enemies":"Jaw Worm","floor":1.0,"turns":1.0},{"damage":0.0,"enemies":"2 Louse","floor":4.0,"turns":1.0},{"damage":0.0,"enemies":"Lagavulin","floor":6.0,"turns":1.0},{"damage":25.0,"enemies":"Gremlin Nob","floor":8.0,"turns":5.0},{"damage":4.0,"enemies":"Cultist","floor":11.0,"turns":3.0},{"damage":16.0,"enemies":"3 Sentries","floor":12.0,"turns":6.0},{"damage":0.0,"enemies":"Large Slime","floor":13.0,"turns":4.0},{"damage":0.0,"enemies":"Exordium Wildlife","floor":14.0,"turns":2.0},{"damage":28.0,"enemies":"The Guardian","floor":16.0,"turns":9.0},{"damage":11.0,"enemies":"2 Thieves","floor":18.0,"turns":4.0},{"damage":4.0,"enemies":"3 Byrds","floor":20.0,"turns":5.0},{"damage":1.0,"enemies":"3 Cultists","floor":22.0,"turns":5.0},{"damage":2,"enemies":"Snake Plant","floor":24,"turns":4},{"damage":11,"enemies":"Book of Stabbing","floor":25,"turns":7},{"damage":6,"enemies":"Slavers","floor":30,"turns":6},{"damage":62,"enemies":"Collector","floor":33,"turns":7}],"seed_played":"3599909813205170727","potions_obtained":[{"floor":5.0,"key":"Weak Potion"},{"floor":5.0,"key":"Dexterity Potion"},{"floor":8.0,"key":"Explosive Potion"},{"floor":13.0,"key":"Explosive Potion"},{"floor":16.0,"key":"FocusPotion"},{"floor":30,"key":"Weak Potion"}],"is_trial":false,"path_per_floor":["M","?","$","M","?","E","R","E","T","R","M","E","M","M","R","B",null,"M","?","M","?","M","R","M","E","T","?","R","$","E","?","R","B"],"character_chosen":"DEFECT","items_purchased":["Capacitor","Potion Belt","Impatience"],"campfire_rested":0,"item_purchase_floors":[3,29,29],"current_hp_per_floor":[68,57,57,57,57,57,57,39,39,39,42,33,52,52,52,43,67,65,51,49,42,42,42,40,52,59,59,59,59,60,60,60,0],"gold":87,"neow_bonus":"THREE_ENEMY_KILL","is_prod":false,"is_daily":false,"chose_seed":false,"campfire_upgraded":6,"win_rate":0,"timestamp":1554963187,"path_taken":["M","?","$","M","?","E","R","E","T","R","M","E","?","M","R","BOSS","M","?","M","?","M","R","M","E","T","?","R","$","E","?","R","BOSS"],"build_version":"2019-01-23","purchased_purges":2,"victory":false,"max_hp_per_floor":[75,75,75,75,75,75,75,75,75,75,75,75,75,75,75,75,75,77,82,84,42,42,42,42,58,65,65,65,65,65,65,65,65],"card_choices":[{"not_picked":["Stack","Barrage"],"picked":"Coolheaded","floor":1.0},{"not_picked":["Coolheaded","Fusion"],"picked":"Streamline","floor":4.0},{"not_picked":["Steam Power","Fusion"],"picked":"Self Repair","floor":6.0},{"not_picked":["Recycle","Force Field"],"picked":"Go for the Eyes","floor":8.0},{"not_picked":["Self Repair","Creative AI"],"picked":"Loop","floor":11.0},{"not_picked":["Self Repair","Steam"],"picked":"Coolheaded","floor":12.0},{"not_picked":["Hologram","Compile Driver"],"picked":"Consume","floor":13.0},{"not_picked":["Conserve Battery","Coolheaded"],"picked":"Gash","floor":14.0},{"not_picked":["Hyperbeam","Seek"],"picked":"All For One","floor":16.0},{"not_picked":["Sweeping Beam","Conserve Battery","Compile Driver"],"picked":"Singing Bowl","floor":18.0},{"not_picked":["Streamline","Barrage","Coolheaded+1"],"picked":"Singing Bowl","floor":20.0},{"not_picked":["Turbo+1","Storm"],"picked":"Hologram+1","floor":22},{"not_picked":["Compile Driver","Genetic Algorithm"],"picked":"Gash","floor":24},{"not_picked":["Stack","White Noise","Thunder Strike"],"picked":"Singing Bowl","floor":25},{"not_picked":["Beam Cell","Leap"],"picked":"FTL+1","floor":30}],"player_experience":524026,"relics_obtained":[{"floor":6.0,"key":"Bag of Preparation"},{"floor":8.0,"key":"Mercury Hourglass"},{"floor":9.0,"key":"Singing Bowl"},{"floor":12.0,"key":"Meat on the Bone"},{"floor":25,"key":"Mango"},{"floor":26,"key":"Strawberry"},{"floor":30,"key":"Bronze Scales"}],"event_choices":[{"damage_healed":0.0,"max_hp_gain":0.0,"max_hp_loss":0.0,"gold_gain":75.0,"event_name":"World of Goop","player_choice":"Gather Gold","floor":2.0,"gold_loss":0.0,"damage_taken":11.0},{"damage_healed":0.0,"max_hp_gain":0.0,"max_hp_loss":0.0,"gold_gain":0.0,"event_name":"The Woman in Blue","player_choice":"Bought 2 Potions","floor":5.0,"gold_loss":0.0,"damage_taken":0.0},{"damage_healed":0.0,"max_hp_gain":5.0,"max_hp_loss":0.0,"gold_gain":0.0,"event_name":"Forgotten Altar","player_choice":"Shed Blood","floor":19.0,"gold_loss":0.0,"damage_taken":19.0},{"damage_healed":0.0,"max_hp_gain":0.0,"max_hp_loss":42.0,"gold_gain":0.0,"event_name":"Ghosts","player_choice":"Became a Ghost","floor":21.0,"gold_loss":0.0,"damage_taken":0.0,"cards_obtained":["Ghostly","Ghostly","Ghostly","Ghostly","Ghostly"]},{"cards_removed":["Writhe"],"damage_healed":0,"gold_gain":0,"player_choice":"Gave Gold","damage_taken":0,"max_hp_gain":0,"max_hp_loss":0,"event_name":"Beggar","floor":27,"gold_loss":75},{"damage_healed":0,"gold_gain":0,"cards_transformed":["Strike_B","Strike_B"],"player_choice":"Became Test Subject","damage_taken":0,"max_hp_gain":0,"max_hp_loss":0,"event_name":"Drug Dealer","floor":31,"gold_loss":0,"cards_obtained":["Tempest","Hyperbeam"]}],"is_beta":false,"boss_relics":[{"not_picked":["Velvet Choker","Black Star"],"picked":"Cursed Key"}],"items_purged_floors":[3,29],"is_endless":false,"potions_floor_spawned":[6,8,13,16,25,30],"killed_by":"Collector","ascension_level":12}