{"gold_per_floor":[18,37,37,47,60,89,89,118,145,145,145,164,175,193,193,266,266,266,128,128,20,20,20,20,20,20,20,20,20,20,20,20,20,20,20,20,20,20,20],"floor_reached":40,"playtime":2510,"items_purged":["Strike_R"],"score":1014,"play_id":"c280ae85-61e5-4fe7-94de-84a1a03b409b","local_time":"20190511092851","is_ascension_mode":true,"campfire_choices":[{"data":"Limit Break","floor":11.0,"key":"SMITH"},{"data":"Spot Weakness","floor":15.0,"key":"SMITH"},{"data":"Shockwave","floor":23.0,"key":"SMITH"},{"data":"Shockwave","floor":25.0,"key":"SMITH"},{"data":"Impervious","floor":29.0,"key":"SMITH"},{"data":"Disarm","floor":32.0,"key":"SMITH"}],"neow_cost":"NO_GOLD","seed_source_timestamp":0,"circlet_count":0,"master_deck":["AscendersBane","Strike_R","Defend_R","Defend_R","Defend_R","Bash","Anger","Sword Boomerang","Spot Weakness+1","Battle Trance","Pommel Strike","Limit Break+1","Metallicize","Disarm+1","Cleave","Impervious+1","Shockwave+1","Shockwave+1","Immolate","Whirlwind+1","Ghostly Armor","Limit Break","Disarm+1","Spot Weakness"],"special_seed":0,"relics":["Burning Blood","FossilizedHelix","Omamori","Anchor","Ectoplasm","Lantern","MawBank","Boot","Oddly Smooth Stone","Self Forming Clay","Cursed Key","Bird Faced Urn"],"potions_floor_usage":[33],"damage_taken":[{"damage":3.0,"enemies":"2 Louse","floor":1.0,"turns":3.0},{"damage":0.0,"enemies":"Jaw Worm","floor":2.0,"turns":2.0},{"damage":0.0,"enemies":"Cultist","floor":4.0,"turns":3.0},{"damage":11.0,"enemies":"Looter","floor":5.0,"turns":2.0},{"damage":48.0,"enemies":"Gremlin Nob","floor":6.0,"turns":5.0},{"damage":15.0,"enemies":"Lagavulin","floor":8.0,"turns":4.0},{"damage":0.0,"enemies":"Exordium Thugs","floor":12.0,"turns":3.0},{"damage":0.0,"enemies":"Red Slaver","floor":13.0,"turns":2.0},{"damage":0.0,"enemies":"2 Fungi Beasts","floor":14.0,"turns":3.0},{"damage":19.0,"enemies":"Slime Boss","floor":16.0,"turns":13.0},{"damage":5.0,"enemies":"Shell Parasite","floor":18.0,"turns":4.0},{"damage":0.0,"enemies":"Chosen","floor":20.0,"turns":5.0},{"damage":9.0,"enemies":"Snake Plant","floor":22.0,"turns":4.0},{"damage":3.0,"enemies":"Book of Stabbing","floor":24.0,"turns":4.0},{"damage":11.0,"enemies":"Slavers","floor":27.0,"turns":5.0},{"damage":11.0,"enemies":"Shelled Parasite and Fungi","floor":31.0,"turns":6.0},{"damage":12,"enemies":"Collector","floor":33,"turns":7},{"damage":0,"enemies":"3 Shapes","floor":35,"turns":4},{"damage":9,"enemies":"Mind Bloom Boss Battle","floor":36,"turns":8},{"damage":56,"enemies":"Awakened One","floor":39,"turns":9}],"seed_played":"-3400583544732744694","potions_obtained":[{"floor":1.0,"key":"Block Potion"},{"floor":4.0,"key":"Block Potion"},{"floor":13.0,"key":"SkillPotion"},{"floor":14.0,"key":"Swift Potion"},{"floor":20.0,"key":"GamblersBrew"},{"floor":27.0,"key":"PowerPotion"},{"floor":36,"key":"SmokeBomb"}],"is_trial":false,"path_per_floor":["M","M","?","M","M","E","?","E","T","?","R","M","M","M","R","B",null,"M","?","M","$","M","R","E","R","T","E","$","R","T","M","R","B",null,"M","?","?","?","B",null],"character_chosen":"IRONCLAD","items_purchased":["Shockwave"],"campfire_rested":0,"item_purchase_floors":[21],"current_hp_per_floor":[75,80,80,80,75,33,33,24,24,24,24,30,36,42,42,29,67,68,68,74,74,71,71,74,74,74,69,69,69,69,64,64,58,75,80,77,77,77,29],"gold":20,"neow_bonus":"TRANSFORM_TWO_CARDS","is_prod":false,"is_daily":false,"chose_seed":false,"campfire_upgraded":6,"win_rate":0,"timestamp":1557584931,"path_taken":["M","M","?","M","M","E","?","E","T","?","R","?","M","M","R","BOSS","M","?","M","$","?","R","E","R","T","E","?","R","?","M","R","BOSS","M","?","?","?","BOSS"],"build_version":"2019-01-23","purchased_purges":1,"victory":true,"max_hp_per_floor":[80,80,80,80,80,80,80,80,80,80,80,80,80,80,80,80,80,80,80,80,80,80,80,80,80,80,80,80,80,80,80,80,80,80,80,80,80,80,80],"card_choices":[{"not_picked":["Burning Pact","Perfected Strike"],"picked":"Spot Weakness","floor":1.0},{"not_picked":["Sword Boomerang","Iron Wave"],"picked":"Battle Trance","floor":2.0},{"not_picked":["Iron Wave","Searing Blow","Wild Strike"],"picked":"SKIP","floor":4.0},{"not_picked":["Power Through","Havoc"],"picked":"Pommel Strike","floor":5.0},{"not_picked":["Heavy Blade","Bloodletting","Havoc"],"picked":"SKIP","floor":6.0},{"not_picked":["Anger","Juggernaut"],"picked":"Limit Break","floor":8.0},{"not_picked":["Blood for Blood","Evolve"],"picked":"Metallicize","floor":12.0},{"not_picked":["Sword Boomerang","Seeing Red"],"picked":"Disarm","floor":13.0},{"not_picked":["Heavy Blade","Corruption"],"picked":"Cleave","floor":14.0},{"not_picked":["Juggernaut","Fiend Fire"],"picked":"Impervious","floor":16.0},{"not_picked":["Power Through","Feel No Pain","Cleave"],"picked":"SKIP","floor":18.0},{"not_picked":["Heavy Blade+1","Entrench+1"],"picked":"Shockwave","floor":20.0},{"not_picked":["Anger","Sentinel","Rage+1"],"picked":"SKIP","floor":22.0},{"not_picked":["Twin Strike+1","Thunderclap"],"picked":"Immolate","floor":24.0},{"not_picked":["Feel No Pain","Reckless Charge"],"picked":"Whirlwind+1","floor":27.0},{"not_picked":["Anger","True Grit"],"picked":"Ghostly Armor","floor":31.0},{"not_picked":["Berserk","Immolate"],"picked":"Limit Break","floor":33},{"not_picked":["Anger","Sword Boomerang"],"picked":"Disarm+1","floor":35},{"not_picked":["Ghostly Armor","Hemokinesis"],"picked":"Spot Weakness","floor":36}],"player_experience":425937,"relics_obtained":[{"floor":6.0,"key":"FossilizedHelix"},{"floor":8.0,"key":"Omamori"},{"floor":9.0,"key":"Anchor"},{"floor":24.0,"key":"MawBank"},{"floor":26.0,"key":"Boot"},{"floor":27.0,"key":"Oddly Smooth Stone"},{"floor":30.0,"key":"Self Forming Clay"},{"floor":36,"key":"Bird Faced Urn"}],"event_choices":[{"damage_healed":0.0,"max_hp_gain":0.0,"max_hp_loss":0.0,"gold_gain":0.0,"event_name":"Golden Idol","player_choice":"Ignored","floor":3.0,"gold_loss":0.0,"damage_taken":0.0},{"damage_healed":0.0,"max_hp_gain":0.0,"max_hp_loss":0.0,"gold_gain":0.0,"event_name":"Scrap Ooze","player_choice":"Fled","floor":7.0,"gold_loss":0.0,"damage_taken":0.0},{"cards_removed":["Strike_R"],"damage_healed":0.0,"max_hp_gain":0.0,"max_hp_loss":0.0,"gold_gain":0.0,"event_name":"Purifier","player_choice":"Purged","floor":10.0,"gold_loss":0.0,"damage_taken":0.0},{"damage_healed":0.0,"max_hp_gain":0.0,"max_hp_loss":0.0,"gold_gain":0.0,"event_name":"WeMeetAgain","player_choice":"Paid Gold","floor":19.0,"gold_loss":138.0,"damage_taken":0.0,"relics_obtained":["Lantern"]},{"damage_healed":0,"gold_gain":0,"player_choice":"Fight","damage_taken":0,"max_hp_gain":0,"max_hp_loss":0,"event_name":"MindBloom","floor":36,"gold_loss":0},{"cards_removed":["Defend_R"],"damage_healed":0,"gold_gain":0,"player_choice":"Removed Skill","damage_taken":0,"max_hp_gain":0,"max_hp_loss":0,"event_name":"Falling","floor":37,"gold_loss":0},{"damage_healed":0,"gold_gain":0,"player_choice":"Took Portal","damage_taken":0,"max_hp_gain":0,"max_hp_loss":0,"event_name":"SecretPortal","floor":38,"gold_loss":0}],"is_beta":false,"boss_relics":[{"not_picked":["Calling Bell","Busted Crown"],"picked":"Ectoplasm"},{"not_picked":["Eternal Feather","Empty Cage"],"picked":"Cursed Key"}],"items_purged_floors":[21],"is_endless":false,"potions_floor_spawned":[1,4,13,14,20,27,36],"ascension_level":13}