{"gold_per_floor":[113,113,128,147,147,147,178,178,178,197,197,197],"floor_reached":12,"playtime":245,"items_purged":[],"score":152,"play_id":"f89371ee-48d6-4534-8778-c0f69d2fe73d","local_time":"20190306122539","is_ascension_mode":true,"campfire_choices":[{"data":"Dagger Spray","floor":6,"key":"SMITH"},{"floor":8,"key":"REST"}],"neow_cost":"NONE","seed_source_timestamp":629806401618992,"circlet_count":0,"master_deck":["AscendersBane","Defend_G","Defend_G","Defend_G","Defend_G","Defend_G","Strike_G","Strike_G","Strike_G","Strike_G","Survivor","Neutralize","Dagger Spray+1","PiercingWail","Dagger Throw"],"relics":["Ring of the Snake","NeowsBlessing","Golden Idol","Letter Opener","Mummified Hand"],"potions_floor_usage":[7],"damage_taken":[{"damage":0,"enemies":"Small Slimes","floor":1,"turns":1},{"damage":0,"enemies":"2 Louse","floor":3,"turns":1},{"damage":0,"enemies":"Cultist","floor":4,"turns":1},{"damage":27,"enemies":"3 Sentries","floor":7,"turns":6},{"damage":36,"enemies":"Exordium Thugs","floor":10,"turns":7},{"damage":3,"enemies":"Gremlin Nob","floor":12,"turns":3}],"seed_played":"-240963846449381207","potions_obtained":[{"floor":1,"key":"SneckoOil"},{"floor":4,"key":"PowerPotion"}],"is_trial":false,"path_per_floor":["M","?","M","M","?","R","E","R","T","M","?","E"],"character_chosen":"THE_SILENT","items_purchased":[],"campfire_rested":1,"item_purchase_floors":[],"current_hp_per_floor":[59,59,59,59,52,52,25,43,43,7,7,4],"gold":197,"neow_bonus":"THREE_ENEMY_KILL","is_prod":false,"is_daily":false,"chose_seed":false,"campfire_upgraded":1,"win_rate":0,"timestamp":1551842739,"path_taken":["M","?","M","M","?","R","E","R","T","M","?","E"],"build_version":"2019-01-23","purchased_purges":0,"victory":false,"max_hp_per_floor":[66,60,60,60,60,60,60,60,60,60,60,60],"card_choices":[{"not_picked":["Bouncing Flask","Underhanded Strike"],"picked":"Dagger Spray","floor":1},{"not_picked":["Acrobatics","Choke","Dodge and Roll"],"picked":"SKIP","floor":3},{"not_picked":["Deflect","Bane","Dodge and Roll"],"picked":"SKIP","floor":4},{"not_picked":["Setup","Concentrate"],"picked":"PiercingWail","floor":7},{"not_picked":["Deflect","Deadly Poison"],"picked":"Dagger Throw","floor":10}],"player_experience":631075,"relics_obtained":[{"floor":7,"key":"Letter Opener"},{"floor":9,"key":"Mummified Hand"}],"event_choices":[{"damage_healed":0,"gold_gain":0,"player_choice":"Lose Max HP","damage_taken":0,"relics_obtained":["Golden Idol"],"max_hp_gain":0,"max_hp_loss":6,"event_name":"Golden Idol","floor":2,"gold_loss":0},{"cards_removed":["Strike_G"],"damage_healed":0,"gold_gain":0,"player_choice":"Card Removal","damage_taken":7,"max_hp_gain":0,"max_hp_loss":0,"event_name":"Golden Wing","floor":5,"gold_loss":0},{"damage_healed":0,"gold_gain":0,"player_choice":"Searched \u00270\u0027 times","damage_taken":0,"max_hp_gain":0,"max_hp_loss":0,"event_name":"Dead Adventurer","floor":11,"gold_loss":0}],"is_beta":false,"boss_relics":[],"items_purged_floors":[],"is_endless":false,"potions_floor_spawned":[1,4],"killed_by":"Gremlin Nob","ascension_level":19}