{"gold_per_floor":[110,126,226,226,301,301,312,327,401,420,85,85,85,98,98,200,200,211,211,88,88,88,88,122,122,122,122,142,160,160,176,176,176],"floor_reached":33,"playtime":1785,"items_purged":["Strike_B","Strike_B"],"score":281,"play_id":"bc329b69-b30b-4ed3-a943-911b6598153c","local_time":"20181004195547","is_ascension_mode":true,"campfire_choices":[{"data":"Conserve Battery","floor":6,"key":"SMITH"},{"floor":13,"key":"REST"},{"data":"Machine Learning","floor":15,"key":"SMITH"},{"data":"Go for the Eyes","floor":23,"key":"SMITH"},{"floor":25,"key":"REST"},{"floor":32,"key":"REST"}],"neow_cost":"NONE","seed_source_timestamp":431655662327861,"circlet_count":0,"master_deck":["Strike_B+1","Defend_B","Defend_B","Defend_B+1","Zap","Dualcast","Conserve Battery+1","Capacitor","Stack","Ball Lightning","Leap","Ball Lightning","Reinforced Body","Bandage Up","Machine Learning+1","Go for the Eyes+1","Electrodynamics"],"relics":["Cracked Core","Bottled Flame","Lizard Tail","Smiling Mask","Bottled Tornado","MutagenicStrength"],"potions_floor_usage":[16,31,31],"damage_taken":[{"damage":6,"enemies":"2 Louse","floor":1,"turns":2},{"damage":1,"enemies":"Cultist","floor":2,"turns":4},{"damage":2,"enemies":"Jaw Worm","floor":7,"turns":2},{"damage":0,"enemies":"3 Louse","floor":8,"turns":4},{"damage":12,"enemies":"Looter","floor":10,"turns":3},{"damage":0,"enemies":"Red Slaver","floor":14,"turns":3},{"damage":9,"enemies":"Hexaghost","floor":16,"turns":11},{"damage":36,"enemies":"Chosen","floor":18,"turns":5},{"damage":45,"enemies":"Gremlin Leader","floor":24,"turns":10},{"damage":3,"enemies":"Spheric Guardian","floor":28,"turns":4},{"damage":12,"enemies":"Centurion and Healer","floor":29,"turns":8},{"damage":11,"enemies":"Snecko","floor":31,"turns":6},{"damage":101,"enemies":"Automaton","floor":33,"turns":12}],"seed_played":"902013526645166634","potions_obtained":[{"floor":7,"key":"Strength Potion"},{"floor":8,"key":"SpeedPotion"},{"floor":16,"key":"Energy Potion"},{"floor":31,"key":"FearPotion"}],"is_trial":false,"path_per_floor":["M","M","?","?","?","R","M","M","T","M","$","?","R","M","R","B",null,"M","?","$","?","$","R","E","R","T","?","M","M","?","M","R"],"character_chosen":"DEFECT","items_purchased":["Ball Lightning","Reinforced Body","Bandage Up","Swift Potion","Go for the Eyes"],"campfire_rested":3,"item_purchase_floors":[11,11,11,11,20],"current_hp_per_floor":[76,75,75,68,57,57,55,55,55,43,43,27,51,55,55,50,82,46,46,46,46,46,46,5,29,29,29,30,22,6,43,69,0],"gold":176,"neow_bonus":"TEN_PERCENT_HP_BONUS","is_prod":false,"is_daily":false,"chose_seed":false,"campfire_upgraded":3,"win_rate":0,"timestamp":1538675747,"path_taken":["M","M","?","?","?","R","M","?","T","M","?","?","R","M","R","BOSS","M","?","$","?","$","R","E","R","T","?","M","M","?","M","R","BOSS"],"build_version":"2018-09-27","purchased_purges":2,"victory":false,"max_hp_per_floor":[82,82,82,82,82,82,82,82,82,82,82,82,82,82,82,82,82,82,82,82,82,82,82,82,82,82,82,82,82,87,87,87,87],"card_choices":[{"not_picked":["Hologram","Rip and Tear"],"picked":"Conserve Battery","floor":1},{"not_picked":["Steam","Gash"],"picked":"Capacitor","floor":2},{"not_picked":["Creative AI","Recycle"],"picked":"Stack","floor":7},{"not_picked":["Cold Snap","Hello World"],"picked":"Ball Lightning","floor":8},{"not_picked":["Stack","Force Field"],"picked":"Leap","floor":10},{"not_picked":["Leap","Cold Snap"],"picked":"Machine Learning","floor":14},{"not_picked":["Hologram","Beam Cell","Rebound"],"picked":"SKIP","floor":18},{"not_picked":["Recycle","Hologram","Stack"],"picked":"SKIP","floor":24},{"not_picked":["Leap","Go for the Eyes"],"picked":"Electrodynamics","floor":28},{"not_picked":["Aggregate","Compile Driver","Sweeping Beam"],"picked":"SKIP","floor":29},{"not_picked":["Rebound","Streamline","Redo"],"picked":"SKIP","floor":31}],"player_experience":145880,"relics_obtained":[{"floor":9,"key":"Bottled Flame"},{"floor":24,"key":"Smiling Mask"},{"floor":26,"key":"Bottled Tornado"}],"event_choices":[{"event_name":"Golden Shrine","player_choice":"Pray","floor":3,"damage_taken":0},{"event_name":"Golden Wing","player_choice":"Card Removal","floor":4,"damage_taken":0},{"event_name":"World of Goop","player_choice":"Gather Gold","floor":5,"damage_taken":0},{"event_name":"Shining Light","player_choice":"Entered Light","floor":12,"damage_taken":0},{"event_name":"The Woman in Blue","player_choice":"Bought 0 Potions","floor":19,"damage_taken":0},{"event_name":"Bonfire Elementals","player_choice":"BASIC","floor":21,"damage_taken":0},{"event_name":"Drug Dealer","player_choice":"Inject Mutagens","floor":27,"damage_taken":0},{"event_name":"Forgotten Altar","player_choice":"Shed Blood","floor":30,"damage_taken":0}],"is_beta":false,"boss_relics":[{"not_picked":["Snecko Eye","Tiny House"],"picked":"Lizard Tail"}],"items_purged_floors":[11,20],"is_endless":false,"potions_floor_spawned":[7,8,14,16,28,31],"killed_by":"Automaton","ascension_level":2}