{"gold_per_floor":[119,133,147,102,113,113,146,161,161,192,245,277,277,295,295,397,397,415,465,476,486,585,585],"floor_reached":23,"playtime":897,"items_purged":[],"score":408,"play_id":"67c6c34c-7b85-40f2-9c73-989b879f55aa","local_time":"20190316154620","is_ascension_mode":true,"campfire_choices":[{"data":"Hologram","floor":6,"key":"SMITH"},{"floor":13,"key":"REST"},{"data":"Conserve Battery","floor":15,"key":"SMITH"}],"neow_cost":"NONE","seed_source_timestamp":1214300168352,"circlet_count":0,"master_deck":["AscendersBane","Strike_B","Strike_B","Strike_B","Strike_B","Defend_B","Defend_B","Defend_B","Defend_B","Zap","Dualcast","Gash","Gash","Conserve Battery+1","Hologram+1","Rebound","Scrape","Gash","All For One","Conserve Battery","Compile Driver","Reboot","Self Repair","Auto Shields+1"],"relics":["Cracked Core","Oddly Smooth Stone","Pantograph","Anchor","Cables","Black Star"],"potions_floor_usage":[7,10,12,12,20,21],"damage_taken":[{"damage":3,"enemies":"2 Louse","floor":1,"turns":3},{"damage":0,"enemies":"Small Slimes","floor":2,"turns":3},{"damage":1,"enemies":"Cultist","floor":3,"turns":3},{"damage":1,"enemies":"2 Fungi Beasts","floor":5,"turns":4},{"damage":23,"enemies":"3 Sentries","floor":7,"turns":6},{"damage":4,"enemies":"Large Slime","floor":8,"turns":5},{"damage":16,"enemies":"Gremlin Nob","floor":10,"turns":4},{"damage":8,"enemies":"Lagavulin","floor":12,"turns":4},{"damage":0,"enemies":"Exordium Wildlife","floor":14,"turns":3},{"damage":0,"enemies":"Slime Boss","floor":16,"turns":4},{"damage":27,"enemies":"Shell Parasite","floor":18,"turns":5},{"damage":20,"enemies":"3 Byrds","floor":20,"turns":8},{"damage":0,"enemies":"3 Cultists","floor":21,"turns":3},{"damage":39,"enemies":"Slavers","floor":23,"turns":4}],"seed_played":"1770726971382727111","potions_obtained":[{"floor":5,"key":"PowerPotion"},{"floor":7,"key":"Block Potion"},{"floor":8,"key":"SkillPotion"},{"floor":10,"key":"SteroidPotion"},{"floor":12,"key":"Poison Potion"},{"floor":16,"key":"Block Potion"}],"is_trial":false,"path_per_floor":["M","M","M","$","M","R","E","M","T","E","?","E","R","M","R","B",null,"M","?","M","M","?","E"],"character_chosen":"DEFECT","items_purchased":["Hologram"],"campfire_rested":1,"item_purchase_floors":[4],"current_hp_per_floor":[72,72,71,71,70,70,47,43,43,27,27,19,43,43,43,68,79,52,52,32,32,32,0],"gold":585,"neow_bonus":"TEN_PERCENT_HP_BONUS","is_prod":false,"is_daily":false,"chose_seed":false,"campfire_upgraded":2,"win_rate":0,"timestamp":1552769180,"path_taken":["M","M","M","$","M","R","E","M","T","E","?","E","R","M","R","BOSS","M","?","M","?","?","E"],"build_version":"2019-01-23","purchased_purges":0,"victory":false,"max_hp_per_floor":[82,82,82,82,82,82,82,82,82,82,82,82,82,82,82,82,82,82,82,82,82,82,82],"card_choices":[{"not_picked":["Leap","Beam Cell"],"picked":"Gash","floor":1},{"not_picked":["Scrape","FTL"],"picked":"Gash","floor":2},{"not_picked":["Consume","Storm"],"picked":"Conserve Battery","floor":3},{"not_picked":["Barrage","Heatsinks"],"picked":"Rebound","floor":5},{"not_picked":["Steam","Beam Cell"],"picked":"Scrape","floor":7},{"not_picked":["Turbo","Stack"],"picked":"Gash","floor":8},{"not_picked":["Darkness","Recycle"],"picked":"All For One","floor":10},{"not_picked":["Static Discharge","Blizzard"],"picked":"Conserve Battery","floor":12},{"not_picked":["Static Discharge","Lockon"],"picked":"Compile Driver","floor":14},{"not_picked":["Seek","Machine Learning"],"picked":"Reboot","floor":16},{"not_picked":["Heatsinks","Sunder","Blizzard"],"picked":"SKIP","floor":18},{"not_picked":["Double Energy+1","Coolheaded"],"picked":"Self Repair","floor":20},{"not_picked":["Stack","Blizzard+1"],"picked":"Auto Shields+1","floor":21}],"player_experience":1130298,"relics_obtained":[{"floor":7,"key":"Oddly Smooth Stone"},{"floor":9,"key":"Pantograph"},{"floor":10,"key":"Anchor"},{"floor":12,"key":"Cables"}],"event_choices":[{"damage_healed":0,"gold_gain":53,"player_choice":"Gained Gold","damage_taken":0,"max_hp_gain":0,"max_hp_loss":0,"event_name":"Golden Wing","floor":11,"gold_loss":0},{"damage_healed":0,"gold_gain":100,"player_choice":"Bet on Murderer","damage_taken":0,"max_hp_gain":0,"max_hp_loss":0,"event_name":"The Joust","floor":19,"gold_loss":50},{"damage_healed":0,"gold_gain":99,"player_choice":"Stole From Cult","damage_taken":0,"max_hp_gain":0,"max_hp_loss":0,"event_name":"Nest","floor":22,"gold_loss":0}],"is_beta":false,"boss_relics":[{"not_picked":["Tiny House","Runic Pyramid"],"picked":"Black Star"}],"items_purged_floors":[],"is_endless":false,"potions_floor_spawned":[5,7,8,10,12,16],"killed_by":"Slavers","ascension_level":11}