{"gold_per_floor":[118,131,131,149,163,163,191,23,49,79,89,112,124,49,49,122,122,134,134,134,134],"floor_reached":21,"playtime":766,"items_purged":["Strike_R"],"score":349,"play_id":"8bcdb62e-85e1-4f96-8a23-a2fd69501844","local_time":"20190320002433","is_ascension_mode":true,"campfire_choices":[{"data":"Inflame","floor":6.0,"key":"SMITH"},{"data":"Metallicize","floor":15,"key":"SMITH"}],"neow_cost":"PERCENT_DAMAGE","seed_source_timestamp":529177552248900,"circlet_count":0,"master_deck":["AscendersBane","Strike_R","Strike_R","Strike_R","Defend_R","Defend_R","Defend_R","Defend_R","Bash","Reaper","Battle Trance","Inflame+1","Spot Weakness","Juggernaut","True Grit","Metallicize+1","Demon Form","Warcry"],"special_seed":0,"relics":["Burning Blood","Lantern","Oddly Smooth Stone","Art of War","PreservedInsect","White Beast Statue","MutagenicStrength"],"potions_floor_usage":[16],"damage_taken":[{"damage":2.0,"enemies":"Cultist","floor":1.0,"turns":4.0},{"damage":13.0,"enemies":"Jaw Worm","floor":2.0,"turns":6.0},{"damage":1.0,"enemies":"Small Slimes","floor":4.0,"turns":5.0},{"damage":19.0,"enemies":"Blue Slaver","floor":5.0,"turns":5.0},{"damage":55.0,"enemies":"3 Sentries","floor":7.0,"turns":11.0},{"damage":14,"enemies":"Large Slime","floor":11,"turns":6},{"damage":7,"enemies":"3 Louse","floor":13,"turns":3},{"damage":43,"enemies":"Hexaghost","floor":16,"turns":10},{"damage":35,"enemies":"2 Thieves","floor":18,"turns":5},{"damage":35,"enemies":"Colosseum Slavers","floor":19,"turns":6},{"damage":31,"enemies":"Chosen","floor":21,"turns":5}],"seed_played":"4886711623008479041","potions_obtained":[{"floor":1.0,"key":"Swift Potion"},{"floor":2.0,"key":"Fire Potion"},{"floor":13,"key":"Weak Potion"},{"floor":18,"key":"FearPotion"}],"is_trial":false,"path_per_floor":["M","M","?","M","M","R","E","$","T","?","M","T","M","$","R","B",null,"M","?","?","M"],"character_chosen":"IRONCLAD","items_purchased":["Oddly Smooth Stone"],"campfire_rested":0,"item_purchase_floors":[8],"current_hp_per_floor":[54,51,51,60,53,53,16,16,16,16,34,34,54,54,54,27,63,59,30,30,0],"gold":134,"neow_bonus":"THREE_RARE_CARDS","is_prod":false,"is_daily":false,"chose_seed":false,"campfire_upgraded":2,"win_rate":0,"timestamp":1553037873,"path_taken":["M","?","?","M","?","R","E","?","T","?","M","?","M","$","R","BOSS","M","?","?","M"],"build_version":"2019-01-23","purchased_purges":1,"victory":false,"max_hp_per_floor":[75,75,75,75,75,75,75,75,75,75,75,75,75,75,75,75,75,75,75,75,75],"card_choices":[{"not_picked":["Impervious","Dark Embrace"],"picked":"Reaper","floor":0.0},{"not_picked":["Entrench","Headbutt"],"picked":"Battle Trance","floor":1.0},{"not_picked":["Wild Strike","Dual Wield","True Grit"],"picked":"SKIP","floor":2.0},{"not_picked":["Hemokinesis","Headbutt"],"picked":"Inflame","floor":4.0},{"not_picked":["Wild Strike","Whirlwind"],"picked":"Spot Weakness","floor":5.0},{"not_picked":["Twin Strike","Thunderclap"],"picked":"Juggernaut","floor":7.0},{"not_picked":["Body Slam","Entrench"],"picked":"True Grit","floor":11},{"not_picked":["Warcry","Sword Boomerang"],"picked":"Metallicize","floor":13},{"not_picked":["Feed","Bludgeon"],"picked":"Demon Form","floor":16},{"not_picked":["Fire Breathing","Wild Strike"],"picked":"Warcry","floor":18}],"player_experience":490624,"relics_obtained":[{"floor":7.0,"key":"Lantern"},{"floor":9.0,"key":"Art of War"},{"floor":12,"key":"PreservedInsect"}],"event_choices":[{"cards_removed":["Strike_R"],"damage_healed":0.0,"max_hp_gain":0.0,"max_hp_loss":0.0,"gold_gain":0.0,"event_name":"Purifier","player_choice":"Purged","floor":3.0,"gold_loss":0.0,"damage_taken":0.0},{"damage_healed":0,"gold_gain":30,"player_choice":"Searched \u00271\u0027 times","damage_taken":0,"max_hp_gain":0,"max_hp_loss":0,"event_name":"Dead Adventurer","floor":10,"gold_loss":0},{"damage_healed":0,"gold_gain":0,"player_choice":"Fight","damage_taken":0,"max_hp_gain":0,"max_hp_loss":0,"event_name":"Colosseum","floor":19,"gold_loss":0},{"damage_healed":0,"gold_gain":0,"player_choice":"Fled From Nobs","damage_taken":0,"max_hp_gain":0,"max_hp_loss":0,"event_name":"Colosseum","floor":19,"gold_loss":0},{"damage_healed":0,"gold_gain":0,"player_choice":"Inject Mutagens","damage_taken":0,"relics_obtained":["MutagenicStrength"],"max_hp_gain":0,"max_hp_loss":0,"event_name":"Drug Dealer","floor":20,"gold_loss":0}],"is_beta":false,"boss_relics":[{"not_picked":["Snecko Eye","Velvet Choker"],"picked":"White Beast Statue"}],"items_purged_floors":[14],"is_endless":false,"potions_floor_spawned":[1,2,4,13,18,19],"killed_by":"Chosen","ascension_level":19}