{"gold_per_floor":[111,286,299,317,335,369,369,52,77,90,15,15,15,33,33,158,158,179,179,179,279,14,45,45,60,140,140,165,40,40,60,60,60],"floor_reached":33,"playtime":1252,"items_purged":["Doubt","Strike_R","Strike_R"],"score":348,"play_id":"1c12f1e6-bdd0-44a9-8593-aa15b841a5aa","local_time":"20181020192337","is_ascension_mode":true,"campfire_choices":[{"data":"Inflame","floor":7,"key":"SMITH"},{"data":"Body Slam","floor":15,"key":"SMITH"},{"data":"Juggernaut","floor":27,"key":"SMITH"},{"floor":32,"key":"REST"}],"neow_cost":"NONE","seed_source_timestamp":377508790942193,"circlet_count":0,"master_deck":["Strike_R","Strike_R","Strike_R","Defend_R","Defend_R","Defend_R","Defend_R","Bash","Shrug It Off","Inflame+1","Cleave","Iron Wave","Spot Weakness","Shrug It Off+1","Body Slam+1","Body Slam+1","Juggernaut+1","Iron Wave","Bandage Up+1","Body Slam","Iron Wave","True Grit+1","True Grit+1"],"relics":["Burning Blood","Red Skull","Toxic Egg 2","Boot","Golden Idol","Mark of Pain","PreservedInsect","MutagenicStrength","Paper Frog"],"potions_floor_usage":[6,16,23,31,33],"damage_taken":[{"damage":3,"enemies":"Jaw Worm","floor":1,"turns":5},{"damage":11,"enemies":"Cultist","floor":3,"turns":4},{"damage":2,"enemies":"2 Louse","floor":4,"turns":3},{"damage":8,"enemies":"Red Slaver","floor":5,"turns":5},{"damage":43,"enemies":"Lagavulin","floor":6,"turns":7},{"damage":1,"enemies":"Looter","floor":10,"turns":3},{"damage":2,"enemies":"3 Louse","floor":14,"turns":3},{"damage":15,"enemies":"Hexaghost","floor":16,"turns":6},{"damage":18,"enemies":"Shell Parasite","floor":18,"turns":5},{"damage":31,"enemies":"Colosseum Slavers","floor":19,"turns":4},{"damage":0,"enemies":"Gremlin Leader","floor":23,"turns":7},{"damage":22,"enemies":"2 Thieves","floor":25,"turns":3},{"damage":42,"enemies":"Shelled Parasite and Fungi","floor":28,"turns":5},{"damage":14,"enemies":"Snake Plant","floor":31,"turns":3},{"damage":73,"enemies":"Automaton","floor":33,"turns":6}],"seed_played":"-2311977449340762372","potions_obtained":[{"floor":5,"key":"Fire Potion"},{"floor":14,"key":"Energy Potion"},{"floor":25,"key":"Swift Potion"},{"floor":31,"key":"Swift Potion"}],"is_trial":false,"path_per_floor":["M","?","M","M","M","E","R","$","T","M","$","?","?","M","R","B",null,"M","?","?","?","$","E","?","M","T","R","M","$","$","M","R"],"character_chosen":"IRONCLAD","items_purchased":["Toxic Egg 2","Shrug It Off+1","Body Slam","Bandage Up+1","Body Slam","Explosive Potion"],"campfire_rested":1,"item_purchase_floors":[8,8,8,22,22,22],"current_hp_per_floor":[88,88,83,87,85,48,48,48,48,53,53,53,31,35,35,26,88,76,51,51,51,51,63,63,47,47,47,17,17,17,15,41,0],"gold":60,"neow_bonus":"TEN_PERCENT_HP_BONUS","is_prod":false,"is_daily":false,"chose_seed":false,"campfire_upgraded":3,"win_rate":0,"timestamp":1540056217,"path_taken":["M","?","M","?","M","E","R","$","T","M","$","?","?","M","R","BOSS","M","?","?","?","?","E","?","M","T","R","M","?","$","?","R","BOSS"],"build_version":"2018-10-18","purchased_purges":3,"victory":false,"max_hp_per_floor":[88,88,88,88,88,88,88,88,88,88,88,88,88,88,88,88,88,88,88,88,88,88,88,88,88,88,88,88,88,88,88,88,88],"card_choices":[{"not_picked":["Warcry","True Grit"],"picked":"Shrug It Off","floor":1},{"not_picked":["Rupture","Thunderclap"],"picked":"Inflame","floor":3},{"not_picked":["True Grit","Rampage"],"picked":"Cleave","floor":4},{"not_picked":["Havoc","Perfected Strike"],"picked":"Iron Wave","floor":5},{"not_picked":["Brutality","Clash"],"picked":"Spot Weakness","floor":6},{"not_picked":["Havoc+1","Heavy Blade","Dual Wield+1"],"picked":"SKIP","floor":10},{"not_picked":["Infernal Blade+1","Havoc+1"],"picked":"Body Slam","floor":14},{"not_picked":["Limit Break+1","Fiend Fire"],"picked":"Juggernaut","floor":16},{"not_picked":["Hemokinesis","Warcry+1","Corruption"],"picked":"SKIP","floor":18},{"not_picked":["Pommel Strike","Warcry+1","Havoc+1"],"picked":"SKIP","floor":23},{"not_picked":["Whirlwind+1","Havoc+1"],"picked":"Iron Wave","floor":25},{"not_picked":["Havoc+1","Warcry+1"],"picked":"True Grit+1","floor":28},{"not_picked":["Perfected Strike","Iron Wave"],"picked":"True Grit+1","floor":31}],"player_experience":217316,"relics_obtained":[{"floor":6,"key":"Red Skull"},{"floor":9,"key":"Boot"},{"floor":23,"key":"PreservedInsect"},{"floor":26,"key":"Paper Frog"}],"event_choices":[{"damage_healed":0,"gold_gain":175,"player_choice":"AGREE","damage_taken":0,"max_hp_gain":0,"max_hp_loss":0,"event_name":"Liars Game","floor":2,"gold_loss":0,"cards_obtained":["Doubt"]},{"damage_healed":0,"gold_gain":0,"player_choice":"Grow","damage_taken":0,"max_hp_gain":0,"max_hp_loss":0,"event_name":"Living Wall","floor":12,"gold_loss":0,"cards_upgraded":["Body Slam"]},{"damage_healed":0,"gold_gain":0,"player_choice":"Take Damage","damage_taken":22,"relics_obtained":["Golden Idol"],"max_hp_gain":0,"max_hp_loss":0,"event_name":"Golden Idol","floor":13,"gold_loss":0},{"damage_healed":0,"gold_gain":0,"player_choice":"Fight","damage_taken":0,"max_hp_gain":0,"max_hp_loss":0,"event_name":"Colosseum","floor":19,"gold_loss":0},{"damage_healed":0,"gold_gain":0,"player_choice":"Fled From Nobs","damage_taken":0,"max_hp_gain":0,"max_hp_loss":0,"event_name":"Colosseum","floor":19,"gold_loss":0},{"damage_healed":0,"gold_gain":0,"player_choice":"Copied","damage_taken":0,"max_hp_gain":0,"max_hp_loss":0,"event_name":"Duplicator","floor":20,"gold_loss":0,"cards_obtained":["Iron Wave"]},{"damage_healed":0,"gold_gain":100,"player_choice":"Pray","damage_taken":0,"max_hp_gain":0,"max_hp_loss":0,"event_name":"Golden Shrine","floor":21,"gold_loss":0},{"damage_healed":0,"gold_gain":0,"player_choice":"Inject Mutagens","damage_taken":0,"relics_obtained":["MutagenicStrength"],"max_hp_gain":0,"max_hp_loss":0,"event_name":"Drug Dealer","floor":24,"gold_loss":0}],"is_beta":false,"boss_relics":[{"not_picked":["Runic Cube","Calling Bell"],"picked":"Mark of Pain"}],"items_purged_floors":[11,22,29],"is_endless":false,"potions_floor_spawned":[5,14,19,25,31],"killed_by":"Automaton","ascension_level":4}