{"gold_per_floor":[118,118,128,128,53,83,83,33,59,71,102,129,176,200,212,323,335,357,387,161,180,194,194,194],"floor_reached":24,"playtime":607,"items_purged":["Strike_R","Strike_R"],"score":233,"play_id":"d5919991-768f-490d-996d-2734a2a69009","local_time":"20190511114109","is_ascension_mode":false,"campfire_choices":[{"data":"Bash","floor":7,"key":"SMITH"},{"data":"Strike_R","floor":10,"key":"SMITH"},{"data":"Whirlwind","floor":15,"key":"SMITH"},{"floor":23,"key":"REST"}],"neow_cost":"NONE","seed_source_timestamp":404754160593316,"circlet_count":0,"master_deck":["Strike_R","Strike_R","Strike_R+1","Defend_R","Defend_R","Defend_R","Defend_R","Bash+1","Whirlwind+1","Flex","Flex","Offering"],"relics":["Burning Blood","NeowsBlessing","Blue Candle","Orichalcum","MawBank","Potion Belt","Philosopher\u0027s Stone"],"potions_floor_usage":[16,16,24,24],"damage_taken":[{"damage":0,"enemies":"2 Louse","floor":1,"turns":1},{"damage":0,"enemies":"Cultist","floor":3,"turns":1},{"damage":0,"enemies":"Lagavulin","floor":6,"turns":1},{"damage":5,"enemies":"Jaw Worm","floor":11,"turns":2},{"damage":7,"enemies":"Lots of Slimes","floor":12,"turns":2},{"damage":3,"enemies":"Gremlin Nob","floor":13,"turns":4},{"damage":20,"enemies":"Large Slime","floor":14,"turns":5},{"damage":50,"enemies":"The Guardian","floor":16,"turns":8},{"damage":5,"enemies":"Spheric Guardian","floor":18,"turns":3},{"damage":22,"enemies":"2 Thieves","floor":19,"turns":4},{"damage":32,"enemies":"Sentry and Sphere","floor":21,"turns":5},{"damage":30,"enemies":"Snecko","floor":22,"turns":5},{"damage":39,"enemies":"Book of Stabbing","floor":24,"turns":4}],"seed_played":"8495849864200754829","potions_obtained":[{"floor":1,"key":"PowerPotion"},{"floor":11,"key":"SpeedPotion"},{"floor":14,"key":"PowerPotion"},{"floor":22,"key":"FearPotion"}],"is_trial":false,"path_per_floor":["M","?","M","T","$","E","R","$","T","R","M","M","E","M","R","B",null,"M","M","$","M","M","R","E"],"character_chosen":"IRONCLAD","items_purchased":["SteroidPotion","Offering"],"campfire_rested":1,"item_purchase_floors":[8,20],"current_hp_per_floor":[80,80,80,80,80,80,80,80,80,80,80,79,80,66,66,22,80,80,64,64,38,14,38,0],"gold":194,"neow_bonus":"THREE_ENEMY_KILL","is_prod":false,"is_daily":false,"chose_seed":false,"campfire_upgraded":3,"win_rate":0,"timestamp":1557589269,"path_taken":["M","?","?","?","?","E","R","$","T","R","?","M","E","M","R","BOSS","M","M","$","M","?","R","E"],"build_version":"2019-01-23","purchased_purges":2,"victory":false,"max_hp_per_floor":[80,80,80,80,80,80,80,80,80,80,80,80,80,80,80,80,80,80,80,80,80,80,80,80],"card_choices":[{"not_picked":["Combust","Twin Strike","Iron Wave"],"picked":"SKIP","floor":1},{"not_picked":["Infernal Blade","Inflame","Anger"],"picked":"SKIP","floor":3},{"not_picked":["Sentinel","Twin Strike","Disarm"],"picked":"SKIP","floor":6},{"not_picked":["Uppercut","Cleave"],"picked":"Whirlwind","floor":11},{"not_picked":["Iron Wave","Clash","Flame Barrier"],"picked":"SKIP","floor":12},{"not_picked":["Anger","Brutality"],"picked":"Flex","floor":13},{"not_picked":["Searing Blow","Headbutt"],"picked":"Flex","floor":14},{"not_picked":["Clothesline+1","Sword Boomerang+1","Havoc"],"picked":"SKIP","floor":18},{"not_picked":["Iron Wave","Sword Boomerang","Body Slam"],"picked":"SKIP","floor":19},{"not_picked":["True Grit+1","Hemokinesis","Heavy Blade+1"],"picked":"SKIP","floor":21},{"not_picked":["Intimidate","Perfected Strike","Blood for Blood"],"picked":"SKIP","floor":22}],"player_experience":123170,"relics_obtained":[{"floor":4,"key":"Blue Candle"},{"floor":6,"key":"Orichalcum"},{"floor":9,"key":"MawBank"},{"floor":13,"key":"Potion Belt"}],"event_choices":[{"damage_healed":0,"gold_gain":0,"player_choice":"0 cards matched","damage_taken":0,"max_hp_gain":0,"max_hp_loss":0,"event_name":"Match and Keep!","floor":2,"gold_loss":0,"cards_obtained":[]}],"is_beta":false,"boss_relics":[{"not_picked":["Lizard Tail","Runic Pyramid"],"picked":"Philosopher\u0027s Stone"}],"items_purged_floors":[5,20],"is_endless":false,"potions_floor_spawned":[1,11,12,14,22],"killed_by":"Book of Stabbing","ascension_level":0}