{"gold_per_floor":[110,20,20,20,45,45,45,45,95,107,142,174,186,223,235,370,382,419,446,458,485,497,553,565,577,589,601,626,654,172,187,187,306,306,329,344,344,677,694,694,674,674,719,719,732,337,371,371,371,371],"floor_reached":51,"playtime":1883,"items_purged":["Reaper"],"score":792,"play_id":"7475e9f4-c731-4d87-9a00-c2bc4719d68d","local_time":"20181213101423","is_ascension_mode":true,"campfire_choices":[{"data":"Armaments","floor":6,"key":"SMITH"},{"data":"Inflame","floor":8,"key":"SMITH"},{"data":"Bash","floor":10,"key":"SMITH"},{"data":"Perfected Strike","floor":13,"key":"SMITH"},{"data":"Twin Strike","floor":15,"key":"SMITH"},{"data":"Perfected Strike","floor":25,"key":"SMITH"},{"floor":27,"key":"REST"},{"data":"Perfected Strike","floor":32,"key":"SMITH"},{"data":"PanicButton","floor":40,"key":"SMITH"},{"data":"Twin Strike","floor":42,"key":"SMITH"},{"data":"Reaper","floor":44,"key":"SMITH"},{"data":"Dual Wield","floor":49,"key":"SMITH"}],"neow_cost":"NONE","seed_source_timestamp":1240833646048261,"circlet_count":0,"master_deck":["Strike_R+1","Strike_R+1","Strike_R+1","Strike_R+1","Strike_R+1","Defend_R+1","Defend_R+1","Defend_R+1","Bash+1","Perfected Strike+1","Inflame+1","Armaments+1","Armaments+1","Twin Strike+1","Feed","Reaper+1","Twin Strike+1","Perfected Strike+1","Bloodletting+1","Perfected Strike+1","Whirlwind+1","Perfected Strike+1","PanicButton+1","Pommel Strike+1","Clothesline+1","Dual Wield+1"],"relics":["Black Blood","Blood Vial","MawBank","Velvet Choker","Dream Catcher","Gremlin Horn","Paper Frog","ClockworkSouvenir","Bottled Tornado","Boot","Lee\u0027s Waffle","Omamori"],"potions_floor_usage":[23,23,33,50,50,50],"damage_taken":[{"damage":2,"enemies":"2 Louse","floor":1,"turns":4},{"damage":6,"enemies":"Jaw Worm","floor":5,"turns":4},{"damage":5,"enemies":"Small Slimes","floor":11,"turns":3},{"damage":7,"enemies":"Blue Slaver","floor":12,"turns":3},{"damage":16,"enemies":"Lots of Slimes","floor":14,"turns":4},{"damage":40,"enemies":"The Guardian","floor":16,"turns":10},{"damage":20,"enemies":"Shell Parasite","floor":18,"turns":4},{"damage":25,"enemies":"2 Thieves","floor":19,"turns":4},{"damage":31,"enemies":"Chosen and Byrds","floor":21,"turns":5},{"damage":54,"enemies":"Gremlin Leader","floor":23,"turns":8},{"damage":5,"enemies":"Cultist and Chosen","floor":28,"turns":4},{"damage":7,"enemies":"Snecko","floor":29,"turns":3},{"damage":0,"enemies":"Snake Plant","floor":31,"turns":2},{"damage":69,"enemies":"Champ","floor":33,"turns":7},{"damage":12,"enemies":"3 Shapes","floor":35,"turns":2},{"damage":10,"enemies":"Orb Walker","floor":36,"turns":2},{"damage":17,"enemies":"Transient","floor":39,"turns":5},{"damage":16,"enemies":"Spire Growth","floor":45,"turns":4},{"damage":23,"enemies":"Nemesis","floor":47,"turns":5},{"damage":73,"enemies":"Time Eater","floor":50,"turns":8}],"seed_played":"7838738467576491154","potions_obtained":[{"floor":11,"key":"LiquidBronze"},{"floor":16,"key":"Regen Potion"},{"floor":19,"key":"Ancient Potion"},{"floor":31,"key":"SteroidPotion"},{"floor":35,"key":"SmokeBomb"},{"floor":41,"key":"Strength Potion"}],"is_trial":false,"path_per_floor":["M","$","?","?","M","R","?","R","T","R","M","M","R","M","R","B",null,"M","M","$","M","?","E","?","R","T","R","M","M","$","M","R","B",null,"M","M","?","?","M","R","?","R","T","R","M","$","E","?","R","B",null],"character_chosen":"IRONCLAD","items_purchased":["Inflame","Armaments","ClockworkSouvenir","Bottled Tornado","Weak Potion","Dual Wield","Lee\u0027s Waffle","Strength Potion"],"campfire_rested":1,"item_purchase_floors":[2,2,30,30,30,46,46,46],"current_hp_per_floor":[80,80,60,53,55,55,55,55,55,55,58,59,59,55,55,23,84,70,66,66,51,51,20,20,20,20,46,57,66,66,74,74,13,87,85,87,77,77,80,80,80,80,80,80,79,97,84,84,84,24],"gold":371,"neow_bonus":"RANDOM_COMMON_RELIC","is_prod":false,"is_daily":false,"chose_seed":false,"campfire_upgraded":11,"win_rate":0,"timestamp":1544663663,"path_taken":["M","$","?","?","M","R","?","R","T","R","M","M","R","M","R","BOSS","M","M","$","M","?","E","?","R","T","R","M","?","$","M","R","BOSS","M","M","?","?","M","R","?","R","T","R","?","$","E","?","R","BOSS"],"build_version":"2018-12-06","purchased_purges":1,"victory":true,"max_hp_per_floor":[80,80,80,80,80,80,80,80,80,80,80,80,80,84,84,84,84,84,87,87,87,87,87,87,87,87,87,87,87,87,87,87,87,87,87,87,87,87,87,87,87,87,87,87,90,97,97,97,97,97],"card_choices":[{"not_picked":["True Grit","Rupture"],"picked":"Perfected Strike","floor":1},{"not_picked":["Feel No Pain","Headbutt"],"picked":"Armaments","floor":5},{"not_picked":["Carnage","Dual Wield"],"picked":"Twin Strike","floor":11},{"not_picked":["Thunderclap","Sword Boomerang"],"picked":"Feed","floor":12},{"not_picked":["Dropkick","Havoc","Cleave"],"picked":"SKIP","floor":14},{"not_picked":["Exhume","Feed"],"picked":"Reaper","floor":16},{"not_picked":["Flex","Havoc+1"],"picked":"Twin Strike","floor":18},{"not_picked":["Reckless Charge","Anger+1","Burning Pact+1"],"picked":"SKIP","floor":19},{"not_picked":["Sword Boomerang","Infernal Blade+1"],"picked":"Perfected Strike","floor":21},{"not_picked":["Blood for Blood","Shrug It Off"],"picked":"Bloodletting+1","floor":23},{"not_picked":["Uppercut","Clothesline"],"picked":"Perfected Strike","floor":27},{"not_picked":["Headbutt","Wild Strike+1","Iron Wave"],"picked":"SKIP","floor":28},{"not_picked":["Corruption","Rampage","Metallicize"],"picked":"SKIP","floor":29},{"not_picked":["Metallicize","Inflame"],"picked":"Whirlwind+1","floor":31},{"not_picked":["Feed","Berserk"],"picked":"Reaper","floor":33},{"not_picked":["Heavy Blade+1","Shrug It Off"],"picked":"Perfected Strike+1","floor":35},{"not_picked":["Corruption+1","Twin Strike","Sentinel"],"picked":"SKIP","floor":36},{"not_picked":["Forethought","Flash of Steel"],"picked":"PanicButton","floor":37},{"not_picked":["Body Slam","Warcry+1"],"picked":"Pommel Strike+1","floor":39},{"not_picked":["Second Wind+1","Evolve+1"],"picked":"Clothesline+1","floor":45},{"not_picked":["Body Slam","Rampage+1"],"picked":"Inflame+1","floor":47}],"player_experience":176686,"relics_obtained":[{"floor":9,"key":"MawBank"},{"floor":23,"key":"Dream Catcher"},{"floor":24,"key":"Gremlin Horn"},{"floor":26,"key":"Paper Frog"},{"floor":43,"key":"Boot"},{"floor":47,"key":"Omamori"}],"event_choices":[{"damage_healed":0,"gold_gain":0,"player_choice":"Take Damage","damage_taken":20,"relics_obtained":["Golden Idol"],"max_hp_gain":0,"max_hp_loss":0,"event_name":"Golden Idol","floor":3,"gold_loss":0},{"cards_removed":["Defend_R"],"damage_healed":0,"gold_gain":0,"player_choice":"Card Removal","damage_taken":7,"max_hp_gain":0,"max_hp_loss":0,"event_name":"Golden Wing","floor":4,"gold_loss":0},{"damage_healed":0,"gold_gain":0,"player_choice":"Grow","damage_taken":0,"max_hp_gain":0,"max_hp_loss":0,"event_name":"Living Wall","floor":7,"gold_loss":0,"cards_upgraded":["Armaments"]},{"damage_healed":0,"gold_gain":0,"player_choice":"Simplicity","damage_taken":0,"max_hp_gain":0,"max_hp_loss":0,"event_name":"Back to Basics","floor":22,"gold_loss":0,"cards_upgraded":["Strike_R","Strike_R","Strike_R","Strike_R","Strike_R","Defend_R","Defend_R","Defend_R"]},{"damage_healed":0,"gold_gain":0,"player_choice":"Relic","damage_taken":0,"max_hp_gain":0,"max_hp_loss":0,"event_name":"Wheel of Change","floor":24,"gold_loss":0},{"damage_healed":0,"gold_gain":0,"player_choice":"Memory 3","damage_taken":10,"max_hp_gain":0,"max_hp_loss":0,"event_name":"SensoryStone","floor":37,"gold_loss":0},{"damage_healed":0,"gold_gain":333,"player_choice":"Gave Idol","damage_taken":0,"max_hp_gain":0,"max_hp_loss":0,"event_name":"The Moai Head","floor":38,"relics_lost":["Golden Idol"],"gold_loss":0},{"damage_healed":0,"gold_gain":0,"player_choice":"Bought 1 Potion","damage_taken":0,"max_hp_gain":0,"max_hp_loss":0,"event_name":"The Woman in Blue","floor":41,"gold_loss":0},{"cards_removed":["Inflame"],"damage_healed":0,"gold_gain":0,"player_choice":"Removed Power","damage_taken":0,"max_hp_gain":0,"max_hp_loss":0,"event_name":"Falling","floor":48,"gold_loss":0}],"is_beta":false,"boss_relics":[{"not_picked":["Lizard Tail","Runic Pyramid"],"picked":"Velvet Choker"},{"not_picked":["White Beast Statue","Calling Bell"],"picked":"Black Blood"}],"items_purged_floors":[46],"is_endless":false,"potions_floor_spawned":[11,16,19,21,31,35,36,39,47],"ascension_level":1}