{"gold_per_floor":[113,188,203,203,220,220,230,230,230,240,240],"floor_reached":11,"playtime":299,"items_purged":[],"score":65,"play_id":"404611ed-cb3e-4698-ae94-d62a87736266","local_time":"20190207210700","is_ascension_mode":false,"campfire_choices":[{"data":"Zap","floor":6,"key":"SMITH"},{"floor":8,"key":"REST"}],"neow_cost":"TEN_PERCENT_HP_LOSS","seed_source_timestamp":1337302648712882,"circlet_count":0,"master_deck":["Strike_B","Strike_B","Strike_B","Strike_B","Defend_B","Defend_B","Defend_B","Defend_B","Zap+1","Dualcast","Electrodynamics","Conserve Battery","Glacier","Ball Lightning"],"relics":["Cracked Core","Sundial","Shovel"],"potions_floor_usage":[10],"damage_taken":[{"damage":0,"enemies":"Small Slimes","floor":1,"turns":4},{"damage":6,"enemies":"Jaw Worm","floor":3,"turns":3},{"damage":0,"enemies":"2 Louse","floor":5,"turns":3},{"damage":11,"enemies":"Large Slime","floor":7,"turns":4},{"damage":20,"enemies":"Gremlin Gang","floor":10,"turns":5},{"damage":30,"enemies":"Gremlin Nob","floor":11,"turns":4}],"seed_played":"8864923677015819693","potions_obtained":[{"floor":3,"key":"SpeedPotion"}],"is_trial":false,"path_per_floor":["M","?","M","?","M","R","M","R","T","M","E"],"character_chosen":"DEFECT","items_purchased":[],"campfire_rested":1,"item_purchase_floors":[],"current_hp_per_floor":[68,57,51,18,18,18,7,27,27,7,0],"gold":240,"neow_bonus":"THREE_RARE_CARDS","is_prod":false,"is_daily":false,"chose_seed":false,"campfire_upgraded":1,"win_rate":0,"timestamp":1549541220,"path_taken":["M","?","M","?","M","R","M","R","T","M","E"],"build_version":"2019-01-23","purchased_purges":0,"victory":false,"max_hp_per_floor":[68,68,68,68,68,68,68,68,68,68,68],"card_choices":[{"not_picked":["All For One","Fission"],"picked":"Electrodynamics","floor":0},{"not_picked":["Streamline","Steam Power","Gash"],"picked":"SKIP","floor":1},{"not_picked":["Scrape","Genetic Algorithm"],"picked":"Conserve Battery","floor":3},{"not_picked":["Auto Shields","Gash"],"picked":"Glacier","floor":5},{"not_picked":["Stack","Conserve Battery"],"picked":"Ball Lightning","floor":7},{"not_picked":["Blizzard","Consume","Chaos"],"picked":"SKIP","floor":10}],"player_experience":483682,"relics_obtained":[{"floor":9,"key":"Shovel"}],"event_choices":[{"damage_healed":0,"gold_gain":75,"player_choice":"Gather Gold","damage_taken":11,"max_hp_gain":0,"max_hp_loss":0,"event_name":"World of Goop","floor":2,"gold_loss":0},{"damage_healed":0,"gold_gain":0,"player_choice":"Success","damage_taken":33,"relics_obtained":["Sundial"],"max_hp_gain":0,"max_hp_loss":0,"event_name":"Scrap Ooze","floor":4,"gold_loss":0}],"is_beta":false,"boss_relics":[],"items_purged_floors":[],"is_endless":false,"potions_floor_spawned":[3],"killed_by":"Gremlin Nob","ascension_level":0}