{"gold_per_floor":[116,134,148,221,237,237,265,265,265,279,296,173,173,190,190,190],"floor_reached":16,"playtime":1850,"items_purged":["Defend_R"],"score":104,"play_id":"1c42420b-b08b-4bc5-8347-3351ec1bac6f","local_time":"20190511211536","is_ascension_mode":false,"campfire_choices":[{"data":"Rage","floor":6,"key":"SMITH"},{"floor":8,"key":"REST"},{"floor":13,"key":"REST"},{"data":"Whirlwind","floor":15,"key":"SMITH"}],"neow_cost":"","seed_source_timestamp":529902304152500,"circlet_count":0,"master_deck":["Strike_R","Strike_R","Strike_R","Strike_R","Strike_R","Defend_R","Defend_R","Defend_R","Bash","Clothesline","Searing Blow","Flex","Rage+1","Headbutt","Iron Wave","Battle Trance","Cleave","Whirlwind+1"],"relics":["Burning Blood","Question Card","Strawberry","Kunai"],"potions_floor_usage":[7],"damage_taken":[{"damage":0,"enemies":"Cultist","floor":1,"turns":4},{"damage":12,"enemies":"Jaw Worm","floor":2,"turns":4},{"damage":0,"enemies":"2 Louse","floor":3,"turns":2},{"damage":23,"enemies":"Exordium Wildlife","floor":5,"turns":6},{"damage":33,"enemies":"3 Sentries","floor":7,"turns":10},{"damage":14,"enemies":"Blue Slaver","floor":10,"turns":3},{"damage":19,"enemies":"Gremlin Gang","floor":11,"turns":6},{"damage":5,"enemies":"Lots of Slimes","floor":14,"turns":4},{"damage":80,"enemies":"The Guardian","floor":16,"turns":15}],"seed_played":"530564192938904388","potions_obtained":[{"floor":2,"key":"AttackPotion"},{"floor":3,"key":"Dexterity Potion"},{"floor":7,"key":"FearPotion"},{"floor":11,"key":"Weak Potion"}],"is_trial":false,"path_per_floor":["M","M","M","T","M","R","E","R","T","M","M","$","R","M","R","B"],"character_chosen":"IRONCLAD","items_purchased":["Cleave"],"campfire_rested":2,"item_purchase_floors":[12],"current_hp_per_floor":[80,74,80,80,63,63,43,69,69,61,48,48,74,75,75,0],"gold":190,"neow_bonus":"","is_prod":false,"is_daily":false,"chose_seed":false,"campfire_upgraded":2,"win_rate":0.0,"timestamp":1557623736,"path_taken":["M","M","M","?","M","R","E","R","T","M","M","$","R","M","R","BOSS"],"build_version":"2019-01-23","purchased_purges":1,"victory":false,"max_hp_per_floor":[80,80,80,80,80,80,87,87,87,87,87,87,87,87,87,87],"card_choices":[{"not_picked":["Searing Blow","Infernal Blade"],"picked":"Clothesline","floor":1},{"not_picked":["Reckless Charge","Anger"],"picked":"Searing Blow","floor":2},{"not_picked":["Sword Boomerang","Twin Strike"],"picked":"Flex","floor":3},{"not_picked":["Anger","Thunderclap","Infernal Blade"],"picked":"Rage","floor":5},{"not_picked":["Rage","Juggernaut","Disarm"],"picked":"Headbutt","floor":7},{"not_picked":["Thunderclap","Shrug It Off","Clash"],"picked":"Iron Wave","floor":10},{"not_picked":["Infernal Blade","Shockwave","Iron Wave"],"picked":"Battle Trance","floor":11},{"not_picked":["Flex","Armaments","Body Slam"],"picked":"Whirlwind","floor":14}],"player_experience":0,"relics_obtained":[{"floor":4,"key":"Question Card"},{"floor":7,"key":"Strawberry"},{"floor":9,"key":"Kunai"}],"event_choices":[],"is_beta":false,"boss_relics":[],"items_purged_floors":[12],"is_endless":false,"potions_floor_spawned":[2,3,7,11],"killed_by":"The Guardian","ascension_level":0}