{"gold_per_floor":[361,377,377,105,117,117,127,127,174,349,349,360,260,260,260,361,361,376,376,391,341,352,81,81,18,45,65,65,79,79,98,98,98],"floor_reached":33,"playtime":2053,"items_purged":["Clumsy","Doubt","Strike_B"],"score":237,"play_id":"4dcf9c30-fbbd-40bc-8020-d4e030b35604","local_time":"20181209101938","is_ascension_mode":false,"campfire_choices":[{"data":"Zap","floor":6,"key":"SMITH"},{"data":"Dualcast","floor":8,"key":"SMITH"},{"data":"Capacitor","floor":11,"key":"SMITH"},{"data":"Coolheaded","floor":15,"key":"SMITH"},{"floor":24,"key":"RECALL"},{"data":"Creative AI","floor":28,"key":"SMITH"},{"data":"Seek","floor":30,"key":"SMITH"},{"data":"Redo","floor":32,"key":"SMITH"}],"neow_cost":"CURSE","seed_source_timestamp":895389160395966,"circlet_count":0,"master_deck":["Defend_B","Defend_B","Defend_B","Defend_B","Zap+1","Dualcast+1","Blizzard","Capacitor+1","Seek+1","Ball Lightning","Coolheaded+1","Creative AI+1","Lockon","Redo+1","Leap+1"],"relics":["Cracked Core","Medical Kit","Happy Flower","Coffee Dripper","Membership Card","Anchor","Bag of Preparation"],"potions_floor_usage":[16,16,16,22,27],"damage_taken":[{"damage":5,"enemies":"Small Slimes","floor":1,"turns":4},{"damage":1,"enemies":"Cultist","floor":2,"turns":4},{"damage":2,"enemies":"2 Louse","floor":5,"turns":3},{"damage":24,"enemies":"Exordium Thugs","floor":7,"turns":4},{"damage":16,"enemies":"Large Slime","floor":12,"turns":4},{"damage":22,"enemies":"Hexaghost","floor":16,"turns":10},{"damage":8,"enemies":"Shell Parasite","floor":18,"turns":7},{"damage":0,"enemies":"Chosen","floor":20,"turns":4},{"damage":33,"enemies":"Snake Plant","floor":22,"turns":5},{"damage":30,"enemies":"3 Cultists","floor":27,"turns":5},{"damage":11,"enemies":"Snecko","floor":29,"turns":7},{"damage":3,"enemies":"Sentry and Sphere","floor":31,"turns":5},{"damage":40,"enemies":"Champ","floor":33,"turns":9}],"seed_played":"-2334662474764711854","potions_obtained":[{"floor":1,"key":"Regen Potion"},{"floor":2,"key":"Dexterity Potion"},{"floor":7,"key":"Strength Potion"},{"floor":16,"key":"Regen Potion"},{"floor":20,"key":"Regen Potion"},{"floor":22,"key":"FearPotion"},{"floor":27,"key":"SneckoOil"}],"is_trial":false,"path_per_floor":["M","M","?","$","M","R","M","R","T","?","R","M","$","?","R","B",null,"M","?","M","?","M","$","R","$","T","M","R","M","R","M","R","B"],"character_chosen":"DEFECT","items_purchased":["Medical Kit","Membership Card","Anchor"],"campfire_rested":0,"item_purchase_floors":[4,23,23],"current_hp_per_floor":[70,69,69,69,67,67,43,43,43,43,43,27,27,20,20,13,75,67,67,67,67,48,48,48,48,48,30,30,19,19,16,16,0],"gold":98,"neow_bonus":"TWO_FIFTY_GOLD","is_prod":false,"is_daily":false,"chose_seed":false,"campfire_upgraded":7,"win_rate":0,"timestamp":1544318378,"path_taken":["M","M","?","$","?","R","M","R","T","?","R","M","$","?","R","BOSS","M","?","M","?","?","$","R","$","T","M","R","M","R","M","R","BOSS"],"build_version":"2018-12-06","purchased_purges":3,"victory":false,"max_hp_per_floor":[75,75,75,75,75,75,75,75,75,75,75,75,75,75,75,75,75,75,75,75,75,75,75,75,75,75,75,75,75,75,75,75,75],"card_choices":[{"not_picked":["Compile Driver","Self Repair"],"picked":"Blizzard","floor":1},{"not_picked":["Cold Snap","Leap"],"picked":"Capacitor","floor":2},{"not_picked":["Compile Driver","Tempest"],"picked":"Ball Lightning","floor":5},{"not_picked":["Gash","Redo","Beam Cell"],"picked":"SKIP","floor":7},{"not_picked":["Steam","Compile Driver"],"picked":"Coolheaded","floor":12},{"not_picked":["Meteor Strike","Thunder Strike"],"picked":"Creative AI","floor":16},{"not_picked":["Leap","Capacitor","Coolheaded"],"picked":"SKIP","floor":18},{"not_picked":["Turbo","Redo","Streamline"],"picked":"SKIP","floor":20},{"not_picked":["Rip and Tear","Sweeping Beam","Genetic Algorithm+1"],"picked":"SKIP","floor":22},{"not_picked":["Melter","Undo"],"picked":"Leap+1","floor":27},{"not_picked":["Storm","Go for the Eyes","Beam Cell"],"picked":"SKIP","floor":29},{"not_picked":["Genetic Algorithm","Fission","Hologram+1"],"picked":"SKIP","floor":31}],"player_experience":104204,"relics_obtained":[{"floor":9,"key":"Happy Flower"},{"floor":26,"key":"Bag of Preparation"}],"event_choices":[{"damage_healed":0,"gold_gain":0,"player_choice":"1 cards matched","damage_taken":0,"max_hp_gain":0,"max_hp_loss":0,"event_name":"Match and Keep!","floor":3,"gold_loss":0,"cards_obtained":["Seek"]},{"damage_healed":0,"gold_gain":0,"player_choice":"1 cards matched","damage_taken":0,"max_hp_gain":0,"max_hp_loss":0,"event_name":"Match and Keep!","floor":3,"gold_loss":0,"cards_obtained":["Seek"]},{"damage_healed":0,"gold_gain":175,"player_choice":"AGREE","damage_taken":0,"max_hp_gain":0,"max_hp_loss":0,"event_name":"Liars Game","floor":10,"gold_loss":0,"cards_obtained":["Doubt"]},{"cards_removed":["Strike_B"],"damage_healed":0,"gold_gain":0,"player_choice":"Card Removal","damage_taken":7,"max_hp_gain":0,"max_hp_loss":0,"event_name":"Golden Wing","floor":14,"gold_loss":0},{"damage_healed":0,"gold_gain":0,"cards_transformed":["Strike_B","Strike_B"],"player_choice":"Became Test Subject","damage_taken":0,"max_hp_gain":0,"max_hp_loss":0,"event_name":"Drug Dealer","floor":19,"gold_loss":0,"cards_obtained":["Lockon","Redo"]},{"damage_healed":0,"gold_gain":0,"player_choice":"Bet on Murderer","damage_taken":0,"max_hp_gain":0,"max_hp_loss":0,"event_name":"The Joust","floor":21,"gold_loss":50}],"is_beta":false,"boss_relics":[{"not_picked":["Sozu","Runic Dome"],"picked":"Coffee Dripper"}],"items_purged_floors":[4,13,25],"is_endless":false,"potions_floor_spawned":[1,2,7,16,20,22,27],"killed_by":"Champ","ascension_level":0}