{"gold_per_floor":[115,133,133,83,93,125,140,153,153,37,62,27,27,57,57,57],"floor_reached":16,"playtime":448,"items_purged":["Strike_B"],"score":110,"play_id":"8aa1c023-9ab4-4a5d-b7ac-3db7826c257e","local_time":"20190504112947","is_ascension_mode":false,"campfire_choices":[{"floor":13,"key":"REST"},{"floor":15,"key":"REST"}],"neow_cost":"NONE","seed_source_timestamp":64097681487300,"circlet_count":0,"master_deck":["Strike_B","Strike_B","Defend_B","Defend_B","Defend_B","Defend_B","Zap","Dualcast","Double Energy+1","BootSequence","Coolheaded","Genetic Algorithm","Coolheaded","Leap","Loop","Defragment","Capacitor"],"relics":["Cracked Core","Boot","Mercury Hourglass","Regal Pillow","Meat on the Bone"],"potions_floor_usage":[6,6,14,16],"damage_taken":[{"damage":2,"enemies":"Small Slimes","floor":1,"turns":3},{"damage":6,"enemies":"Jaw Worm","floor":2,"turns":2},{"damage":0,"enemies":"2 Louse","floor":5,"turns":2},{"damage":12,"enemies":"Lagavulin","floor":6,"turns":7},{"damage":7,"enemies":"2 Fungi Beasts","floor":7,"turns":5},{"damage":15,"enemies":"Large Slime","floor":8,"turns":7},{"damage":58,"enemies":"Gremlin Nob","floor":14,"turns":6},{"damage":64,"enemies":"Slime Boss","floor":16,"turns":8}],"seed_played":"7796972948207411004","potions_obtained":[{"floor":2,"key":"Energy Potion"},{"floor":5,"key":"Fire Potion"},{"floor":6,"key":"AttackPotion"},{"floor":8,"key":"Dexterity Potion"}],"is_trial":false,"path_per_floor":["M","M","?","?","M","E","M","M","T","$","T","$","R","E","R","B"],"character_chosen":"DEFECT","items_purchased":["Loop","Defragment"],"campfire_rested":2,"item_purchase_floors":[10,12],"current_hp_per_floor":[80,74,74,74,74,62,55,40,40,40,40,40,79,21,60,0],"gold":57,"neow_bonus":"TEN_PERCENT_HP_BONUS","is_prod":false,"is_daily":false,"chose_seed":false,"campfire_upgraded":0,"win_rate":0,"timestamp":1556983787,"path_taken":["M","M","?","?","M","E","M","M","T","$","?","$","R","E","R","BOSS"],"build_version":"2019-01-23","purchased_purges":1,"victory":false,"max_hp_per_floor":[82,82,82,82,82,82,82,82,82,82,82,82,82,82,82,82],"card_choices":[{"not_picked":["Go for the Eyes","Coolheaded"],"picked":"Double Energy","floor":1},{"not_picked":["Lockon","Turbo"],"picked":"BootSequence","floor":2},{"not_picked":["Lockon","Stack"],"picked":"Coolheaded","floor":5},{"not_picked":["Beam Cell","Machine Learning"],"picked":"Genetic Algorithm","floor":6},{"not_picked":["Reprogram","Cold Snap"],"picked":"Coolheaded","floor":7},{"not_picked":["Turbo","Stack"],"picked":"Leap","floor":8},{"not_picked":["Sweeping Beam","Genetic Algorithm"],"picked":"Capacitor","floor":14}],"player_experience":82555,"relics_obtained":[{"floor":6,"key":"Boot"},{"floor":9,"key":"Mercury Hourglass"},{"floor":11,"key":"Regal Pillow"},{"floor":14,"key":"Meat on the Bone"}],"event_choices":[{"damage_healed":0,"gold_gain":0,"player_choice":"Grow","damage_taken":0,"max_hp_gain":0,"max_hp_loss":0,"event_name":"Living Wall","floor":3,"gold_loss":0,"cards_upgraded":["Double Energy"]},{"cards_removed":["Strike_B"],"damage_healed":0,"gold_gain":0,"player_choice":"Card Removal","damage_taken":0,"max_hp_gain":0,"max_hp_loss":0,"event_name":"The Cleric","floor":4,"gold_loss":50}],"is_beta":false,"boss_relics":[],"items_purged_floors":[10],"is_endless":false,"potions_floor_spawned":[2,5,6,8],"killed_by":"Slime Boss","ascension_level":0}