{"gold_per_floor":[213,138,148,148,148,148,162,195,195,195,215,215,240,265,265,386,386,410,426,84,100,100,100,113,113,113,113,113,132,157,172,172,172],"floor_reached":33,"playtime":1537,"items_purged":["Strike_G","Strike_G"],"score":275,"play_id":"7c579e04-00be-4908-b98e-22e58a1bde74","local_time":"20190203230553","is_ascension_mode":true,"campfire_choices":[{"data":"Neutralize","floor":6,"key":"SMITH"},{"data":"Skewer","floor":10,"key":"SMITH"},{"data":"Backstab","floor":12,"key":"SMITH"},{"data":"Glass Knife","floor":15,"key":"SMITH"},{"data":"Blade Dance","floor":23,"key":"SMITH"},{"floor":28,"key":"REST"},{"floor":32,"key":"REST"}],"neow_cost":"NONE","seed_source_timestamp":43742176227328,"circlet_count":0,"master_deck":["Defend_G","Defend_G","Defend_G","Defend_G","Strike_G","Strike_G","Strike_G","Survivor","Neutralize+1","Skewer+1","Heel Hook","Prepared","Backstab+1","Backflip","Glass Knife+1","Night Terror","Blade Dance+1","Accuracy","Blade Dance+1","Accuracy+1","Backflip+1","A Thousand Cuts"],"relics":["Ring of the Serpent","Golden Idol","Spirit Poop","Paper Crane","Mercury Hourglass","Ninja Scroll","Oddly Smooth Stone"],"potions_floor_usage":[14,16,18,33,33],"damage_taken":[{"damage":1,"enemies":"Cultist","floor":1,"turns":5},{"damage":6,"enemies":"2 Louse","floor":3,"turns":2},{"damage":0,"enemies":"Small Slimes","floor":7,"turns":3},{"damage":33,"enemies":"3 Sentries","floor":8,"turns":12},{"damage":1,"enemies":"Exordium Thugs","floor":11,"turns":4},{"damage":1,"enemies":"Looter","floor":13,"turns":2},{"damage":1,"enemies":"Exordium Wildlife","floor":14,"turns":3},{"damage":15,"enemies":"Hexaghost","floor":16,"turns":11},{"damage":2,"enemies":"2 Thieves","floor":18,"turns":4},{"damage":9,"enemies":"Shell Parasite","floor":19,"turns":5},{"damage":33,"enemies":"3 Cultists","floor":21,"turns":6},{"damage":21,"enemies":"Snake Plant","floor":24,"turns":4},{"damage":10,"enemies":"Shelled Parasite and Fungi","floor":29,"turns":3},{"damage":6,"enemies":"3 Cultists","floor":30,"turns":4},{"damage":0,"enemies":"Centurion and Healer","floor":31,"turns":3},{"damage":58,"enemies":"Automaton","floor":33,"turns":6}],"seed_played":"5387376978169982854","potions_obtained":[{"floor":1,"key":"Swift Potion"},{"floor":3,"key":"GhostInAJar"},{"floor":11,"key":"Poison Potion"},{"floor":30,"key":"Fire Potion"},{"floor":31,"key":"GamblersBrew"}],"is_trial":false,"path_per_floor":["M","$","M","?","?","R","M","E","T","R","M","R","M","M","R","B",null,"M","M","$","M","?","R","M","$","T","?","R","M","M","M","R","B"],"character_chosen":"THE_SILENT","items_purchased":["Ninja Scroll"],"campfire_rested":2,"item_purchase_floors":[20],"current_hp_per_floor":[69,69,63,63,63,63,63,30,30,30,29,29,28,27,27,12,70,68,59,59,26,26,26,5,5,5,5,26,16,10,10,31,0],"gold":172,"neow_bonus":"HUNDRED_GOLD","is_prod":false,"is_daily":false,"chose_seed":false,"campfire_upgraded":5,"win_rate":0,"timestamp":1549206353,"path_taken":["M","$","M","?","?","R","M","E","T","R","M","R","?","M","R","BOSS","M","M","$","M","?","R","M","?","T","?","R","?","M","M","R","BOSS"],"build_version":"2019-01-23","purchased_purges":2,"victory":false,"max_hp_per_floor":[70,70,70,70,70,70,70,70,70,70,70,70,70,70,70,70,70,70,70,70,70,70,70,70,70,70,70,70,70,70,70,70,70],"card_choices":[{"not_picked":["Dagger Spray","Sucker Punch"],"picked":"Skewer","floor":1},{"not_picked":["Outmaneuver","Sucker Punch"],"picked":"Heel Hook","floor":3},{"not_picked":["Bane","Setup"],"picked":"Prepared","floor":7},{"not_picked":["Reflex","Outmaneuver"],"picked":"Backstab","floor":8},{"not_picked":["Expertise","Riddle With Holes","Deflect"],"picked":"SKIP","floor":11},{"not_picked":["Acrobatics","Deflect"],"picked":"Backflip","floor":13},{"not_picked":["Acrobatics","Bane"],"picked":"Glass Knife","floor":14},{"not_picked":["Bullet Time","Wraith Form v2"],"picked":"Night Terror","floor":16},{"not_picked":["Deflect","Bouncing Flask"],"picked":"Blade Dance","floor":18},{"not_picked":["Calculated Gamble","Acrobatics+1"],"picked":"Accuracy","floor":19},{"not_picked":["Dagger Spray","Concentrate+1","Bane"],"picked":"SKIP","floor":21},{"not_picked":["Prepared","Acrobatics"],"picked":"Blade Dance+1","floor":24},{"not_picked":["Deadly Poison","Flying Knee"],"picked":"Accuracy+1","floor":29},{"not_picked":["Reflex","Flying Knee"],"picked":"Backflip+1","floor":30},{"not_picked":["Dagger Throw","Blade Dance+1"],"picked":"A Thousand Cuts","floor":31}],"player_experience":393924,"relics_obtained":[{"floor":8,"key":"Paper Crane"},{"floor":9,"key":"Mercury Hourglass"},{"floor":26,"key":"Oddly Smooth Stone"}],"event_choices":[{"damage_healed":0,"gold_gain":0,"player_choice":"Take Wound","damage_taken":0,"relics_obtained":["Golden Idol"],"max_hp_gain":0,"max_hp_loss":0,"event_name":"Golden Idol","floor":4,"gold_loss":0,"cards_obtained":["Injury"]},{"cards_removed":["Injury"],"damage_healed":0,"gold_gain":0,"player_choice":"Offered Curse","damage_taken":0,"relics_obtained":["Spirit Poop"],"max_hp_gain":0,"max_hp_loss":0,"event_name":"Bonfire Elementals","floor":5,"gold_loss":0},{"cards_removed":["Defend_G"],"damage_healed":0,"gold_gain":0,"player_choice":"Purged","damage_taken":0,"max_hp_gain":0,"max_hp_loss":0,"event_name":"Purifier","floor":22,"gold_loss":0},{"damage_healed":0,"gold_gain":0,"player_choice":"Ignored","damage_taken":0,"max_hp_gain":0,"max_hp_loss":0,"event_name":"Vampires","floor":27,"gold_loss":0}],"is_beta":false,"boss_relics":[{"not_picked":["Empty Cage","Velvet Choker"],"picked":"Ring of the Serpent"}],"items_purged_floors":[2,20],"is_endless":false,"potions_floor_spawned":[1,3,11,30,31],"killed_by":"Automaton","ascension_level":2}