{"gold_per_floor":[111,81,45,61,72,72,104,104,104,116,128,154,154,188,200,287,299,331,343,280,305,336,348,374,386,398,410,440,452,464,495,507,592,604,628,652,664,291,302,302,302,39,39,39,54,54,54,72,72,72,72],"floor_reached":52,"playtime":3040,"items_purged":["Strike_G+1"],"score":1719,"play_id":"91c16dc7-3ac1-4770-b5b3-3ed13b6b9c39","local_time":"20190310150757","is_ascension_mode":true,"campfire_choices":[{"data":"Dagger Spray","floor":6,"key":"SMITH"},{"floor":8,"key":"REST"},{"floor":13,"key":"REST"},{"floor":15,"key":"REST"},{"data":"Noxious Fumes","floor":23,"key":"SMITH"},{"data":"Malaise","floor":27,"key":"SMITH"},{"data":"Backflip","floor":30,"key":"SMITH"},{"floor":32,"key":"REST"},{"data":"Well Laid Plans","floor":40,"key":"SMITH"},{"data":"A Thousand Cuts","floor":44,"key":"SMITH"},{"data":"Neutralize","floor":47,"key":"SMITH"},{"data":"Dodge and Roll","floor":49,"key":"SMITH"}],"neow_cost":"NONE","seed_source_timestamp":293733856972817,"circlet_count":0,"master_deck":["AscendersBane","Defend_G+1","Defend_G+1","Defend_G+1","Defend_G+1","Defend_G+1","Strike_G+1","Strike_G+1","Survivor","Neutralize+1","Dagger Spray+1","All Out Attack","Escape Plan","Backstab","Dodge and Roll+1","Noxious Fumes+1","Malaise+1","Dash+1","Cloak And Dagger","Backflip+1","Catalyst+1","Venomology+1","Venomology+1","Calculated Gamble+1","Well Laid Plans+1","Catalyst+1","A Thousand Cuts+1","Backflip+1"],"relics":["Ring of the Serpent","Bag of Preparation","Meat on the Bone","Omamori","MawBank","Velvet Choker","Toxic Egg 2","Centennial Puzzle","Membership Card","Potion Belt","Pantograph","Mummified Hand"],"potions_floor_usage":[7,7,7,12,14,16,16,25,33,33,35,36,36,39,45,45,48,48,48,50,50,51,51,51,51],"damage_taken":[{"damage":0,"enemies":"2 Louse","floor":1,"turns":3},{"damage":0,"enemies":"Cultist","floor":4,"turns":4},{"damage":2,"enemies":"Jaw Worm","floor":5,"turns":5},{"damage":30,"enemies":"Lagavulin","floor":7,"turns":4},{"damage":0,"enemies":"2 Fungi Beasts","floor":10,"turns":2},{"damage":16,"enemies":"Large Slime","floor":11,"turns":6},{"damage":19,"enemies":"Gremlin Nob","floor":12,"turns":4},{"damage":19,"enemies":"Lagavulin","floor":14,"turns":5},{"damage":60,"enemies":"Slime Boss","floor":16,"turns":12},{"damage":42,"enemies":"Chosen","floor":18,"turns":6},{"damage":2,"enemies":"3 Byrds","floor":21,"turns":5},{"damage":7,"enemies":"Snake Plant","floor":22,"turns":7},{"damage":0,"enemies":"Chosen and Byrds","floor":24,"turns":6},{"damage":13,"enemies":"Colosseum Slavers","floor":25,"turns":4},{"damage":13,"enemies":"Sentry and Sphere","floor":28,"turns":8},{"damage":15,"enemies":"Snake Plant","floor":31,"turns":5},{"damage":21,"enemies":"Automaton","floor":33,"turns":9},{"damage":0,"enemies":"3 Shapes","floor":35,"turns":6},{"damage":0,"enemies":"3 Darklings","floor":36,"turns":4},{"damage":6,"enemies":"Writhing Mass","floor":39,"turns":8},{"damage":0,"enemies":"Maw","floor":45,"turns":7},{"damage":10,"enemies":"Jaw Worm Horde","floor":48,"turns":4},{"damage":32,"enemies":"Donu and Deca","floor":50,"turns":15},{"damage":25,"enemies":"Time Eater","floor":51,"turns":9}],"seed_played":"-3122306218426907276","potions_obtained":[{"floor":2,"key":"Dexterity Potion"},{"floor":2,"key":"EntropicBrew"},{"floor":5,"key":"Strength Potion"},{"floor":7,"key":"Ancient Potion"},{"floor":12,"key":"SteroidPotion"},{"floor":14,"key":"Poison Potion"},{"floor":22,"key":"Strength Potion"},{"floor":24,"key":"SpeedPotion"},{"floor":28,"key":"LiquidBronze"},{"floor":31,"key":"PowerPotion"},{"floor":39,"key":"Dexterity Potion"},{"floor":48,"key":"SkillPotion"}],"is_trial":false,"path_per_floor":["M","?","$","M","M","R","E","R","T","M","M","E","R","E","R","B",null,"M","?","?","M","M","R","M","?","T","R","M","?","R","M","R","B",null,"M","M","?","$","M","R","?","$","T","R","M","?","R","M","R","B","B",null],"character_chosen":"THE_SILENT","items_purchased":["All Out Attack","Membership Card","Potion Belt","Well Laid Plans","Pantograph","Catalyst+1","A Thousand Cuts"],"campfire_rested":4,"item_purchase_floors":[3,38,38,38,42,42,42],"current_hp_per_floor":[65,65,65,65,63,63,33,54,54,54,38,31,52,45,66,18,59,29,29,29,39,44,44,44,43,43,43,42,42,42,39,60,39,64,64,64,64,64,58,58,58,58,58,58,58,58,58,48,48,40,40],"gold":72,"neow_bonus":"TEN_PERCENT_HP_BONUS","is_prod":false,"is_daily":false,"chose_seed":false,"campfire_upgraded":8,"win_rate":0,"timestamp":1552198077,"path_taken":["M","?","$","?","M","R","E","R","T","M","M","E","R","E","R","BOSS","M","?","?","M","M","R","M","?","T","R","M","?","R","M","R","BOSS","M","M","?","?","M","R","?","$","T","R","M","?","R","M","R","BOSS","BOSS"],"build_version":"2019-01-23","purchased_purges":1,"victory":true,"max_hp_per_floor":[72,72,72,72,72,72,72,72,72,72,72,72,72,72,72,72,72,72,72,72,72,72,72,72,72,72,72,72,72,72,72,72,72,72,72,72,72,72,72,72,72,72,72,72,72,72,72,72,72,72,72],"card_choices":[{"not_picked":["Sucker Punch","Acrobatics"],"picked":"Dagger Spray","floor":1},{"not_picked":["Distraction","Deadly Poison"],"picked":"Escape Plan","floor":4},{"not_picked":["Dagger Throw","Flechettes","Bane"],"picked":"SKIP","floor":5},{"not_picked":["Outmaneuver","Acrobatics"],"picked":"Backstab","floor":7},{"not_picked":["Dagger Spray","Distraction","Poisoned Stab"],"picked":"SKIP","floor":10},{"not_picked":["Grand Finale","Setup"],"picked":"Dodge and Roll","floor":11},{"not_picked":["Dagger Spray","Poisoned Stab","Masterful Stab"],"picked":"SKIP","floor":12},{"not_picked":["Slice","Bane"],"picked":"Noxious Fumes","floor":14},{"not_picked":["Doppelganger","A Thousand Cuts"],"picked":"Malaise","floor":16},{"not_picked":["Endless Agony","Deflect","Slice+1"],"picked":"SKIP","floor":18},{"not_picked":["Cloak And Dagger","Blade Dance+1"],"picked":"Dash+1","floor":21},{"not_picked":["Deadly Poison","Dagger Throw"],"picked":"Cloak And Dagger","floor":22},{"not_picked":["Escape Plan+1","Dagger Spray"],"picked":"Backflip","floor":24},{"not_picked":["Backflip+1","Bane"],"picked":"Catalyst+1","floor":28},{"not_picked":["Blade Dance+1","Choke+1"],"picked":"Venomology+1","floor":31},{"not_picked":["Die Die Die","Phantasmal Killer+1"],"picked":"Venomology+1","floor":33},{"not_picked":["Calculated Gamble+1","Bane","Heel Hook+1"],"picked":"SKIP","floor":35},{"not_picked":["Bane","Heel Hook+1"],"picked":"Calculated Gamble+1","floor":35},{"not_picked":["Flying Knee","Calculated Gamble+1","Slice"],"picked":"SKIP","floor":36},{"not_picked":["Eviscerate","Quick Slash+1","Dash"],"picked":"SKIP","floor":39},{"not_picked":["Dagger Throw","Cloak And Dagger+1","Distraction+1"],"picked":"SKIP","floor":45},{"not_picked":["Terror+1","Quick Slash+1"],"picked":"Backflip+1","floor":48}],"player_experience":667209,"relics_obtained":[{"floor":7,"key":"Bag of Preparation"},{"floor":9,"key":"Meat on the Bone"},{"floor":12,"key":"Omamori"},{"floor":14,"key":"MawBank"},{"floor":26,"key":"Toxic Egg 2"},{"floor":37,"key":"Centennial Puzzle"},{"floor":43,"key":"Mummified Hand"}],"event_choices":[{"damage_healed":0,"gold_gain":0,"player_choice":"Bought 2 Potions","damage_taken":0,"max_hp_gain":0,"max_hp_loss":0,"event_name":"The Woman in Blue","floor":2,"gold_loss":0},{"damage_healed":0,"gold_gain":0,"player_choice":"Smashed Altar","damage_taken":0,"max_hp_gain":0,"max_hp_loss":0,"event_name":"Forgotten Altar","floor":19,"gold_loss":0,"cards_obtained":["Decay"]},{"cards_removed":["Strike_G"],"damage_healed":0,"gold_gain":0,"player_choice":"Gave Gold","damage_taken":0,"max_hp_gain":0,"max_hp_loss":0,"event_name":"Beggar","floor":20,"gold_loss":75},{"damage_healed":0,"gold_gain":0,"player_choice":"Fight","damage_taken":0,"max_hp_gain":0,"max_hp_loss":0,"event_name":"Colosseum","floor":25,"gold_loss":0},{"damage_healed":0,"gold_gain":0,"player_choice":"Fled From Nobs","damage_taken":0,"max_hp_gain":0,"max_hp_loss":0,"event_name":"Colosseum","floor":25,"gold_loss":0},{"damage_healed":0,"gold_gain":0,"player_choice":"Simplicity","damage_taken":0,"max_hp_gain":0,"max_hp_loss":0,"event_name":"Back to Basics","floor":29,"gold_loss":0,"cards_upgraded":["Defend_G","Defend_G","Defend_G","Defend_G","Defend_G","Strike_G","Strike_G","Strike_G","Strike_G"]},{"damage_healed":0,"gold_gain":0,"player_choice":"Relic","damage_taken":0,"max_hp_gain":0,"max_hp_loss":0,"event_name":"Wheel of Change","floor":37,"gold_loss":0},{"cards_removed":["Strike_G"],"damage_healed":0,"gold_gain":0,"player_choice":"Removed Attack","damage_taken":0,"max_hp_gain":0,"max_hp_loss":0,"event_name":"Falling","floor":41,"gold_loss":0},{"damage_healed":0,"gold_gain":0,"player_choice":"Ignored","damage_taken":0,"max_hp_gain":0,"max_hp_loss":0,"event_name":"Mysterious Sphere","floor":46,"gold_loss":0}],"is_beta":false,"boss_relics":[{"not_picked":["Astrolabe","Busted Crown"],"picked":"Velvet Choker"},{"not_picked":["Eternal Feather","Tiny House"],"picked":"Ring of the Serpent"}],"items_purged_floors":[38],"is_endless":false,"potions_floor_spawned":[5,7,12,14,22,24,28,31,36,39,48],"ascension_level":20}