{"gold_per_floor":[114,129,55,70,20,20,39,70,70,90,90,90,105,124,124,224,224,206,217,142,161,40,65,65,100,100,100,120,132,145,145,145,241,241,253,269,289,307,318,318],"floor_reached":40,"playtime":2452,"items_purged":[],"score":523,"play_id":"f030c7bb-d933-4c8c-9a66-06fc86d2d89d","local_time":"20190509003124","is_ascension_mode":true,"campfire_choices":[{"data":"Noxious Fumes","floor":6,"key":"SMITH"},{"data":"Calculated Gamble","floor":11,"key":"SMITH"},{"floor":15,"key":"REST"},{"data":"Footwork","floor":24,"key":"SMITH"},{"data":"Venomology","floor":27,"key":"SMITH"},{"data":"Acrobatics","floor":32,"key":"SMITH"}],"neow_cost":"CURSE","seed_source_timestamp":913908668267074,"circlet_count":0,"master_deck":["Defend_G","Defend_G","Defend_G","Defend_G","Defend_G","Strike_G","Strike_G","Strike_G","Strike_G","Survivor","Neutralize","Cloak And Dagger","Leg Sweep","Noxious Fumes+1","Calculated Gamble+1","All Out Attack+1","Backflip","Crippling Poison","Caltrops","Venomology+1","Prepared+1","Dagger Throw","Poisoned Stab","Footwork+1","Acrobatics+1","Underhanded Strike","Bouncing Flask","Deadly Poison+1","Storm of Steel","Envenom","Deadly Poison+1","Catalyst","PiercingWail","Distraction+1"],"relics":["Ring of the Snake","Tough Bandages","Pear","Ornamental Fan","Cursed Key","Anchor","Blood Vial","Happy Flower","HoveringKite"],"potions_floor_usage":[8,8,16,18,21,23,23,23,28,29,30,33,33,35,35,36,36,38,38,39,39],"damage_taken":[{"damage":1,"enemies":"Jaw Worm","floor":1,"turns":6},{"damage":0,"enemies":"2 Louse","floor":2,"turns":4},{"damage":2,"enemies":"Cultist","floor":4,"turns":5},{"damage":0,"enemies":"Blue Slaver","floor":7,"turns":5},{"damage":17,"enemies":"Gremlin Nob","floor":8,"turns":5},{"damage":39,"enemies":"Gremlin Gang","floor":10,"turns":4},{"damage":13,"enemies":"Exordium Thugs","floor":13,"turns":4},{"damage":4,"enemies":"2 Fungi Beasts","floor":14,"turns":3},{"damage":15,"enemies":"Hexaghost","floor":16,"turns":11},{"damage":0,"enemies":"2 Thieves","floor":18,"turns":4},{"damage":0,"enemies":"Shell Parasite","floor":19,"turns":5},{"damage":0,"enemies":"Shelled Parasite and Fungi","floor":21,"turns":6},{"damage":10,"enemies":"Gremlin Leader","floor":23,"turns":6},{"damage":16,"enemies":"Book of Stabbing","floor":25,"turns":7},{"damage":11,"enemies":"Snake Plant","floor":28,"turns":5},{"damage":0,"enemies":"Sentry and Sphere","floor":29,"turns":5},{"damage":6,"enemies":"Centurion and Healer","floor":30,"turns":4},{"damage":39,"enemies":"Collector","floor":33,"turns":8},{"damage":2,"enemies":"Orb Walker","floor":35,"turns":4},{"damage":3,"enemies":"3 Shapes","floor":36,"turns":4},{"damage":11,"enemies":"3 Darklings","floor":37,"turns":4},{"damage":30,"enemies":"Sphere and 2 Shapes","floor":38,"turns":5},{"damage":2,"enemies":"Transient","floor":39,"turns":5},{"damage":42,"enemies":"Reptomancer","floor":40,"turns":3}],"seed_played":"-8823111613884856737","potions_obtained":[{"floor":1,"key":"Poison Potion"},{"floor":7,"key":"Energy Potion"},{"floor":8,"key":"Dexterity Potion"},{"floor":16,"key":"SkillPotion"},{"floor":19,"key":"SkillPotion"},{"floor":25,"key":"Strength Potion"},{"floor":28,"key":"Block Potion"},{"floor":33,"key":"Explosive Potion"},{"floor":37,"key":"PowerPotion"},{"floor":38,"key":"SkillPotion"}],"is_trial":false,"path_per_floor":["M","M","$","M","?","R","M","E","T","M","R","?","M","M","R","B",null,"M","M","?","M","$","E","R","E","T","R","M","M","M","?","R","B",null,"M","M","M","M","M","E"],"character_chosen":"THE_SILENT","items_purchased":["Noxious Fumes","Footwork","Acrobatics"],"campfire_rested":1,"item_purchase_floors":[3,22,22],"current_hp_per_floor":[69,69,69,67,67,67,67,60,60,21,21,21,8,4,28,13,80,80,80,80,80,80,70,70,54,54,54,45,47,43,43,43,6,80,78,77,68,40,40,0],"gold":318,"neow_bonus":"ONE_RARE_RELIC","is_prod":false,"is_daily":false,"chose_seed":false,"campfire_upgraded":5,"win_rate":0,"timestamp":1557376284,"path_taken":["M","M","$","M","?","R","M","E","T","M","R","?","M","M","R","BOSS","M","?","?","M","$","E","R","E","T","R","M","M","M","?","R","BOSS","M","M","M","?","M","E"],"build_version":"2019-01-23","purchased_purges":0,"victory":false,"max_hp_per_floor":[70,70,70,70,70,70,70,80,80,80,80,80,80,80,80,80,80,80,80,80,80,80,80,80,80,80,80,80,80,80,80,80,80,80,80,80,80,80,80,80],"card_choices":[{"not_picked":["Blade Dance","Bane"],"picked":"Cloak And Dagger","floor":1},{"not_picked":["Underhanded Strike","Predator"],"picked":"Leg Sweep","floor":2},{"not_picked":["Leg Sweep","Flying Knee"],"picked":"Calculated Gamble","floor":4},{"not_picked":["Sucker Punch","Riddle With Holes"],"picked":"All Out Attack","floor":7},{"not_picked":["Quick Slash","Riddle With Holes"],"picked":"Backflip","floor":8},{"not_picked":["Concentrate","Calculated Gamble","Bane"],"picked":"SKIP","floor":10},{"not_picked":["Leg Sweep","Deadly Poison"],"picked":"Crippling Poison","floor":13},{"not_picked":["Outmaneuver","Dagger Throw"],"picked":"Caltrops","floor":14},{"not_picked":["Malaise","Phantasmal Killer"],"picked":"Venomology","floor":16},{"not_picked":["Sucker Punch","Dodge and Roll"],"picked":"Prepared+1","floor":18},{"not_picked":["Poisoned Stab","Deflect"],"picked":"Dagger Throw","floor":19},{"not_picked":["Backflip","Slice"],"picked":"Poisoned Stab","floor":21},{"not_picked":["Finisher","Bane+1"],"picked":"Underhanded Strike","floor":23},{"not_picked":["Terror","Backstab"],"picked":"Bouncing Flask","floor":25},{"not_picked":["Dagger Spray+1","Flying Knee","Choke+1"],"picked":"SKIP","floor":28},{"not_picked":["PiercingWail","Acrobatics"],"picked":"Deadly Poison+1","floor":29},{"not_picked":["Distraction","Endless Agony"],"picked":"Storm of Steel","floor":30},{"not_picked":["Tools of the Trade","Phantasmal Killer"],"picked":"Envenom","floor":33},{"not_picked":["Skewer+1","Slice+1"],"picked":"Deadly Poison+1","floor":35},{"not_picked":["Acrobatics+1","Slice+1","Prepared+1"],"picked":"SKIP","floor":36},{"not_picked":["Dagger Throw+1","Quick Slash+1"],"picked":"Catalyst","floor":37},{"not_picked":["Terror","Concentrate+1"],"picked":"PiercingWail","floor":38},{"not_picked":["Deflect","Poisoned Stab+1"],"picked":"Distraction+1","floor":39}],"player_experience":226021,"relics_obtained":[{"floor":8,"key":"Pear"},{"floor":9,"key":"Ornamental Fan"},{"floor":23,"key":"Anchor"},{"floor":25,"key":"Blood Vial"},{"floor":26,"key":"Happy Flower"}],"event_choices":[{"cards_removed":["Writhe"],"damage_healed":0,"gold_gain":0,"player_choice":"Card Removal","damage_taken":0,"max_hp_gain":0,"max_hp_loss":0,"event_name":"The Cleric","floor":5,"gold_loss":50},{"damage_healed":0,"gold_gain":0,"player_choice":"Forge","damage_taken":0,"max_hp_gain":0,"max_hp_loss":0,"event_name":"Accursed Blacksmith","floor":12,"gold_loss":0,"cards_upgraded":["All Out Attack"]},{"cards_removed":["Strike_G"],"damage_healed":0,"gold_gain":0,"player_choice":"Gave Gold","damage_taken":0,"max_hp_gain":0,"max_hp_loss":0,"event_name":"Beggar","floor":20,"gold_loss":75},{"cards_removed":["Shame"],"damage_healed":0,"gold_gain":0,"player_choice":"Purged","damage_taken":0,"max_hp_gain":0,"max_hp_loss":0,"event_name":"Purifier","floor":31,"gold_loss":0}],"is_beta":false,"boss_relics":[{"not_picked":["Lizard Tail","White Beast Statue"],"picked":"Cursed Key"},{"not_picked":["Busted Crown","Ring of the Serpent"],"picked":"HoveringKite"}],"items_purged_floors":[],"is_endless":false,"potions_floor_spawned":[1,7,8,16,19,25,28,33,37,38],"killed_by":"Reptomancer","ascension_level":4}