{"gold_per_floor":[112,187,206,96,96,129,129,159,159,171,171,171],"floor_reached":12,"playtime":3002,"items_purged":["Strike_B"],"score":120,"play_id":"b81b4b3f-ff2f-4273-85bc-db9942d436f3","local_time":"20190402191021","is_ascension_mode":true,"campfire_choices":[{"floor":7,"key":"REST"}],"neow_cost":"NONE","seed_source_timestamp":762433604013637,"circlet_count":0,"master_deck":["Strike_B","Strike_B","Strike_B","Defend_B","Defend_B","Defend_B","Defend_B","Zap","Dualcast","Coolheaded","Tempest","Sunder","Darkness+1","Steam+1","Leap+1"],"relics":["Cracked Core","Toxic Egg 2","DataDisk","Anchor","Oddly Smooth Stone"],"potions_floor_usage":[],"damage_taken":[{"damage":13,"enemies":"2 Louse","floor":1,"turns":3},{"damage":0,"enemies":"Cultist","floor":3,"turns":3},{"damage":42,"enemies":"Lagavulin","floor":6,"turns":9},{"damage":25,"enemies":"3 Sentries","floor":8,"turns":6},{"damage":0,"enemies":"Small Slimes","floor":10,"turns":3},{"damage":4,"enemies":"Gremlin Gang","floor":12,"turns":2}],"seed_played":"-7128386222516380719","potions_obtained":[{"floor":0,"key":"PowerPotion"},{"floor":0,"key":"SpeedPotion"},{"floor":0,"key":"Regen Potion"}],"is_trial":false,"path_per_floor":["M","?","M","$","T","E","R","E","T","M","$","M"],"character_chosen":"DEFECT","items_purchased":["Sunder"],"campfire_rested":1,"item_purchase_floors":[4],"current_hp_per_floor":[55,48,48,48,48,6,28,3,3,3,3,0],"gold":171,"neow_bonus":"THREE_SMALL_POTIONS","is_prod":false,"is_daily":false,"chose_seed":false,"campfire_upgraded":0,"win_rate":0,"timestamp":1554225021,"path_taken":["M","?","M","$","?","E","R","E","T","M","$","M"],"build_version":"2019-01-23","purchased_purges":1,"victory":false,"max_hp_per_floor":[75,75,75,75,75,75,75,75,75,75,75,75],"card_choices":[{"not_picked":["Recycle","Streamline"],"picked":"Coolheaded","floor":1},{"not_picked":["Steam","Redo"],"picked":"Tempest","floor":3},{"not_picked":["Stack+1","Rainbow+1"],"picked":"Darkness+1","floor":6},{"not_picked":["Stack+1","BootSequence+1"],"picked":"Steam+1","floor":8},{"not_picked":["Storm","Sweeping Beam"],"picked":"Leap+1","floor":10}],"player_experience":417641,"relics_obtained":[{"floor":5,"key":"Toxic Egg 2"},{"floor":6,"key":"DataDisk"},{"floor":8,"key":"Anchor"},{"floor":9,"key":"Oddly Smooth Stone"}],"event_choices":[{"damage_healed":0,"gold_gain":75,"player_choice":"Touch","damage_taken":7,"max_hp_gain":0,"max_hp_loss":0,"event_name":"FaceTrader","floor":2,"gold_loss":0}],"is_beta":false,"boss_relics":[],"items_purged_floors":[4],"is_endless":false,"potions_floor_spawned":[6],"killed_by":"Gremlin Gang","ascension_level":8}