{"gold_per_floor":[117,117,67,81,57,97,110,153,233,233,408,105,126,149,149,274,274,293,313,142,142,106,144,144,165,165,179,179,179,192,22,22,153,153,169,169,169,190,46,46,65,65,91,112,143,158,158,178,178,178,178,178,2,45,45],"floor_reached":55,"playtime":3911,"items_purged":["Doubt","Strike_B","Strike_B"],"score":794,"play_id":"a203d323-d64a-4da6-b140-8462f5b32113","local_time":"20181123174105","is_ascension_mode":true,"campfire_choices":[{"data":"Creative AI","floor":10,"key":"SMITH"},{"floor":15,"key":"RECALL"},{"data":"Defragment","floor":24,"key":"SMITH"},{"data":"Zap","floor":28,"key":"SMITH"},{"data":"Chill","floor":32,"key":"SMITH"},{"data":"Dualcast","floor":40,"key":"SMITH"},{"data":"Blizzard","floor":47,"key":"SMITH"},{"data":"Hologram","floor":49,"key":"SMITH"},{"data":"Conserve Battery","floor":52,"key":"SMITH"}],"neow_cost":"NONE","seed_source_timestamp":770914074638812,"circlet_count":0,"master_deck":["Strike_B","Defend_B","Defend_B","Defend_B","Zap+1","Dualcast+1","Cold Snap","Auto Shields","Hologram+1","Creative AI+1","Self Repair","Rip and Tear","Chill+1","Stack","Leap","Reboot","Cold Snap","Conserve Battery+1","Blizzard+1","Defragment+1","Doom and Gloom+1","Conserve Battery+1","Coolheaded","Go for the Eyes","Glacier","Good Instincts","Reboot","Leap+1","Force Field+1","Gash+1"],"relics":["Cracked Core","NeowsBlessing","Golden Idol","Meat on the Bone","Centennial Puzzle","Tiny Chest","Omamori","Inserter","Gambling Chip","Darkstone Periapt","Busted Crown","PreservedInsect","Potion Belt","Pocketwatch","Matryoshka"],"potions_floor_usage":[8,18,19,45,45,45,45,50,54,55,55,55],"damage_taken":[{"damage":0,"enemies":"Jaw Worm","floor":1,"turns":1},{"damage":0,"enemies":"Small Slimes","floor":4,"turns":1},{"damage":0,"enemies":"3 Sentries","floor":6,"turns":1},{"damage":2,"enemies":"Cultist","floor":7,"turns":5},{"damage":26,"enemies":"Lagavulin","floor":8,"turns":7},{"damage":6,"enemies":"Exordium Thugs","floor":13,"turns":5},{"damage":1,"enemies":"Exordium Wildlife","floor":14,"turns":4},{"damage":22,"enemies":"Slime Boss","floor":16,"turns":8},{"damage":10,"enemies":"Spheric Guardian","floor":18,"turns":8},{"damage":4,"enemies":"Chosen","floor":19,"turns":6},{"damage":37,"enemies":"Gremlin Leader","floor":23,"turns":9},{"damage":9,"enemies":"Sentry and Sphere","floor":25,"turns":10},{"damage":0,"enemies":"Snecko","floor":27,"turns":6},{"damage":13,"enemies":"Snake Plant","floor":30,"turns":6},{"damage":17,"enemies":"Automaton","floor":33,"turns":15},{"damage":0,"enemies":"3 Darklings","floor":35,"turns":5},{"damage":5,"enemies":"3 Shapes","floor":38,"turns":4},{"damage":1,"enemies":"Transient","floor":41,"turns":5},{"damage":12,"enemies":"Maw","floor":44,"turns":12},{"damage":20,"enemies":"Reptomancer","floor":45,"turns":8},{"damage":3,"enemies":"3 Darklings","floor":46,"turns":4},{"damage":8,"enemies":"Transient","floor":48,"turns":5},{"damage":29,"enemies":"Time Eater","floor":50,"turns":16},{"damage":82,"enemies":"Shield and Spear","floor":54,"turns":12},{"damage":23,"enemies":"The Heart","floor":55,"turns":3}],"seed_played":"4964381439803623906","potions_obtained":[{"floor":4,"key":"FocusPotion"},{"floor":8,"key":"SkillPotion"},{"floor":14,"key":"EssenceOfSteel"},{"floor":16,"key":"FocusPotion"},{"floor":18,"key":"FearPotion"},{"floor":25,"key":"SpeedPotion"},{"floor":33,"key":"EntropicBrew"},{"floor":44,"key":"Dexterity Potion"},{"floor":46,"key":"EssenceOfSteel"}],"is_trial":false,"path_per_floor":["M","?","?","M","$","E","M","E","T","R","?","$","M","M","R","B",null,"M","M","$","?","$","E","R","M","T","M","R","T","M","$","R","B",null,"M","?","?","M","$","R","M","$","T","M","E","M","R","M","R","B",null,"R","$","E","B"],"character_chosen":"DEFECT","items_purchased":["Hologram","Omamori","Chill","Blizzard","Defragment","Glacier","Good Instincts","PreservedInsect","PowerPotion"],"campfire_rested":0,"item_purchase_floors":[5,12,12,20,22,31,31,39,53],"current_hp_per_floor":[75,69,69,69,69,69,67,55,55,55,55,55,56,62,62,40,69,66,69,69,63,63,38,38,48,48,55,55,55,49,49,49,51,69,69,69,69,69,69,69,68,68,68,63,50,54,54,53,53,43,69,69,69,23,0],"gold":45,"neow_bonus":"THREE_ENEMY_KILL","is_prod":false,"is_daily":false,"chose_seed":false,"campfire_upgraded":8,"win_rate":1,"timestamp":1543012865,"path_taken":["M","?","?","M","$","E","M","E","T","R","?","$","M","M","R","BOSS","M","M","$","?","?","E","R","M","T","?","R","?","M","$","R","BOSS","M","?","?","?","$","R","?","?","T","M","E","M","R","M","R","BOSS","R","$","E","BOSS"],"build_version":"2018-11-15","purchased_purges":3,"victory":false,"max_hp_per_floor":[75,69,69,69,69,69,69,69,69,69,69,69,69,69,69,69,69,69,69,69,69,69,69,69,69,69,69,69,69,69,69,69,69,69,69,69,69,69,69,69,69,69,69,69,69,69,69,69,69,69,69,69,69,69,69],"card_choices":[{"not_picked":["Conserve Battery","Go for the Eyes"],"picked":"Cold Snap","floor":1},{"not_picked":["Redo","Steam"],"picked":"Auto Shields","floor":4},{"not_picked":["Melter","Sweeping Beam"],"picked":"Creative AI","floor":6},{"not_picked":["Coolheaded","Ball Lightning"],"picked":"Self Repair","floor":7},{"not_picked":["Go for the Eyes","Reinforced Body"],"picked":"Rip and Tear","floor":8},{"not_picked":["Steam","Compile Driver"],"picked":"Stack","floor":13},{"not_picked":["Rip and Tear","Gash"],"picked":"Leap","floor":14},{"not_picked":["Buffer","Rainbow"],"picked":"Reboot","floor":16},{"not_picked":["Go for the Eyes+1","Ball Lightning+1"],"picked":"Cold Snap","floor":18},{"not_picked":["Chaos","Rebound"],"picked":"Conserve Battery+1","floor":19},{"not_picked":["Scrape","Capacitor"],"picked":"Doom and Gloom+1","floor":23},{"not_picked":["Ball Lightning","Storm"],"picked":"Conserve Battery","floor":25},{"not_picked":["Hologram","Darkness"],"picked":"Coolheaded","floor":27},{"not_picked":["Streamline","Capacitor+1"],"picked":"Go for the Eyes","floor":30},{"not_picked":["Multi-Cast","Rainbow"],"picked":"Reboot","floor":33},{"not_picked":["Beam Cell"],"picked":"SKIP","floor":35},{"not_picked":[],"picked":"Leap+1","floor":38},{"not_picked":[],"picked":"Force Field+1","floor":41},{"not_picked":[],"picked":"Gash+1","floor":44},{"not_picked":["Scrape"],"picked":"SKIP","floor":45},{"not_picked":["Tempest"],"picked":"SKIP","floor":46},{"not_picked":["Darkness"],"picked":"SKIP","floor":48},{"not_picked":["Thunder Strike"],"picked":"SKIP","floor":54}],"player_experience":37484,"relics_obtained":[{"floor":6,"key":"Meat on the Bone"},{"floor":8,"key":"Centennial Puzzle"},{"floor":9,"key":"Tiny Chest"},{"floor":23,"key":"Gambling Chip"},{"floor":29,"key":"Darkstone Periapt"},{"floor":43,"key":"Potion Belt"},{"floor":45,"key":"Pocketwatch"},{"floor":54,"key":"Matryoshka"}],"event_choices":[{"damage_healed":0,"gold_gain":0,"player_choice":"Lose Max HP","damage_taken":0,"relics_obtained":["Golden Idol"],"max_hp_gain":0,"max_hp_loss":6,"event_name":"Golden Idol","floor":2,"gold_loss":0},{"cards_removed":["Strike_B"],"damage_healed":0,"gold_gain":0,"player_choice":"Card Removal","damage_taken":0,"max_hp_gain":0,"max_hp_loss":0,"event_name":"The Cleric","floor":3,"gold_loss":50},{"damage_healed":0,"gold_gain":175,"player_choice":"AGREE","damage_taken":0,"max_hp_gain":0,"max_hp_loss":0,"event_name":"Liars Game","floor":11,"gold_loss":0,"cards_obtained":["Doubt"]},{"damage_healed":0,"gold_gain":0,"player_choice":"","damage_taken":6,"max_hp_gain":0,"max_hp_loss":0,"event_name":"Knowing Skull","floor":21,"potions_obtained":[],"gold_loss":0,"cards_obtained":[]},{"cards_removed":["Defend_B"],"damage_healed":0,"gold_gain":0,"player_choice":"Removed Skill","damage_taken":0,"max_hp_gain":0,"max_hp_loss":0,"event_name":"Falling","floor":36,"gold_loss":0},{"damage_healed":0,"gold_gain":0,"player_choice":"Ignored","damage_taken":0,"max_hp_gain":0,"max_hp_loss":0,"event_name":"SecretPortal","floor":37,"gold_loss":0}],"is_beta":false,"boss_relics":[{"not_picked":["Tiny House","FrozenCore"],"picked":"Inserter"},{"not_picked":["Sozu","Orrery"],"picked":"Busted Crown"}],"items_purged_floors":[12,20,53],"is_endless":false,"potions_floor_spawned":[4,8,14,16,18,25,33,41,44,46],"killed_by":"The Heart","ascension_level":1}