{"gold_per_floor":[119,135,135,146,16,16,48,48,48,106,106,140,165,177,177,250,250,262,262,272,92,107,107,140,159,235,245,77,0,0,0,0,77,77,95,95,105,105,105,139,109,164,164,164,184,184,216,229,229,229],"floor_reached":51,"playtime":3074,"items_purged":["Defend_B","Strike_B"],"score":1638,"play_id":"1edf0f1f-0c4f-489a-b617-9477c0d2907d","local_time":"20190417032640","is_ascension_mode":true,"campfire_choices":[{"data":"Go for the Eyes","floor":6.0,"key":"SMITH"},{"data":"Darkness","floor":11.0,"key":"SMITH"},{"floor":15.0,"key":"REST"},{"floor":23.0,"key":"REST"},{"data":"Zap","floor":32.0,"key":"SMITH"},{"data":"Buffer","floor":46.0,"key":"SMITH"},{"data":"Capacitor","floor":49.0,"key":"SMITH"}],"neow_cost":"NONE","seed_source_timestamp":561906769657600,"circlet_count":0,"master_deck":["AscendersBane","Zap+1","Dualcast","Go for the Eyes+1","Darkness+1","Conserve Battery+1","Hologram+1","Stack+1","Hologram+1","Redo+1","Cold Snap","Seek+1","Self Repair+1","White Noise+1","Redo+1","Steam+1","Redo+1","Glacier+1","Fission+1","Self Repair","BootSequence+1","BootSequence+1","Go for the Eyes","Sunder","Buffer+1","Regret","Capacitor+1","Hologram+1","Shame","Doubt","Thinking Ahead+1","White Noise+1","Parasite","Hologram+1"],"special_seed":0,"relics":["Cracked Core","Toxic Egg 2","FossilizedHelix","Blue Candle","Bag of Preparation","Tiny Chest","Singing Bowl","Blood Vial","Cursed Key","WarpedTongs","Ancient Tea Set","Letter Opener","Pandora\u0027s Box","Bronze Scales","Cables","Juzu Bracelet","Bottled Lightning","Dream Catcher"],"potions_floor_usage":[50],"damage_taken":[{"damage":0.0,"enemies":"Cultist","floor":1.0,"turns":3.0},{"damage":2.0,"enemies":"Jaw Worm","floor":2.0,"turns":3.0},{"damage":0.0,"enemies":"2 Louse","floor":4.0,"turns":3.0},{"damage":18.0,"enemies":"Gremlin Nob","floor":7.0,"turns":4.0},{"damage":0.0,"enemies":"Lagavulin","floor":10.0,"turns":7.0},{"damage":20.0,"enemies":"Gremlin Nob","floor":12.0,"turns":5.0},{"damage":0.0,"enemies":"2 Fungi Beasts","floor":14.0,"turns":3.0},{"damage":0.0,"enemies":"Slime Boss","floor":16.0,"turns":6.0},{"damage":37.0,"enemies":"Chosen","floor":18.0,"turns":7.0},{"damage":0.0,"enemies":"3 Byrds","floor":20.0,"turns":6.0},{"damage":20.0,"enemies":"Centurion and Healer","floor":22.0,"turns":6.0},{"damage":24.0,"enemies":"Book of Stabbing","floor":24.0,"turns":5.0},{"damage":21.0,"enemies":"Snake Plant","floor":25.0,"turns":5.0},{"damage":13.0,"enemies":"Snecko","floor":27.0,"turns":7.0},{"damage":35.0,"enemies":"Automaton","floor":33.0,"turns":10.0},{"damage":15.0,"enemies":"3 Darklings","floor":35.0,"turns":5.0},{"damage":0.0,"enemies":"3 Shapes","floor":37.0,"turns":5.0},{"damage":34.0,"enemies":"Giant Head","floor":40.0,"turns":7.0},{"damage":2.0,"enemies":"Spire Growth","floor":45.0,"turns":4.0},{"damage":19.0,"enemies":"Reptomancer","floor":47.0,"turns":8.0},{"damage":0.0,"enemies":"Writhing Mass","floor":48.0,"turns":4.0},{"damage":74,"enemies":"Time Eater","floor":50,"turns":8}],"seed_played":"2781172114457562408","potions_obtained":[{"floor":1.0,"key":"Energy Potion"},{"floor":4.0,"key":"FocusPotion"},{"floor":7.0,"key":"Regen Potion"},{"floor":18.0,"key":"SpeedPotion"},{"floor":35.0,"key":"LiquidBronze"}],"is_trial":false,"path_per_floor":["M","M","T","M","$","R","E","T","T","E","R","E","T","M","R","B",null,"M","?","M","$","M","R","E","M","T","M","$","?","$","?","R","B",null,"M","?","M","T","?","E","$","T","T","?","M","R","E","M","R","B",null],"character_chosen":"DEFECT","items_purchased":["Hologram+1","White Noise+1","Fission+1","Hologram+1"],"campfire_rested":2,"item_purchase_floors":[5,21,28,41],"current_hp_per_floor":[71,69,69,69,69,69,51,51,51,51,51,31,31,33,56,58,73,40,40,42,42,34,58,46,37,37,36,36,36,36,36,36,30,69,75,75,86,86,82,68,68,68,68,62,74,74,77,88,88,34],"gold":229,"neow_bonus":"TEN_PERCENT_HP_BONUS","is_prod":false,"is_daily":false,"chose_seed":false,"campfire_upgraded":5,"win_rate":0,"timestamp":1555464400,"path_taken":["M","M","?","M","?","R","E","?","T","E","R","E","?","M","R","BOSS","M","?","M","$","?","R","E","M","T","M","$","?","?","?","R","BOSS","M","?","?","?","?","E","?","?","T","?","M","R","E","M","R","BOSS"],"build_version":"2019-01-23","purchased_purges":2,"victory":true,"max_hp_per_floor":[78,78,78,78,78,78,78,78,78,78,78,78,78,78,78,78,78,80,80,80,80,80,80,80,80,80,80,80,80,80,80,80,82,82,84,84,86,86,82,82,82,82,82,86,88,88,88,88,88,88],"card_choices":[{"not_picked":["Loop","Compile Driver"],"picked":"Go for the Eyes","floor":1.0},{"not_picked":["Gash","Barrage"],"picked":"Darkness","floor":2.0},{"not_picked":["Sunder","Capacitor"],"picked":"Conserve Battery+1","floor":4.0},{"not_picked":["Chill+1","Go for the Eyes"],"picked":"Stack+1","floor":7.0},{"not_picked":["Double Energy+1","Rebound"],"picked":"Hologram+1","floor":10.0},{"not_picked":["Turbo+1","Cold Snap"],"picked":"Redo+1","floor":12.0},{"not_picked":["Reinforced Body+1","Hello World"],"picked":"Cold Snap","floor":14.0},{"not_picked":["Hyperbeam","Machine Learning"],"picked":"Seek+1","floor":16.0},{"not_picked":["Hologram+1","Barrage","Cold Snap"],"picked":"Singing Bowl","floor":18.0},{"not_picked":["Genetic Algorithm+1","Blizzard"],"picked":"Self Repair+1","floor":20.0},{"not_picked":["Aggregate+1","Turbo+1"],"picked":"Redo+1","floor":22.0},{"not_picked":["Conserve Battery+1","Reinforced Body+1"],"picked":"Steam+1","floor":24.0},{"not_picked":["Coolheaded+1","Turbo+1"],"picked":"Redo+1","floor":25.0},{"not_picked":["Beam Cell","Sweeping Beam"],"picked":"Glacier+1","floor":27.0},{"not_picked":["Core Surge","Meteor Strike","Thunder Strike"],"picked":"Singing Bowl","floor":33.0},{"not_picked":["Beam Cell","Gash+1","White Noise+1"],"picked":"Singing Bowl","floor":35.0},{"not_picked":["Recycle+1","Genetic Algorithm+1","Sweeping Beam+1"],"picked":"Singing Bowl","floor":37.0},{"not_picked":["Aggregate+1","Conserve Battery+1"],"picked":"Capacitor","floor":40.0},{"not_picked":["Sadistic Nature","Discovery+1"],"picked":"Thinking Ahead+1","floor":44.0},{"not_picked":["Madness+1","Flash of Steel","Impatience+1"],"picked":"Singing Bowl","floor":44.0},{"not_picked":["Finesse+1","Deep Breath+1","HandOfGreed"],"picked":"Singing Bowl","floor":44.0},{"not_picked":["Compile Driver+1","Ball Lightning","Recycle+1"],"picked":"Singing Bowl","floor":45.0},{"not_picked":["Conserve Battery+1","FTL"],"picked":"White Noise+1","floor":47.0},{"not_picked":["Leap+1","Recycle+1"],"picked":"Hologram+1","floor":48.0}],"player_experience":654094,"relics_obtained":[{"floor":3.0,"key":"Toxic Egg 2"},{"floor":7.0,"key":"FossilizedHelix"},{"floor":8.0,"key":"Blue Candle"},{"floor":9.0,"key":"Bag of Preparation"},{"floor":10.0,"key":"Tiny Chest"},{"floor":12.0,"key":"Singing Bowl"},{"floor":13.0,"key":"Blood Vial"},{"floor":24.0,"key":"Ancient Tea Set"},{"floor":26.0,"key":"Letter Opener"},{"floor":38.0,"key":"Bronze Scales"},{"floor":40.0,"key":"Cables"},{"floor":42.0,"key":"Juzu Bracelet"},{"floor":43.0,"key":"Bottled Lightning"},{"floor":47.0,"key":"Dream Catcher"}],"event_choices":[{"damage_healed":0.0,"max_hp_gain":0.0,"max_hp_loss":0.0,"gold_gain":0.0,"event_name":"Accursed Blacksmith","player_choice":"Rummage","floor":19.0,"gold_loss":0.0,"damage_taken":0.0,"relics_obtained":["WarpedTongs"],"cards_obtained":["Pain"]},{"damage_healed":0.0,"max_hp_gain":0.0,"max_hp_loss":0.0,"gold_gain":0.0,"event_name":"Masked Bandits","player_choice":"Paid Fearfully","floor":29.0,"gold_loss":77.0,"damage_taken":0.0},{"damage_healed":0.0,"max_hp_gain":0.0,"max_hp_loss":0.0,"gold_gain":0.0,"event_name":"Beggar","player_choice":"Ignored","floor":31.0,"gold_loss":0.0,"damage_taken":0.0},{"cards_removed":["Decay","Pain"],"damage_healed":0.0,"max_hp_gain":0.0,"max_hp_loss":0.0,"gold_gain":0.0,"event_name":"Fountain of Cleansing","player_choice":"Removed Curses","floor":36.0,"gold_loss":0.0,"damage_taken":0.0},{"damage_healed":0.0,"max_hp_gain":0.0,"max_hp_loss":4.0,"gold_gain":0.0,"event_name":"Winding Halls","player_choice":"Max HP","floor":39.0,"gold_loss":0.0,"damage_taken":0.0},{"damage_healed":0.0,"max_hp_gain":0.0,"max_hp_loss":0.0,"gold_gain":0.0,"event_name":"SensoryStone","player_choice":"Memory 3","floor":44.0,"gold_loss":0.0,"damage_taken":10.0}],"is_beta":false,"boss_relics":[{"not_picked":["Nuclear Battery","Inserter"],"picked":"Cursed Key"},{"not_picked":["Snecko Eye","Calling Bell"],"picked":"Pandora\u0027s Box"}],"items_purged_floors":[5,21],"is_endless":false,"potions_floor_spawned":[1,4,7,10,18,24,25,35,45],"ascension_level":17}