{"gold_per_floor":[111,122,134,144,94,129,129,129,129,129,146,178,198,0,0,73,73,83,97,114,114,124,155,155,155,227,227,240,240,251,271,271,271],"floor_reached":33,"playtime":2585,"items_purged":[],"score":670,"play_id":"7a736b80-614b-468a-97b7-40655f4ba64f","local_time":"20190510221721","is_ascension_mode":true,"campfire_choices":[{"data":"Noxious Fumes","floor":7.0,"key":"SMITH"},{"data":"Cloak And Dagger","floor":10.0,"key":"SMITH"},{"data":"Envenom","floor":15.0,"key":"SMITH"},{"data":"Neutralize","floor":25,"key":"SMITH"},{"data":"Neutralize","floor":27,"key":"SMITH"},{"data":"Glass Knife","floor":29,"key":"SMITH"},{"floor":32,"key":"REST"}],"neow_cost":"NONE","seed_source_timestamp":503044032897966,"circlet_count":0,"master_deck":["AscendersBane","Defend_G","Defend_G","Defend_G","Defend_G","Defend_G","Strike_G","Strike_G","Strike_G","Strike_G","Survivor","Neutralize+1","Unload","Noxious Fumes+1","Backstab","Backflip","Cloak And Dagger+1","Envenom+1","Glass Knife+1","Crippling Poison","Neutralize+1","Die Die Die","Escape Plan","Shame","PiercingWail","Noxious Fumes+1"],"special_seed":0,"relics":["Ring of the Snake","Bag of Preparation","Ornamental Fan","Calipers","Lee\u0027s Waffle","Cursed Key","Snake Skull","Letter Opener"],"potions_floor_usage":[23,23,31],"damage_taken":[{"damage":0.0,"enemies":"Small Slimes","floor":1.0,"turns":3.0},{"damage":5.0,"enemies":"Cultist","floor":2.0,"turns":4.0},{"damage":1.0,"enemies":"Jaw Worm","floor":3.0,"turns":4.0},{"damage":1.0,"enemies":"Red Slaver","floor":4.0,"turns":4.0},{"damage":14.0,"enemies":"Lagavulin","floor":6.0,"turns":8.0},{"damage":0.0,"enemies":"Blue Slaver","floor":11.0,"turns":4.0},{"damage":0.0,"enemies":"Gremlin Nob","floor":12.0,"turns":3.0},{"damage":1.0,"enemies":"Looter","floor":13.0,"turns":3.0},{"damage":32.0,"enemies":"Slime Boss","floor":16.0,"turns":10.0},{"damage":4,"enemies":"3 Byrds","floor":18,"turns":4},{"damage":13,"enemies":"Shell Parasite","floor":19,"turns":5},{"damage":5,"enemies":"3 Cultists","floor":20,"turns":6},{"damage":2,"enemies":"Centurion and Healer","floor":22,"turns":7},{"damage":10,"enemies":"Slavers","floor":23,"turns":4},{"damage":13,"enemies":"Snecko","floor":28,"turns":4},{"damage":13,"enemies":"Snake Plant","floor":30,"turns":4},{"damage":4,"enemies":"Chosen and Byrds","floor":31,"turns":4},{"damage":45,"enemies":"Champ","floor":33,"turns":8}],"seed_played":"-7738695564126621414","potions_obtained":[{"floor":1.0,"key":"FearPotion"},{"floor":3.0,"key":"Ancient Potion"},{"floor":11.0,"key":"AttackPotion"},{"floor":13.0,"key":"FearPotion"},{"floor":18,"key":"EssenceOfSteel"},{"floor":19,"key":"LiquidBronze"},{"floor":30,"key":"LiquidBronze"}],"is_trial":false,"path_per_floor":["M","M","M","M","?","E","R","?","T","R","M","E","M","$","R","B",null,"M","M","M","?","M","E","?","R","T","R","M","R","M","M","R","B"],"character_chosen":"THE_SILENT","items_purchased":["Lee\u0027s Waffle"],"campfire_rested":1,"item_purchase_floors":[14],"current_hp_per_floor":[63,58,57,56,56,42,42,42,42,42,42,42,41,77,77,45,69,65,52,47,47,45,35,35,35,35,35,22,22,9,5,28,0],"gold":271,"neow_bonus":"ONE_RANDOM_RARE_CARD","is_prod":false,"is_daily":false,"chose_seed":false,"campfire_upgraded":6,"win_rate":0,"timestamp":1557544641,"path_taken":["M","M","M","M","?","E","R","?","T","R","M","E","M","$","R","BOSS","M","?","?","?","?","E","?","R","T","R","M","R","M","M","R","BOSS"],"build_version":"2019-01-23","purchased_purges":0,"victory":false,"max_hp_per_floor":[70,70,70,70,70,70,70,70,70,70,70,70,70,77,77,77,77,77,77,77,77,77,77,77,77,77,77,77,77,77,77,77,77],"card_choices":[{"not_picked":["Acrobatics","Poisoned Stab","Deflect"],"picked":"SKIP","floor":1.0},{"not_picked":["Slice","Deadly Poison"],"picked":"Noxious Fumes","floor":2.0},{"not_picked":["Masterful Stab","Dagger Spray"],"picked":"Backstab","floor":3.0},{"not_picked":["Infinite Blades","Deflect"],"picked":"Backflip","floor":4.0},{"not_picked":["Backflip","Dash"],"picked":"Cloak And Dagger","floor":6.0},{"not_picked":["Flying Knee","Underhanded Strike"],"picked":"Envenom","floor":11.0},{"not_picked":["Deadly Poison","Expertise","Flechettes"],"picked":"SKIP","floor":12.0},{"not_picked":["Choke","Flying Knee","Tactician"],"picked":"SKIP","floor":13.0},{"not_picked":["Venomology","Envenom"],"picked":"Glass Knife","floor":16.0},{"not_picked":["Quick Slash","Prepared"],"picked":"Crippling Poison","floor":18},{"not_picked":["Underhanded Strike","Sucker Punch","Predator"],"picked":"SKIP","floor":19},{"not_picked":["Riddle With Holes+1","Quick Slash","Slice"],"picked":"SKIP","floor":20},{"not_picked":["Flechettes+1","Sucker Punch"],"picked":"Die Die Die","floor":22},{"not_picked":["Predator","Sucker Punch"],"picked":"Escape Plan","floor":23},{"not_picked":["Poisoned Stab","Blade Dance"],"picked":"PiercingWail","floor":28},{"not_picked":["Poisoned Stab","Blur"],"picked":"Noxious Fumes+1","floor":30},{"not_picked":["Riddle With Holes","Outmaneuver+1","Wraith Form v2"],"picked":"SKIP","floor":31}],"player_experience":415877,"relics_obtained":[{"floor":6.0,"key":"Bag of Preparation"},{"floor":9.0,"key":"Ornamental Fan"},{"floor":12.0,"key":"Calipers"},{"floor":23,"key":"Snake Skull"},{"floor":26,"key":"Letter Opener"}],"event_choices":[{"cards_removed":["Strike_G"],"damage_healed":0.0,"max_hp_gain":0.0,"max_hp_loss":0.0,"gold_gain":0.0,"event_name":"The Cleric","player_choice":"Card Removal","floor":5.0,"gold_loss":50.0,"damage_taken":0.0},{"damage_healed":0.0,"max_hp_gain":0.0,"max_hp_loss":0.0,"gold_gain":0.0,"event_name":"FaceTrader","player_choice":"Leave","floor":8.0,"gold_loss":0.0,"damage_taken":0.0},{"damage_healed":0,"gold_gain":0,"player_choice":"1 cards matched","damage_taken":0,"max_hp_gain":0,"max_hp_loss":0,"event_name":"Match and Keep!","floor":21,"gold_loss":0,"cards_obtained":["Neutralize"]},{"damage_healed":0,"gold_gain":0,"player_choice":"Ignored","damage_taken":0,"max_hp_gain":0,"max_hp_loss":0,"event_name":"Cursed Tome","floor":24,"gold_loss":0}],"is_beta":false,"boss_relics":[{"not_picked":["Coffee Dripper","Velvet Choker"],"picked":"Cursed Key"}],"items_purged_floors":[],"is_endless":false,"potions_floor_spawned":[1,3,11,13,18,19,30],"killed_by":"Champ","ascension_level":13}