{"gold_per_floor":[112,262,262,282,40,40,66,78,156,156,167,226,226,51,51,51],"floor_reached":16,"playtime":427,"items_purged":["Pain","Doubt"],"score":196,"play_id":"9a082c89-206a-47cc-9e82-678bdd91276e","local_time":"20190512222903","is_ascension_mode":true,"campfire_choices":[{"data":"Juggernaut","floor":6,"key":"SMITH"},{"floor":10,"key":"REST"},{"floor":15,"key":"REST"}],"neow_cost":"CURSE","seed_source_timestamp":341525015646700,"circlet_count":0,"master_deck":["AscendersBane","Strike_R+1","Strike_R","Strike_R+1","Strike_R","Strike_R","Defend_R","Defend_R","Defend_R","Defend_R","Bash","Juggernaut+1","Shrug It Off","Feel No Pain","Feed","Dual Wield","Battle Trance"],"relics":["Burning Blood","Oddly Smooth Stone","Whetstone","Dodecahedron","Shuriken"],"potions_floor_usage":[7,11],"damage_taken":[{"damage":11,"enemies":"Jaw Worm","floor":1,"turns":6},{"damage":14,"enemies":"Small Slimes","floor":4,"turns":5},{"damage":11,"enemies":"3 Sentries","floor":7,"turns":6},{"damage":0,"enemies":"Cultist","floor":8,"turns":4},{"damage":2,"enemies":"Looter","floor":11,"turns":5},{"damage":81,"enemies":"Hexaghost","floor":16,"turns":11}],"seed_played":"1838379696798109707","potions_obtained":[{"floor":3,"key":"Swift Potion"},{"floor":3,"key":"SneckoOil"},{"floor":7,"key":"Block Potion"}],"is_trial":false,"path_per_floor":["M","?","?","M","$","R","E","M","T","R","M","?","?","$","R","B"],"character_chosen":"IRONCLAD","items_purchased":["Oddly Smooth Stone","Battle Trance"],"campfire_rested":2,"item_purchase_floors":[5,14],"current_hp_per_floor":[63,63,63,55,55,55,50,59,59,78,78,78,67,67,78,0],"gold":51,"neow_bonus":"THREE_RARE_CARDS","is_prod":false,"is_daily":false,"chose_seed":false,"campfire_upgraded":1,"win_rate":0,"timestamp":1557692943,"path_taken":["M","?","?","M","$","R","E","?","T","R","M","?","?","$","R","BOSS"],"build_version":"2019-01-23","purchased_purges":2,"victory":false,"max_hp_per_floor":[75,75,75,75,75,75,75,78,78,78,78,78,78,78,78,78],"card_choices":[{"not_picked":["Bludgeon","Limit Break"],"picked":"Juggernaut","floor":0},{"not_picked":["Havoc","Cleave"],"picked":"Shrug It Off","floor":1},{"not_picked":["Heavy Blade","Fire Breathing"],"picked":"Feel No Pain","floor":4},{"not_picked":["Anger","Shrug It Off"],"picked":"Feed","floor":7},{"not_picked":["Sword Boomerang","Havoc"],"picked":"Dual Wield","floor":8},{"not_picked":["Havoc","Bloodletting","Sever Soul"],"picked":"SKIP","floor":11}],"player_experience":664366,"relics_obtained":[{"floor":7,"key":"Whetstone"},{"floor":9,"key":"Dodecahedron"}],"event_choices":[{"damage_healed":0,"gold_gain":150,"player_choice":"AGREE","damage_taken":0,"max_hp_gain":0,"max_hp_loss":0,"event_name":"Liars Game","floor":2,"gold_loss":0,"cards_obtained":["Doubt"]},{"damage_healed":0,"gold_gain":0,"player_choice":"Got Potions","damage_taken":0,"max_hp_gain":0,"max_hp_loss":0,"event_name":"Lab","floor":3,"gold_loss":0},{"damage_healed":0,"gold_gain":59,"player_choice":"Gained Gold","damage_taken":0,"max_hp_gain":0,"max_hp_loss":0,"event_name":"Golden Wing","floor":12,"gold_loss":0},{"damage_healed":0,"gold_gain":0,"player_choice":"Success","damage_taken":11,"relics_obtained":["Shuriken"],"max_hp_gain":0,"max_hp_loss":0,"event_name":"Scrap Ooze","floor":13,"gold_loss":0}],"is_beta":false,"boss_relics":[],"items_purged_floors":[5,14],"is_endless":false,"potions_floor_spawned":[7,8],"killed_by":"Hexaghost","ascension_level":20}