{"gold_per_floor":[118,137,137,137,157,157,200,140,140,60,60,79,99,123,123,123],"floor_reached":16,"playtime":1559,"items_purged":["Strike_R","Strike_R"],"score":102,"play_id":"74e1afa7-5872-4fe6-b058-85a7336fcb05","local_time":"20180810005128","is_ascension_mode":false,"campfire_choices":[{"data":"Thunderclap","floor":6.0,"key":"SMITH"},{"floor":11.0,"key":"REST"},{"floor":15.0,"key":"REST"}],"neow_cost":"NONE","seed_source_timestamp":92173885995236,"circlet_count":0,"master_deck":["Strike_R","Strike_R","Strike_R","Defend_R","Defend_R","Defend_R","Shrug It Off","Thunderclap+1"],"special_seed":0,"relics":["Burning Blood","Golden Idol","The Courier","Dodecahedron"],"potions_floor_usage":[16],"damage_taken":[{"damage":6.0,"enemies":"Cultist","floor":1.0,"turns":3.0},{"damage":4.0,"enemies":"Small Slimes","floor":2.0,"turns":4.0},{"damage":9.0,"enemies":"Jaw Worm","floor":5.0,"turns":4.0},{"damage":39.0,"enemies":"Lagavulin","floor":7.0,"turns":10.0},{"damage":10.0,"enemies":"Large Slime","floor":12.0,"turns":9.0},{"damage":13.0,"enemies":"Exordium Wildlife","floor":13.0,"turns":2.0},{"damage":4.0,"enemies":"Red Slaver","floor":14.0,"turns":7.0},{"damage":61,"enemies":"Slime Boss","floor":16,"turns":12}],"seed_played":"-2174520872055692103","potions_obtained":[{"floor":1.0,"key":"SpeedPotion"},{"floor":5.0,"key":"Weak Potion"},{"floor":12.0,"key":"AttackPotion"},{"floor":14.0,"key":"AttackPotion"}],"is_trial":false,"path_per_floor":["M","M","?","?","M","R","E","$","T","$","R","M","M","M","R"],"character_chosen":"IRONCLAD","items_purchased":[],"campfire_rested":2,"item_purchase_floors":[],"current_hp_per_floor":[80,80,73,53,50,50,17,17,17,17,41,37,30,32,56,0],"gold":123,"neow_bonus":"REMOVE_CARD","is_prod":false,"is_daily":false,"chose_seed":false,"campfire_upgraded":1,"win_rate":0,"timestamp":1533833488,"path_taken":["M","M","?","?","M","R","E","$","T","$","R","M","?","M","R","BOSS"],"build_version":"2018-08-02","purchased_purges":2,"victory":false,"max_hp_per_floor":[80,80,80,80,80,80,80,80,80,80,80,80,80,80,80,80],"card_choices":[{"not_picked":["Sentinel","Havoc"],"picked":"Shrug It Off","floor":1.0},{"not_picked":["Iron Wave","Infernal Blade"],"picked":"Thunderclap","floor":2.0},{"not_picked":["Sever Soul","Anger","Havoc"],"picked":"SKIP","floor":5.0},{"not_picked":["Demon Form","Flame Barrier","Wild Strike"],"picked":"SKIP","floor":7.0},{"not_picked":["Heavy Blade","Headbutt","Clothesline"],"picked":"SKIP","floor":12.0},{"not_picked":["Armaments","Rupture","Searing Blow"],"picked":"SKIP","floor":13.0},{"not_picked":["Carnage","Warcry","Headbutt"],"picked":"SKIP","floor":14.0}],"player_experience":296609,"relics_obtained":[{"floor":7.0,"key":"The Courier"},{"floor":9.0,"key":"Dodecahedron"}],"event_choices":[{"event_name":"Golden Wing","player_choice":"Card Removal","floor":3.0,"damage_taken":0.0},{"event_name":"Golden Idol","player_choice":"Take Damage","floor":4.0,"damage_taken":0.0}],"is_beta":false,"boss_relics":[],"items_purged_floors":[8,10],"is_endless":false,"potions_floor_spawned":[1,5,12,14],"killed_by":"Slime Boss","ascension_level":0}