{"gold_per_floor":[117,130,148,1,1,26,26,61,61,86,102,129,142,142,142,245,245,261,261,261,279,297,331,331,350,350,350,310,328,120,131,131,231,231,247,265,114,126,72,107,107,124,147,147,157,257,18,29,29,29,29,29,29,60,60],"floor_reached":55,"playtime":2559,"items_purged":["Strike_B+1"],"score":748,"play_id":"98004731-7fa3-4033-a223-f847f9e2483f","local_time":"20190406190327","is_ascension_mode":true,"campfire_choices":[{"data":"Zap","floor":7,"key":"SMITH"},{"floor":15,"key":"REST"},{"floor":24,"key":"REST"},{"data":"Dualcast","floor":27,"key":"SMITH"},{"data":"Storm","floor":32,"key":"SMITH"},{"floor":41,"key":"REST"},{"floor":44,"key":"RECALL"},{"floor":49,"key":"DIG"},{"floor":52,"key":"DIG"}],"neow_cost":"NONE","seed_source_timestamp":776314805677,"circlet_count":0,"master_deck":["Strike_B+1","Strike_B+1","Strike_B+1","Defend_B+1","Defend_B+1","Defend_B+1","Defend_B+1","Zap+1","Dualcast+1","Meteor Strike+1","Coolheaded","Compile Driver+1","Ball Lightning","Reboot+1","White Noise+1","Hologram+1","White Noise+1","Seek+1","Chaos+1","Chill+1","Storm+1","Conserve Battery+1","Undo+1","Storm+1","Conserve Battery+1","Skim+1","Fission+1","Fusion+1","Hologram+1","Loop+1","Redo+1","Force Field+1","Transmutation+1","Creative AI","FTL+1"],"relics":["Cracked Core","Orichalcum","Centennial Puzzle","Toxic Egg 2","Bottled Lightning","Strawberry","Kunai","Blood Vial","Inserter","DataDisk","Meat on the Bone","Black Star","Bag of Preparation","Art of War","StoneCalendar","Shovel","Pen Nib","Ornamental Fan","Boot","Symbiotic Virus"],"potions_floor_usage":[6,18,22,22,33,40,50,50,54,55],"damage_taken":[{"damage":0,"enemies":"Small Slimes","floor":1,"turns":4},{"damage":1,"enemies":"Jaw Worm","floor":2,"turns":3},{"damage":1,"enemies":"2 Louse","floor":3,"turns":2},{"damage":26,"enemies":"Lagavulin","floor":6,"turns":7},{"damage":6,"enemies":"Gremlin Nob","floor":8,"turns":4},{"damage":9,"enemies":"3 Sentries","floor":10,"turns":5},{"damage":7,"enemies":"Gremlin Gang","floor":11,"turns":5},{"damage":12,"enemies":"3 Louse","floor":13,"turns":2},{"damage":24,"enemies":"Slime Boss","floor":16,"turns":11},{"damage":3,"enemies":"3 Byrds","floor":18,"turns":3},{"damage":9,"enemies":"2 Thieves","floor":21,"turns":3},{"damage":23,"enemies":"Centurion and Healer","floor":22,"turns":4},{"damage":36,"enemies":"Slavers","floor":23,"turns":6},{"damage":0,"enemies":"Cultist and Chosen","floor":25,"turns":4},{"damage":4,"enemies":"Snecko","floor":29,"turns":3},{"damage":0,"enemies":"3 Cultists","floor":31,"turns":5},{"damage":31,"enemies":"Collector","floor":33,"turns":7},{"damage":0,"enemies":"3 Shapes","floor":35,"turns":3},{"damage":1,"enemies":"Orb Walker","floor":36,"turns":2},{"damage":12,"enemies":"Writhing Mass","floor":38,"turns":2},{"damage":35,"enemies":"Nemesis","floor":40,"turns":5},{"damage":0,"enemies":"Transient","floor":42,"turns":5},{"damage":0,"enemies":"Sphere and 2 Shapes","floor":45,"turns":4},{"damage":0,"enemies":"Mind Bloom Boss Battle","floor":46,"turns":4},{"damage":10,"enemies":"Maw","floor":48,"turns":7},{"damage":54,"enemies":"Time Eater","floor":50,"turns":8},{"damage":9,"enemies":"Shield and Spear","floor":54,"turns":4},{"damage":81,"enemies":"The Heart","floor":55,"turns":5}],"seed_played":"4828711133543147313","potions_obtained":[{"floor":2,"key":"SpeedPotion"},{"floor":3,"key":"FearPotion"},{"floor":13,"key":"Ancient Potion"},{"floor":16,"key":"Block Potion"},{"floor":21,"key":"GamblersBrew"},{"floor":33,"key":"LiquidBronze"},{"floor":35,"key":"Dexterity Potion"},{"floor":36,"key":"AttackPotion"},{"floor":54,"key":"Fire Potion"}],"is_trial":false,"path_per_floor":["M","M","M","$","?","E","R","E","T","E","M","T","M","?","R","B",null,"M","?","$","M","M","E","R","M","T","R","?","M","$","M","R","B",null,"M","M","$","M","$","E","R","M","T","R","M","?","$","M","R","B",null,"R","$","E","B"],"character_chosen":"DEFECT","items_purchased":["Orichalcum","Storm","Conserve Battery+1","Bag of Preparation","Redo+1","Transmutation+1","SkillPotion"],"campfire_rested":3,"item_purchase_floors":[4,30,30,37,39,47,47],"current_hp_per_floor":[75,74,73,73,66,40,40,34,41,32,25,25,15,15,39,17,82,79,79,79,72,51,17,41,43,43,43,43,53,53,55,55,38,82,82,81,81,70,70,49,73,75,75,75,77,79,79,71,71,31,82,82,82,73,0],"gold":60,"neow_bonus":"ONE_RANDOM_RARE_CARD","is_prod":false,"is_daily":false,"chose_seed":false,"campfire_upgraded":3,"win_rate":0,"timestamp":1554595407,"path_taken":["M","M","M","$","?","E","R","E","T","E","M","?","M","?","R","BOSS","M","?","$","M","M","E","R","M","T","R","?","M","$","M","R","BOSS","M","M","$","M","$","E","R","M","T","R","?","?","$","M","R","BOSS","R","$","E","BOSS"],"build_version":"2019-01-23","purchased_purges":1,"victory":false,"max_hp_per_floor":[75,75,75,75,75,75,75,75,82,82,82,82,82,82,82,82,82,82,82,82,82,82,82,82,82,82,82,82,82,82,82,82,82,82,82,82,82,82,82,82,82,82,82,82,82,82,82,82,82,82,82,82,82,82,82],"card_choices":[{"not_picked":["Redo","Scrape","Heatsinks"],"picked":"SKIP","floor":1},{"not_picked":["Stack","Gash"],"picked":"Coolheaded","floor":2},{"not_picked":["Thunder Strike","Storm"],"picked":"Compile Driver","floor":3},{"not_picked":["Barrage","Darkness"],"picked":"Ball Lightning","floor":6},{"not_picked":["Steam Power+1","Ball Lightning"],"picked":"Reboot+1","floor":8},{"not_picked":["Turbo+1","Redo+1"],"picked":"White Noise+1","floor":10},{"not_picked":["Sweeping Beam","Stack+1"],"picked":"Hologram+1","floor":11},{"not_picked":["Gash","Ball Lightning"],"picked":"White Noise+1","floor":13},{"not_picked":["All For One","Buffer"],"picked":"Seek+1","floor":16},{"not_picked":["Gash","Genetic Algorithm+1","Beam Cell"],"picked":"SKIP","floor":18},{"not_picked":["Barrage+1","Streamline"],"picked":"Chaos+1","floor":21},{"not_picked":["Go for the Eyes","Melter"],"picked":"Chill+1","floor":22},{"not_picked":["Cold Snap","Conserve Battery+1"],"picked":"Storm+1","floor":23},{"not_picked":["Sunder+1","Gash+1"],"picked":"Conserve Battery+1","floor":25},{"not_picked":["Auto Shields+1","Leap+1"],"picked":"Undo+1","floor":29},{"not_picked":["Heatsinks+1","Ball Lightning+1"],"picked":"Skim+1","floor":31},{"not_picked":["Hyperbeam","All For One"],"picked":"Fission+1","floor":33},{"not_picked":["Reinforced Body+1","Conserve Battery+1"],"picked":"Fusion+1","floor":35},{"not_picked":["Consume+1","Skim+1"],"picked":"Hologram+1","floor":36},{"not_picked":["Coolheaded+1","Beam Cell+1"],"picked":"Loop+1","floor":38},{"not_picked":["Rip and Tear","Beam Cell+1"],"picked":"Force Field+1","floor":40},{"not_picked":["Doom and Gloom","Barrage","Genetic Algorithm+1"],"picked":"SKIP","floor":42},{"not_picked":["Leap+1","Coolheaded+1","Beam Cell+1"],"picked":"SKIP","floor":45},{"not_picked":["Rebound+1","Go for the Eyes+1"],"picked":"Creative AI","floor":48},{"not_picked":["Blizzard","Coolheaded+1"],"picked":"FTL+1","floor":54}],"player_experience":1222225,"relics_obtained":[{"floor":6,"key":"Toxic Egg 2"},{"floor":8,"key":"Bottled Lightning"},{"floor":9,"key":"Strawberry"},{"floor":10,"key":"Kunai"},{"floor":12,"key":"Blood Vial"},{"floor":23,"key":"DataDisk"},{"floor":26,"key":"Meat on the Bone"},{"floor":40,"key":"Art of War"},{"floor":40,"key":"StoneCalendar"},{"floor":46,"key":"Shovel"},{"floor":49,"key":"Pen Nib"},{"floor":52,"key":"Ornamental Fan"},{"floor":54,"key":"Boot"},{"floor":54,"key":"Symbiotic Virus"}],"event_choices":[{"damage_healed":0,"gold_gain":0,"player_choice":"Success","damage_taken":7,"relics_obtained":["Centennial Puzzle"],"max_hp_gain":0,"max_hp_loss":0,"event_name":"Scrap Ooze","floor":5,"gold_loss":0},{"damage_healed":0,"gold_gain":0,"player_choice":"Ignored","damage_taken":0,"max_hp_gain":0,"max_hp_loss":0,"event_name":"Golden Idol","floor":14,"gold_loss":0},{"damage_healed":0,"gold_gain":0,"player_choice":"Simplicity","damage_taken":0,"max_hp_gain":0,"max_hp_loss":0,"event_name":"Back to Basics","floor":19,"gold_loss":0,"cards_upgraded":["Strike_B","Strike_B","Strike_B","Strike_B","Defend_B","Defend_B","Defend_B","Defend_B"]},{"damage_healed":0,"gold_gain":0,"player_choice":"Upgraded Two","damage_taken":0,"max_hp_gain":0,"max_hp_loss":0,"event_name":"Designer","floor":28,"gold_loss":40,"cards_upgraded":["Meteor Strike","Compile Driver"]},{"damage_healed":0,"gold_gain":0,"player_choice":"Fight","damage_taken":0,"max_hp_gain":0,"max_hp_loss":0,"event_name":"MindBloom","floor":46,"gold_loss":0}],"is_beta":false,"boss_relics":[{"not_picked":["Velvet Choker","Eternal Feather"],"picked":"Inserter"},{"not_picked":["Snecko Eye","White Beast Statue"],"picked":"Black Star"}],"items_purged_floors":[30],"is_endless":false,"potions_floor_spawned":[2,3,13,16,21,33,35,36,54],"killed_by":"The Heart","ascension_level":1}