{"gold_per_floor":[110,110,122,133,82,82,96,43,43,43,77,77,77,93,93,93],"floor_reached":16,"playtime":612,"items_purged":[],"score":200,"play_id":"de0cdc6c-1cb4-49a7-bd56-da5e0c326f84","local_time":"20190317172813","is_ascension_mode":true,"campfire_choices":[{"data":"Bash","floor":6,"key":"SMITH"},{"floor":13,"key":"REST"},{"floor":15,"key":"DIG"}],"neow_cost":"TEN_PERCENT_HP_LOSS","seed_source_timestamp":909386339260179,"circlet_count":0,"master_deck":["AscendersBane","Strike_R","Strike_R","Strike_R","Strike_R","Strike_R","Defend_R","Defend_R","Defend_R","Defend_R","Bash+1","Twin Strike","Shrug It Off"],"relics":["Burning Blood","Shovel","FaceOfCleric","Pear","Omamori","Smiling Mask"],"potions_floor_usage":[11,14,16],"damage_taken":[{"damage":18,"enemies":"Small Slimes","floor":1,"turns":5},{"damage":7,"enemies":"Cultist","floor":3,"turns":4},{"damage":16,"enemies":"Jaw Worm","floor":4,"turns":4},{"damage":7,"enemies":"Looter","floor":7,"turns":3},{"damage":52,"enemies":"Lagavulin","floor":11,"turns":6},{"damage":6,"enemies":"2 Fungi Beasts","floor":14,"turns":3},{"damage":35,"enemies":"Slime Boss","floor":16,"turns":8}],"seed_played":"425169368167770602","potions_obtained":[{"floor":4,"key":"SneckoOil"},{"floor":11,"key":"Poison Potion"},{"floor":14,"key":"Fire Potion"}],"is_trial":false,"path_per_floor":["M","?","M","M","?","R","M","$","T","?","E","?","R","M","R","B"],"character_chosen":"IRONCLAD","items_purchased":["Shrug It Off"],"campfire_rested":1,"item_purchase_floors":[8],"current_hp_per_floor":[56,56,56,47,47,47,47,47,57,57,12,12,36,37,37,2],"gold":93,"neow_bonus":"ONE_RARE_RELIC","is_prod":false,"is_daily":false,"chose_seed":false,"campfire_upgraded":1,"win_rate":0,"timestamp":1552811293,"path_taken":["M","?","?","M","?","R","M","$","T","?","E","?","R","M","R","BOSS"],"build_version":"2019-01-23","purchased_purges":0,"victory":false,"max_hp_per_floor":[68,68,69,70,70,70,71,71,81,81,82,82,82,83,83,83],"card_choices":[{"not_picked":["Intimidate","Body Slam"],"picked":"Twin Strike","floor":1},{"not_picked":["Sever Soul","Body Slam","Flex"],"picked":"SKIP","floor":3},{"not_picked":["Wild Strike","Barricade","Sword Boomerang"],"picked":"SKIP","floor":4},{"not_picked":["Searing Blow","Hemokinesis","Sentinel"],"picked":"SKIP","floor":7},{"not_picked":["Body Slam","True Grit","Flex"],"picked":"SKIP","floor":11},{"not_picked":["Thunderclap","Wild Strike","Havoc"],"picked":"SKIP","floor":14}],"player_experience":724441,"relics_obtained":[{"floor":9,"key":"Pear"},{"floor":11,"key":"Omamori"},{"floor":15,"key":"Smiling Mask"}],"event_choices":[{"damage_healed":0,"gold_gain":0,"player_choice":"Trade","damage_taken":0,"relics_obtained":["FaceOfCleric"],"max_hp_gain":0,"max_hp_loss":0,"event_name":"FaceTrader","floor":2,"gold_loss":0},{"damage_healed":0,"gold_gain":0,"player_choice":"Left Gold","damage_taken":0,"max_hp_gain":0,"max_hp_loss":0,"event_name":"World of Goop","floor":5,"gold_loss":51},{"damage_healed":0,"gold_gain":0,"player_choice":"Ignored","damage_taken":0,"max_hp_gain":0,"max_hp_loss":0,"event_name":"Liars Game","floor":10,"gold_loss":0},{"damage_healed":0,"gold_gain":0,"player_choice":"Fled","damage_taken":0,"max_hp_gain":0,"max_hp_loss":0,"event_name":"Scrap Ooze","floor":12,"gold_loss":0}],"is_beta":false,"boss_relics":[],"items_purged_floors":[],"is_endless":false,"potions_floor_spawned":[4,11,14],"killed_by":"Slime Boss","ascension_level":20}