{"gold_per_floor":[114,43,43,8,27,27,61,61,61,79,94,46,62,90,90,188,188,143,143,143,143,68,68,68,0,0,0,0,0,0,0,0,0,0,0,0,0,0,0,0,0,0,0,0,0,0,0,0,0,0],"floor_reached":51,"playtime":3643,"items_purged":["Strike_B"],"score":705,"play_id":"fc790f95-86c5-477b-8fd7-74954c45ad9f","local_time":"20180824224305","is_ascension_mode":false,"campfire_choices":[{"data":"Hologram","floor":6.0,"key":"SMITH"},{"data":"Streamline","floor":8.0,"key":"SMITH"},{"data":"Zap","floor":15.0,"key":"SMITH"},{"floor":24.0,"key":"REST"},{"floor":27.0,"key":"REST"},{"floor":29.0,"key":"REST"},{"floor":32.0,"key":"REST"},{"floor":40.0,"key":"REST"},{"floor":44.0,"key":"REST"},{"floor":47.0,"key":"REST"},{"floor":49.0,"key":"REST"}],"neow_cost":"NONE","seed_source_timestamp":1835062653739,"circlet_count":0,"master_deck":["Strike_B","Strike_B","Strike_B+1","Defend_B","Defend_B","Defend_B","Defend_B","Zap+1","Dualcast","Beam Cell+1","Streamline+1","Hologram+1","Leap","Ball Lightning","Coolheaded+1","Gash","Stack","Gash","Hologram","Redo+1"],"special_seed":0,"relics":["FrozenCore","Boot","Matryoshka","Whetstone","Frozen Egg 2","Bottled Lightning","Ectoplasm","Dodecahedron","Centennial Puzzle","Oddly Smooth Stone","Nilry\u0027s Codex","The Courier","Smiling Mask","Happy Flower"],"potions_floor_usage":[50,50],"damage_taken":[{"damage":8.0,"enemies":"Jaw Worm","floor":1.0,"turns":4.0},{"damage":0.0,"enemies":"Small Slimes","floor":5.0,"turns":2.0},{"damage":14.0,"enemies":"Gremlin Nob","floor":7.0,"turns":4.0},{"damage":0.0,"enemies":"2 Louse","floor":10.0,"turns":2.0},{"damage":3.0,"enemies":"Exordium Thugs","floor":11.0,"turns":3.0},{"damage":9.0,"enemies":"Gremlin Gang","floor":13.0,"turns":4.0},{"damage":2.0,"enemies":"3 Sentries","floor":14.0,"turns":6.0},{"damage":20.0,"enemies":"Slime Boss","floor":16.0,"turns":9.0},{"damage":15.0,"enemies":"2 Thieves","floor":18.0,"turns":3.0},{"damage":5.0,"enemies":"3 Byrds","floor":20.0,"turns":3.0},{"damage":54.0,"enemies":"Gremlin Leader","floor":23.0,"turns":10.0},{"damage":22.0,"enemies":"3 Cultists","floor":28.0,"turns":5.0},{"damage":0.0,"enemies":"Chosen and Byrds","floor":30.0,"turns":4.0},{"damage":25.0,"enemies":"Champ","floor":33.0,"turns":10.0},{"damage":27.0,"enemies":"3 Darklings","floor":35.0,"turns":5.0},{"damage":12.0,"enemies":"Orb Walker","floor":37.0,"turns":4.0},{"damage":0.0,"enemies":"3 Darklings","floor":38.0,"turns":6.0},{"damage":44.0,"enemies":"Maw","floor":39.0,"turns":9.0},{"damage":63.0,"enemies":"Giant Head","floor":42.0,"turns":9.0},{"damage":20.0,"enemies":"Transient","floor":46.0,"turns":5.0},{"damage":13.0,"enemies":"3 Darklings","floor":48.0,"turns":5.0},{"damage":40,"enemies":"Awakened One","floor":50,"turns":18}],"seed_played":"5151717751717330696","potions_obtained":[{"floor":0.0,"key":"Fruit Juice"},{"floor":0.0,"key":"FairyPotion"},{"floor":0.0,"key":"Strength Potion"},{"floor":5.0,"key":"Weak Potion"},{"floor":7.0,"key":"Weak Potion"},{"floor":11.0,"key":"EssenceOfSteel"},{"floor":16.0,"key":"Ancient Potion"},{"floor":30.0,"key":"LiquidBronze"},{"floor":35.0,"key":"Fire Potion"},{"floor":37.0,"key":"Regen Potion"},{"floor":39.0,"key":"PowerPotion"},{"floor":48.0,"key":"Weak Potion"}],"is_trial":false,"path_per_floor":["M","$","?","?","M","R","E","R","T","M","M","$","M","E","R","B",null,"M","?","M","?","$","E","R","?","T","R","M","R","M","?","R","B",null,"M","$","M","M","M","R","?","E","T","R","T","M","R","M","R","B"],"character_chosen":"DEFECT","items_purchased":["Streamline","Hologram","Coolheaded"],"campfire_rested":8,"item_purchase_floors":[2,2,12],"current_hp_per_floor":[72,72,65,80,80,80,66,66,66,66,63,63,54,52,52,32,80,65,65,60,60,60,6,30,30,30,54,32,56,56,40,64,39,80,53,53,41,56,19,43,43,8,8,32,32,12,36,23,47,7],"gold":0,"neow_bonus":"THREE_SMALL_POTIONS","is_prod":false,"is_daily":false,"chose_seed":false,"campfire_upgraded":3,"win_rate":0,"timestamp":1535121785,"path_taken":["M","$","?","?","?","R","E","R","T","M","?","$","M","E","R","BOSS","M","?","M","?","$","E","R","?","T","R","M","R","M","?","R","BOSS","M","?","M","M","?","R","?","E","T","R","?","?","R","M","R","BOSS"],"build_version":"2018-08-23v2","purchased_purges":1,"victory":true,"max_hp_per_floor":[80,80,80,80,80,80,80,80,80,80,80,80,80,80,80,80,80,80,80,80,80,80,80,80,80,80,80,80,80,80,80,80,80,80,80,80,80,80,80,80,80,80,80,80,80,80,80,80,80,80],"card_choices":[{"not_picked":["Barrage","Darkness"],"picked":"Beam Cell","floor":1.0},{"not_picked":["Compile Driver","Skim"],"picked":"Leap","floor":5.0},{"not_picked":["Capacitor","Scrape","Core Surge"],"picked":"SKIP","floor":7.0},{"not_picked":["Streamline","Conserve Battery","Tempest"],"picked":"SKIP","floor":10.0},{"not_picked":["FTL","Leap"],"picked":"Ball Lightning","floor":11.0},{"not_picked":["Sunder","Auto Shields","Turbo"],"picked":"SKIP","floor":13.0},{"not_picked":["FTL","Rebound"],"picked":"Gash","floor":14.0},{"not_picked":["Barrage+1","Leap","Sweeping Beam+1"],"picked":"SKIP","floor":18.0},{"not_picked":["Cold Snap","Recycle","Conserve Battery"],"picked":"SKIP","floor":20.0},{"not_picked":["Heatsinks+1","FTL+1"],"picked":"Stack","floor":23.0},{"not_picked":["Fusion","Beam Cell"],"picked":"Gash","floor":28.0},{"not_picked":["Steam Power+1","Ball Lightning+1"],"picked":"Hologram","floor":30.0},{"not_picked":["Conserve Battery","Ball Lightning","Barrage+1"],"picked":"SKIP","floor":35.0},{"not_picked":["Ball Lightning+1","Compile Driver+1","Redo+1"],"picked":"SKIP","floor":37.0},{"not_picked":["Compile Driver","Streamline+1","Consume"],"picked":"SKIP","floor":38.0},{"not_picked":["All For One","Reprogram","Defragment+1"],"picked":"SKIP","floor":39.0},{"not_picked":["Scrape","All For One","Rip and Tear"],"picked":"SKIP","floor":42.0},{"not_picked":["Sweeping Beam","Leap"],"picked":"Redo+1","floor":46.0},{"not_picked":["Scrape+1","Conserve Battery+1","Darkness+1"],"picked":"SKIP","floor":48.0}],"player_experience":331497,"relics_obtained":[{"floor":7.0,"key":"Matryoshka"},{"floor":9.0,"key":"Whetstone"},{"floor":9.0,"key":"Frozen Egg 2"},{"floor":14.0,"key":"Bottled Lightning"},{"floor":23.0,"key":"Dodecahedron"},{"floor":26.0,"key":"Centennial Puzzle"},{"floor":26.0,"key":"Oddly Smooth Stone"},{"floor":31.0,"key":"Nilry\u0027s Codex"},{"floor":42.0,"key":"The Courier"},{"floor":43.0,"key":"Smiling Mask"},{"floor":45.0,"key":"Happy Flower"}],"event_choices":[{"event_name":"Scrap Ooze","player_choice":"success","floor":3.0,"damage_taken":7.0},{"event_name":"The Cleric","player_choice":"Healed","floor":4.0,"damage_taken":0.0},{"event_name":"Upgrade Shrine","player_choice":"Upgraded","floor":19.0,"damage_taken":0.0},{"event_name":"Ghosts","player_choice":"Ignored","floor":21.0,"damage_taken":0.0},{"event_name":"Masked Bandits","player_choice":"Paid Fearfully","floor":25.0,"damage_taken":0.0},{"event_name":"Cursed Tome","player_choice":"Obtained Book","floor":31.0,"damage_taken":0.0},{"event_name":"Mysterious Sphere","player_choice":"Ignore","floor":41.0,"damage_taken":0.0}],"is_beta":false,"boss_relics":[{"not_picked":["Orrery","Astrolabe"],"picked":"Ectoplasm"},{"not_picked":["Runic Dome","Fusion Hammer"],"picked":"FrozenCore"}],"items_purged_floors":[22],"is_endless":false,"potions_floor_spawned":[5,7,11,16,18,23,30,35,37,39,48],"ascension_level":0}