{"gold_per_floor":[109,109,121,141,158,190,190,207,207,207,226,0,0,30,30,30],"floor_reached":16,"playtime":592,"items_purged":[],"score":274,"play_id":"ae91bdf4-a1d2-4cb0-ab0b-95974ce3d73e","local_time":"20190511172401","is_ascension_mode":true,"campfire_choices":[{"data":"Armaments","floor":7,"key":"SMITH"},{"data":"Immolate","floor":13,"key":"SMITH"},{"data":"Shockwave","floor":15,"key":"SMITH"}],"neow_cost":"TEN_PERCENT_HP_LOSS","seed_source_timestamp":458493648503900,"circlet_count":0,"master_deck":["AscendersBane","Strike_R","Strike_R","Strike_R","Strike_R","Strike_R","Defend_R","Defend_R","Defend_R","Defend_R","Bash","Immolate+1","Clothesline","Shockwave+1","True Grit","Shockwave","Armaments+1","Headbutt","Flame Barrier","Shrug It Off"],"relics":["Burning Blood","Orichalcum","Darkstone Periapt","CultistMask","PreservedInsect"],"potions_floor_usage":[5,5,14,14,16],"damage_taken":[{"damage":0,"enemies":"Small Slimes","floor":1,"turns":2},{"damage":0,"enemies":"Cultist","floor":3,"turns":3},{"damage":0,"enemies":"2 Louse","floor":4,"turns":1},{"damage":4,"enemies":"Exordium Thugs","floor":5,"turns":3},{"damage":50,"enemies":"Gremlin Nob","floor":6,"turns":5},{"damage":4,"enemies":"Looter","floor":8,"turns":3},{"damage":6,"enemies":"Lots of Slimes","floor":11,"turns":2},{"damage":0,"enemies":"Lagavulin","floor":14,"turns":4},{"damage":35,"enemies":"Slime Boss","floor":16,"turns":10}],"seed_played":"4145774997579116629","potions_obtained":[{"floor":1,"key":"FearPotion"},{"floor":4,"key":"Block Potion"},{"floor":8,"key":"Explosive Potion"},{"floor":14,"key":"Dexterity Potion"}],"is_trial":false,"path_per_floor":["M","?","M","M","M","E","R","M","T","?","M","$","R","E","R","B"],"character_chosen":"IRONCLAD","items_purchased":["PreservedInsect","SteroidPotion"],"campfire_rested":0,"item_purchase_floors":[12,12],"current_hp_per_floor":[68,68,68,68,68,24,24,26,26,26,26,26,26,32,32,0],"gold":30,"neow_bonus":"THREE_RARE_CARDS","is_prod":false,"is_daily":false,"chose_seed":false,"campfire_upgraded":3,"win_rate":0,"timestamp":1557563041,"path_taken":["M","?","M","?","M","E","R","M","T","?","M","?","R","E","R","BOSS"],"build_version":"2019-01-23","purchased_purges":0,"victory":false,"max_hp_per_floor":[68,68,68,68,68,68,68,68,68,68,68,68,68,68,68,68],"card_choices":[{"not_picked":["Reaper","Limit Break"],"picked":"Immolate","floor":0},{"not_picked":["Sentinel","Fire Breathing","Flex"],"picked":"SKIP","floor":1},{"not_picked":["Rupture","Dual Wield"],"picked":"Shockwave","floor":3},{"not_picked":["Anger","Pommel Strike"],"picked":"True Grit","floor":4},{"not_picked":["Pommel Strike","Carnage"],"picked":"Shockwave","floor":5},{"not_picked":["Thunderclap","Brutality"],"picked":"Armaments","floor":6},{"not_picked":["Anger","Twin Strike"],"picked":"Headbutt","floor":8},{"not_picked":["Flex","Second Wind"],"picked":"Flame Barrier","floor":11},{"not_picked":["Twin Strike","Combust"],"picked":"Shrug It Off","floor":14}],"player_experience":1337753,"relics_obtained":[{"floor":6,"key":"Orichalcum"},{"floor":9,"key":"Darkstone Periapt"}],"event_choices":[{"damage_healed":0,"gold_gain":0,"player_choice":"1 cards matched","damage_taken":0,"max_hp_gain":0,"max_hp_loss":0,"event_name":"Match and Keep!","floor":2,"gold_loss":0,"cards_obtained":["Clothesline"]},{"damage_healed":0,"gold_gain":0,"player_choice":"Trade","damage_taken":0,"relics_obtained":["CultistMask"],"max_hp_gain":0,"max_hp_loss":0,"event_name":"FaceTrader","floor":10,"gold_loss":0}],"is_beta":false,"boss_relics":[],"items_purged_floors":[],"is_endless":false,"potions_floor_spawned":[1,4,8,14],"killed_by":"Slime Boss","ascension_level":20}