{"gold_per_floor":[212,212,222,45,62,62,8,42,68,68,68,68,87,97,97,195,195,209,226,51,151,163,163,190,190,217,235,251,251,262,262,262,262],"floor_reached":33,"playtime":1939,"items_purged":["Strike_B","Defend_B"],"score":294,"play_id":"a27c6284-6f67-4586-a562-2ad9115025cb","local_time":"20181004192550","is_ascension_mode":true,"campfire_choices":[{"data":"Barrage","floor":6,"key":"SMITH"},{"data":"Go for the Eyes","floor":11,"key":"SMITH"},{"floor":15,"key":"REST"},{"floor":23,"key":"REST"},{"floor":25,"key":"REST"},{"floor":29,"key":"REST"},{"floor":32,"key":"REST"}],"neow_cost":"NONE","seed_source_timestamp":429700098917253,"circlet_count":0,"master_deck":["Strike_B+1","Defend_B","Defend_B+1","Defend_B","Zap","Leap","Barrage+1","Go for the Eyes+1","Barrage+1","Turbo+1","Barrage","Conserve Battery+1","Static Discharge","Melter","Cold Snap","Ball Lightning","BootSequence"],"relics":["Cracked Core","Orichalcum","War Paint","Empty Cage","Oddly Smooth Stone","Smiling Mask"],"potions_floor_usage":[8,16,22,22,24,28,33],"damage_taken":[{"damage":2,"enemies":"2 Louse","floor":1,"turns":2},{"damage":2,"enemies":"Jaw Worm","floor":3,"turns":4},{"damage":0,"enemies":"Cultist","floor":5,"turns":4},{"damage":14,"enemies":"Lagavulin","floor":8,"turns":6},{"damage":0,"enemies":"Blue Slaver","floor":13,"turns":3},{"damage":7,"enemies":"Exordium Wildlife","floor":14,"turns":4},{"damage":8,"enemies":"The Guardian","floor":16,"turns":11},{"damage":31,"enemies":"2 Thieves","floor":18,"turns":5},{"damage":22,"enemies":"Chosen","floor":19,"turns":7},{"damage":15,"enemies":"Snecko","floor":22,"turns":5},{"damage":40,"enemies":"Gremlin Leader","floor":24,"turns":7},{"damage":21,"enemies":"3 Cultists","floor":27,"turns":5},{"damage":4,"enemies":"Centurion and Healer","floor":28,"turns":6},{"damage":0,"enemies":"Snecko","floor":30,"turns":5},{"damage":70,"enemies":"Champ","floor":33,"turns":11}],"seed_played":"-5685665231583389813","potions_obtained":[{"floor":8,"key":"Dexterity Potion"},{"floor":14,"key":"FearPotion"},{"floor":16,"key":"Dexterity Potion"},{"floor":19,"key":"Fire Potion"},{"floor":22,"key":"Regen Potion"},{"floor":27,"key":"EssenceOfSteel"},{"floor":30,"key":"Ancient Potion"}],"is_trial":false,"path_per_floor":["M","?","M","$","M","R","$","E","T","?","R","?","M","M","R","B",null,"M","M","$","?","M","R","E","R","T","M","M","R","M","?","R"],"character_chosen":"DEFECT","items_purchased":["SpeedPotion","Explosive Potion","Barrage","Static Discharge"],"campfire_rested":5,"item_purchase_floors":[4,4,7,20],"current_hp_per_floor":[73,66,64,64,64,64,64,50,50,35,35,35,35,28,50,42,75,44,22,22,22,7,29,4,26,26,5,1,23,23,23,45,0],"gold":262,"neow_bonus":"HUNDRED_GOLD","is_prod":false,"is_daily":false,"chose_seed":false,"campfire_upgraded":2,"win_rate":0,"timestamp":1538673950,"path_taken":["M","?","M","$","M","R","$","E","T","?","R","?","M","?","R","BOSS","M","M","$","?","M","R","E","R","T","M","M","R","M","?","R","BOSS"],"build_version":"2018-09-27","purchased_purges":2,"victory":false,"max_hp_per_floor":[75,75,75,75,75,75,75,75,75,75,75,75,75,75,75,75,75,75,75,75,75,75,75,75,75,75,75,75,75,75,75,75,75],"card_choices":[{"not_picked":["Sweeping Beam","Go for the Eyes"],"picked":"Leap","floor":1},{"not_picked":["Skim","Double Energy"],"picked":"Barrage","floor":3},{"not_picked":["Force Field","Double Energy"],"picked":"Go for the Eyes","floor":5},{"not_picked":["Hologram","Go for the Eyes"],"picked":"Turbo","floor":8},{"not_picked":["Gash","Stack","Compile Driver"],"picked":"SKIP","floor":13},{"not_picked":["Compile Driver","FTL"],"picked":"Barrage","floor":14},{"not_picked":["Beam Cell","Skim+1","Force Field"],"picked":"SKIP","floor":18},{"not_picked":["Cold Snap","Scrape+1"],"picked":"Conserve Battery+1","floor":19},{"not_picked":["Coolheaded+1","Rebound+1"],"picked":"Melter","floor":22},{"not_picked":["Rainbow","Darkness","Recycle"],"picked":"SKIP","floor":24},{"not_picked":["Beam Cell","Gash+1"],"picked":"Cold Snap","floor":27},{"not_picked":["Coolheaded","Leap"],"picked":"Ball Lightning","floor":28},{"not_picked":["Compile Driver","Stack"],"picked":"BootSequence","floor":30}],"player_experience":143941,"relics_obtained":[{"floor":8,"key":"Orichalcum"},{"floor":9,"key":"War Paint"},{"floor":24,"key":"Oddly Smooth Stone"},{"floor":26,"key":"Smiling Mask"}],"event_choices":[{"event_name":"Golden Wing","player_choice":"Card Removal","floor":2,"damage_taken":0},{"event_name":"Shining Light","player_choice":"Entered Light","floor":10,"damage_taken":0},{"event_name":"Liars Game","player_choice":"disagreed","floor":12,"damage_taken":0},{"event_name":"Golden Shrine","player_choice":"Pray","floor":21,"damage_taken":0},{"event_name":"Cursed Tome","player_choice":"Ignored","floor":31,"damage_taken":0}],"is_beta":false,"boss_relics":[{"not_picked":["Astrolabe","Ectoplasm"],"picked":"Empty Cage"}],"items_purged_floors":[4,20],"is_endless":false,"potions_floor_spawned":[8,14,16,19,22,27,30],"killed_by":"Champ","ascension_level":2}