{"gold_per_floor":[209,219,369,132,150,150,181,181,181,144,144,156,185,205,205,276,276,293,308,308],"floor_reached":20,"playtime":989,"items_purged":["Doubt"],"score":368,"play_id":"e2e52d9d-175d-438d-91e4-441b8ab54190","local_time":"20190318122828","is_ascension_mode":true,"campfire_choices":[{"data":"Shockwave","floor":6,"key":"SMITH"},{"data":"Inflame","floor":8,"key":"SMITH"},{"floor":15,"key":"REST"}],"neow_cost":"NONE","seed_source_timestamp":977426575672981,"circlet_count":0,"master_deck":["AscendersBane","Bash","Shockwave+1","Clothesline","Offering","Inflame+1","Shrug It Off","Uppercut","Anger","Battle Trance","Evolve","Disarm","Clothesline","Battle Trance","Inflame","Feel No Pain","Wild Strike","Shrug It Off"],"relics":["Burning Blood","Bottled Tornado","Omamori","Pandora\u0027s Box"],"potions_floor_usage":[12,16,20,20],"damage_taken":[{"damage":0,"enemies":"Small Slimes","floor":1,"turns":3},{"damage":6,"enemies":"2 Louse","floor":2,"turns":4},{"damage":6,"enemies":"Cultist","floor":5,"turns":3},{"damage":29,"enemies":"Gremlin Nob","floor":7,"turns":4},{"damage":15,"enemies":"Lots of Slimes","floor":12,"turns":7},{"damage":23,"enemies":"Lagavulin","floor":13,"turns":6},{"damage":32,"enemies":"Gremlin Gang","floor":14,"turns":4},{"damage":29,"enemies":"Hexaghost","floor":16,"turns":9},{"damage":32,"enemies":"3 Byrds","floor":18,"turns":7},{"damage":27,"enemies":"Spheric Guardian","floor":19,"turns":5},{"damage":26,"enemies":"3 Cultists","floor":20,"turns":4}],"seed_played":"-3602379478777755963","potions_obtained":[{"floor":1,"key":"Fire Potion"},{"floor":2,"key":"Regen Potion"},{"floor":13,"key":"Regen Potion"},{"floor":16,"key":"PowerPotion"}],"is_trial":false,"path_per_floor":["M","M","?","$","M","R","E","R","T","?","?","M","E","M","R","B",null,"M","M","M"],"character_chosen":"IRONCLAD","items_purchased":["Offering","Inflame"],"campfire_rested":1,"item_purchase_floors":[4,4],"current_hp_per_floor":[74,74,74,74,74,74,51,51,51,51,51,57,40,14,36,28,63,37,16,0],"gold":308,"neow_bonus":"HUNDRED_GOLD","is_prod":false,"is_daily":false,"chose_seed":false,"campfire_upgraded":2,"win_rate":0,"timestamp":1552879708,"path_taken":["M","M","?","$","M","R","E","R","T","?","?","M","E","M","R","BOSS","M","?","?"],"build_version":"2019-01-23","purchased_purges":1,"victory":false,"max_hp_per_floor":[75,75,75,75,75,75,75,75,75,75,75,75,75,75,75,75,75,75,75,75],"card_choices":[{"not_picked":["Bloodletting","Pommel Strike"],"picked":"Shockwave","floor":1},{"not_picked":["Perfected Strike","Sword Boomerang"],"picked":"Clothesline","floor":2},{"not_picked":["Inflame","Pummel"],"picked":"Shrug It Off","floor":5},{"not_picked":["Armaments","Havoc","Brutality"],"picked":"SKIP","floor":7},{"not_picked":["Clash","Thunderclap","True Grit"],"picked":"SKIP","floor":12},{"not_picked":["Clothesline","Barricade","Searing Blow"],"picked":"SKIP","floor":13},{"not_picked":["Anger","Intimidate","Flex"],"picked":"SKIP","floor":14},{"not_picked":["Intimidate","Flex"],"picked":"Anger","floor":14},{"not_picked":["Metallicize","Sword Boomerang"],"picked":"Shrug It Off","floor":18},{"not_picked":["Warcry","Body Slam","Rupture"],"picked":"SKIP","floor":19}],"player_experience":733596,"relics_obtained":[{"floor":7,"key":"Bottled Tornado"},{"floor":13,"key":"Omamori"}],"event_choices":[{"damage_healed":0,"gold_gain":150,"player_choice":"AGREE","damage_taken":0,"max_hp_gain":0,"max_hp_loss":0,"event_name":"Liars Game","floor":3,"gold_loss":0,"cards_obtained":["Doubt"]},{"damage_healed":0,"gold_gain":0,"player_choice":"Left Gold","damage_taken":0,"max_hp_gain":0,"max_hp_loss":0,"event_name":"World of Goop","floor":10,"gold_loss":37},{"damage_healed":0,"gold_gain":0,"cards_transformed":["Strike_R"],"player_choice":"Transformed","damage_taken":0,"max_hp_gain":0,"max_hp_loss":0,"event_name":"Transmorgrifier","floor":11,"gold_loss":0,"cards_obtained":["Uppercut"]}],"is_beta":false,"boss_relics":[{"not_picked":["Lizard Tail","Empty Cage"],"picked":"Pandora\u0027s Box"}],"items_purged_floors":[4],"is_endless":false,"potions_floor_spawned":[1,2,13,16,18],"killed_by":"3 Cultists","ascension_level":20}