{"gold_per_floor":[211,222,222,236,246,43,43,43,73,99,99,111,111,111,111,235,235,248,248,92,92,92,92,105,119,119,119,119,149,149,35,35,130,130,143,143,160,160,40,40,40],"floor_reached":41,"playtime":1894,"items_purged":["Darkness"],"score":405,"play_id":"f395f25f-d50b-4cb6-b5d3-3a0659dacd83","local_time":"20181213001518","is_ascension_mode":false,"campfire_choices":[{"data":"Zap","floor":7,"key":"SMITH"},{"floor":13,"key":"REST"},{"data":"Hologram","floor":15,"key":"SMITH"},{"data":"Barrage","floor":23,"key":"SMITH"},{"data":"Aggregate","floor":27,"key":"SMITH"},{"data":"Dualcast","floor":30,"key":"SMITH"},{"floor":32,"key":"REST"},{"data":"Madness","floor":40,"key":"SMITH"}],"neow_cost":"NONE","seed_source_timestamp":1204887655620712,"circlet_count":0,"master_deck":["Zap+1","Dualcast+1","Coolheaded+1","Reinforced Body","Ball Lightning","Cold Snap","Hologram+1","Coolheaded","Cold Snap","Go for the Eyes","Turbo","Barrage+1","Conserve Battery","Defragment+1","Aggregate+1","Necronomicurse","Auto Shields","Hyperbeam","Cold Snap+1","Madness+1","Metamorphosis"],"relics":["FrozenCore","ClockworkSouvenir","Tiny Chest","Cables","War Paint","Bloody Idol","Pandora\u0027s Box","Frozen Egg 2","Bronze Scales","NlothsMask","Necronomicon","The Courier","Lantern"],"potions_floor_usage":[10,10,16,29,29],"damage_taken":[{"damage":7,"enemies":"2 Louse","floor":1,"turns":2},{"damage":2,"enemies":"Cultist","floor":2,"turns":4},{"damage":8,"enemies":"Small Slimes","floor":4,"turns":4},{"damage":12,"enemies":"3 Louse","floor":5,"turns":3},{"damage":14,"enemies":"Gremlin Nob","floor":10,"turns":6},{"damage":0,"enemies":"Exordium Wildlife","floor":12,"turns":3},{"damage":10,"enemies":"Hexaghost","floor":16,"turns":12},{"damage":16,"enemies":"2 Thieves","floor":18,"turns":3},{"damage":6,"enemies":"3 Byrds","floor":24,"turns":2},{"damage":2,"enemies":"Centurion and Healer","floor":25,"turns":5},{"damage":25,"enemies":"Slavers","floor":29,"turns":4},{"damage":44,"enemies":"Champ","floor":33,"turns":14},{"damage":5,"enemies":"3 Darklings","floor":35,"turns":3},{"damage":0,"enemies":"Orb Walker","floor":37,"turns":5},{"damage":65,"enemies":"Giant Head","floor":41,"turns":12}],"seed_played":"2590855675419596488","potions_obtained":[{"floor":2,"key":"SkillPotion"},{"floor":4,"key":"SkillPotion"},{"floor":12,"key":"Weak Potion"},{"floor":16,"key":"Strength Potion"},{"floor":18,"key":"Weak Potion"},{"floor":33,"key":"SteroidPotion"},{"floor":37,"key":"Strength Potion"}],"is_trial":false,"path_per_floor":["M","M","?","M","M","$","R","$","T","E","?","M","R","?","R","B",null,"M","?","$","?","?","R","M","M","T","R","?","E","R","$","R","B",null,"M","?","M","?","$","R","E"],"character_chosen":"DEFECT","items_purchased":["ClockworkSouvenir","Bronze Scales","Auto Shields","Lantern"],"campfire_rested":2,"item_purchase_floors":[6,20,31,39],"current_hp_per_floor":[68,66,66,58,46,46,46,46,46,32,14,14,36,18,18,8,75,59,59,59,59,59,59,58,61,61,61,45,25,25,25,47,8,75,75,75,75,65,65,65,0],"gold":40,"neow_bonus":"HUNDRED_GOLD","is_prod":false,"is_daily":false,"chose_seed":false,"campfire_upgraded":6,"win_rate":0,"timestamp":1544627718,"path_taken":["M","M","?","?","M","$","R","$","T","E","?","M","R","?","R","BOSS","M","?","$","?","?","R","M","?","T","R","?","E","R","$","R","BOSS","M","?","M","?","?","R","E"],"build_version":"2018-12-06","purchased_purges":1,"victory":false,"max_hp_per_floor":[75,75,75,75,75,75,75,75,75,75,75,75,75,75,75,75,75,75,75,75,75,75,75,75,75,75,75,75,75,75,75,75,75,75,75,75,75,75,75,75,75],"card_choices":[{"not_picked":["Gash","Fusion"],"picked":"Coolheaded","floor":1},{"not_picked":["Lockon","Coolheaded","Aggregate"],"picked":"SKIP","floor":2},{"not_picked":["Rebound","Sunder"],"picked":"Reinforced Body","floor":4},{"not_picked":["Coolheaded","Compile Driver"],"picked":"Ball Lightning","floor":5},{"not_picked":["Machine Learning","Steam"],"picked":"Cold Snap","floor":10},{"not_picked":["Steam Power","Stack"],"picked":"Hologram","floor":12},{"not_picked":["Streamline","Undo"],"picked":"Conserve Battery","floor":18},{"not_picked":["Cold Snap","Coolheaded+1"],"picked":"Defragment+1","floor":24},{"not_picked":["Compile Driver","Darkness"],"picked":"Aggregate","floor":25},{"not_picked":["Turbo+1","Gash","Go for the Eyes"],"picked":"SKIP","floor":29},{"not_picked":["Meteor Strike","Machine Learning+1"],"picked":"Hyperbeam","floor":33},{"not_picked":["Ball Lightning+1","Coolheaded+1","Streamline"],"picked":"SKIP","floor":35},{"not_picked":["Heatsinks+1","Sweeping Beam+1"],"picked":"Cold Snap+1","floor":37},{"not_picked":["Flash of Steel","Panache+1"],"picked":"Madness","floor":38},{"not_picked":["Impatience","Thinking Ahead"],"picked":"Metamorphosis","floor":38}],"player_experience":170795,"relics_obtained":[{"floor":9,"key":"Tiny Chest"},{"floor":10,"key":"Cables"},{"floor":28,"key":"Necronomicon"},{"floor":29,"key":"The Courier"}],"event_choices":[{"cards_removed":["Defend_B"],"damage_healed":0,"gold_gain":0,"player_choice":"Purged","damage_taken":0,"max_hp_gain":0,"max_hp_loss":0,"event_name":"Purifier","floor":3,"gold_loss":0},{"damage_healed":0,"gold_gain":0,"player_choice":"Success","damage_taken":18,"relics_obtained":["War Paint"],"max_hp_gain":0,"max_hp_loss":0,"event_name":"Scrap Ooze","floor":11,"gold_loss":0},{"damage_healed":0,"gold_gain":0,"player_choice":"Take Damage","damage_taken":18,"relics_obtained":["Golden Idol"],"max_hp_gain":0,"max_hp_loss":0,"event_name":"Golden Idol","floor":14,"gold_loss":0},{"damage_healed":0,"gold_gain":0,"player_choice":"Opened","damage_taken":0,"relics_obtained":["Frozen Egg 2"],"max_hp_gain":0,"max_hp_loss":0,"event_name":"The Mausoleum","floor":19,"gold_loss":0},{"damage_healed":0,"gold_gain":0,"player_choice":"Gave Idol","damage_taken":0,"relics_obtained":["Bloody Idol"],"max_hp_gain":0,"max_hp_loss":0,"event_name":"Forgotten Altar","floor":21,"relics_lost":["Golden Idol"],"gold_loss":0},{"damage_healed":0,"gold_gain":0,"player_choice":"Trade","damage_taken":0,"relics_obtained":["NlothsMask"],"max_hp_gain":0,"max_hp_loss":0,"event_name":"FaceTrader","floor":22,"gold_loss":0},{"damage_healed":0,"gold_gain":0,"player_choice":"Obtained Book","damage_taken":16,"max_hp_gain":0,"max_hp_loss":0,"event_name":"Cursed Tome","floor":28,"gold_loss":0},{"cards_removed":["Ball Lightning"],"damage_healed":0,"gold_gain":0,"player_choice":"Removed Attack","damage_taken":0,"max_hp_gain":0,"max_hp_loss":0,"event_name":"Falling","floor":36,"gold_loss":0},{"damage_healed":0,"gold_gain":0,"player_choice":"Memory 3","damage_taken":10,"max_hp_gain":0,"max_hp_loss":0,"event_name":"SensoryStone","floor":38,"gold_loss":0}],"is_beta":false,"boss_relics":[{"not_picked":["Cursed Key","Snecko Eye"],"picked":"Pandora\u0027s Box"},{"not_picked":["Runic Dome","Black Star"],"picked":"FrozenCore"}],"items_purged_floors":[31],"is_endless":false,"potions_floor_spawned":[2,4,12,16,18,33,37],"killed_by":"Giant Head","ascension_level":0}