{"gold_per_floor":[116,116,116,116,129,155,155,172,172,172,201,201,43,75,75,147,147,162,162,175,175,225,225,235,255,255,255,274,274,274,301,301,377,377,377],"floor_reached":35,"playtime":1280,"items_purged":[],"score":857,"play_id":"94c496f5-e23c-4323-b4db-a1adc8018b2d","local_time":"20190511021740","is_ascension_mode":true,"campfire_choices":[{"data":"Deadly Poison","floor":7.0,"key":"SMITH"},{"data":"Neutralize","floor":10.0,"key":"SMITH"},{"data":"Neutralize","floor":12.0,"key":"SMITH"},{"data":"Cloak And Dagger","floor":15.0,"key":"SMITH"},{"floor":23.0,"key":"REST"},{"floor":27.0,"key":"REST"},{"floor":32.0,"key":"REST"}],"neow_cost":"NONE","seed_source_timestamp":0,"circlet_count":0,"master_deck":["AscendersBane","Defend_G","Defend_G","Defend_G","Defend_G","Defend_G","Survivor","Neutralize+1","Backflip","Neutralize+1","Deadly Poison+1","Caltrops","Cloak And Dagger+1","Backstab","Blur","Envenom","PiercingWail","Decay","Deadly Poison","Noxious Fumes","PiercingWail","Bite","Bite","Bite","Bite","Bite","Noxious Fumes","Tools of the Trade"],"special_seed":0,"relics":["Ring of the Snake","NeowsBlessing","Turnip","Bottled Flame","Gremlin Horn","PreservedInsect","Orichalcum","Sozu","Nilry\u0027s Codex","Juzu Bracelet","Incense Burner","Ornamental Fan","Coffee Dripper"],"potions_floor_usage":[33],"damage_taken":[{"damage":0.0,"enemies":"Jaw Worm","floor":1.0,"turns":1.0},{"damage":0.0,"enemies":"Cultist","floor":5.0,"turns":1.0},{"damage":0.0,"enemies":"Gremlin Nob","floor":6.0,"turns":1.0},{"damage":5.0,"enemies":"2 Louse","floor":8.0,"turns":3.0},{"damage":22.0,"enemies":"Lagavulin","floor":11.0,"turns":10.0},{"damage":3.0,"enemies":"Gremlin Nob","floor":14.0,"turns":3.0},{"damage":17.0,"enemies":"The Guardian","floor":16.0,"turns":12.0},{"damage":15.0,"enemies":"Chosen","floor":18.0,"turns":6.0},{"damage":1.0,"enemies":"Shell Parasite","floor":20.0,"turns":8.0},{"damage":15.0,"enemies":"Sentry and Sphere","floor":24.0,"turns":8.0},{"damage":13.0,"enemies":"3 Cultists","floor":25.0,"turns":4.0},{"damage":9.0,"enemies":"Shelled Parasite and Fungi","floor":28.0,"turns":6.0},{"damage":22.0,"enemies":"Gremlin Leader","floor":31.0,"turns":7.0},{"damage":33,"enemies":"Automaton","floor":33,"turns":10},{"damage":49,"enemies":"3 Darklings","floor":35,"turns":3}],"seed_played":"-8330585644921288426","potions_obtained":[{"floor":2.0,"key":"SteroidPotion"},{"floor":2.0,"key":"SkillPotion"},{"floor":6.0,"key":"EssenceOfSteel"}],"is_trial":false,"path_per_floor":["M","?","$","?","M","E","R","M","T","R","E","R","$","E","R","B",null,"M","?","M","?","?","R","M","M","T","R","M","?","?","E","R","B",null,"M"],"character_chosen":"THE_SILENT","items_purchased":["PreservedInsect"],"campfire_rested":3,"item_purchase_floors":[13],"current_hp_per_floor":[59,59,59,59,59,59,59,54,54,54,32,32,32,29,29,12,53,38,17,16,16,16,35,20,7,7,26,17,17,17,9,22,11,37,0],"gold":377,"neow_bonus":"THREE_ENEMY_KILL","is_prod":false,"is_daily":false,"chose_seed":false,"campfire_upgraded":4,"win_rate":0,"timestamp":1557533860,"path_taken":["M","?","?","?","M","E","R","M","T","R","E","R","$","E","R","BOSS","M","?","M","?","?","R","M","M","T","R","M","?","?","E","R","BOSS","M"],"build_version":"2019-01-23","purchased_purges":0,"victory":false,"max_hp_per_floor":[66,66,66,66,66,66,66,66,66,66,66,66,66,66,66,66,66,66,66,66,66,66,66,66,66,66,66,66,46,46,46,46,46,46,46],"card_choices":[{"not_picked":["Quick Slash","Catalyst"],"picked":"Backflip","floor":1.0},{"not_picked":["Terror","Reflex"],"picked":"Deadly Poison","floor":5.0},{"not_picked":["Dagger Throw","Setup"],"picked":"Caltrops","floor":6.0},{"not_picked":["Sucker Punch","Setup"],"picked":"Cloak And Dagger","floor":8.0},{"not_picked":["All Out Attack","Bane"],"picked":"Backstab","floor":11.0},{"not_picked":["Venomology","Blade Dance"],"picked":"Blur","floor":14.0},{"not_picked":["Tools of the Trade","Phantasmal Killer"],"picked":"Envenom","floor":16.0},{"not_picked":["Masterful Stab","Dash"],"picked":"PiercingWail","floor":18.0},{"not_picked":["Poisoned Stab","Slice"],"picked":"Crippling Poison","floor":20.0},{"not_picked":["PiercingWail","Crippling Poison"],"picked":"Deadly Poison","floor":24.0},{"not_picked":["Crippling Poison","Finisher"],"picked":"Noxious Fumes","floor":25.0},{"not_picked":["Acrobatics","Prepared"],"picked":"PiercingWail","floor":28.0},{"not_picked":["Terror","Flying Knee"],"picked":"Noxious Fumes","floor":31.0},{"not_picked":["Bullet Time","Die Die Die"],"picked":"Tools of the Trade","floor":33}],"player_experience":655667,"relics_obtained":[{"floor":6.0,"key":"Turnip"},{"floor":9.0,"key":"Bottled Flame"},{"floor":11.0,"key":"Gremlin Horn"},{"floor":14.0,"key":"Orichalcum"},{"floor":19.0,"key":"Nilry\u0027s Codex"},{"floor":26.0,"key":"Juzu Bracelet"},{"floor":31.0,"key":"Ornamental Fan"}],"event_choices":[{"damage_healed":0.0,"max_hp_gain":0.0,"max_hp_loss":0.0,"gold_gain":0.0,"event_name":"Lab","player_choice":"Got Potions","floor":2.0,"gold_loss":0.0,"damage_taken":0.0},{"damage_healed":0.0,"max_hp_gain":0.0,"max_hp_loss":0.0,"gold_gain":0.0,"event_name":"Match and Keep!","player_choice":"1 cards matched","floor":4.0,"gold_loss":0.0,"damage_taken":0.0,"cards_obtained":["Neutralize"]},{"damage_healed":0.0,"max_hp_gain":0.0,"max_hp_loss":0.0,"gold_gain":0.0,"event_name":"Cursed Tome","player_choice":"Obtained Book","floor":19.0,"gold_loss":0.0,"damage_taken":21.0},{"damage_healed":0.0,"max_hp_gain":0.0,"max_hp_loss":0.0,"gold_gain":0.0,"event_name":"Forgotten Altar","player_choice":"Smashed Altar","floor":21.0,"gold_loss":0.0,"damage_taken":0.0,"cards_obtained":["Decay"]},{"damage_healed":0.0,"max_hp_gain":0.0,"max_hp_loss":0.0,"gold_gain":50.0,"event_name":"Nest","player_choice":"Stole From Cult","floor":22.0,"gold_loss":0.0,"damage_taken":0.0},{"damage_healed":0.0,"max_hp_gain":0.0,"max_hp_loss":20.0,"gold_gain":0.0,"event_name":"Vampires","player_choice":"Became a vampire","floor":29.0,"gold_loss":0.0,"damage_taken":0.0,"cards_obtained":["Bite","Bite","Bite","Bite","Bite"]},{"cards_removed":["Crippling Poison"],"damage_healed":0.0,"max_hp_gain":0.0,"max_hp_loss":0.0,"gold_gain":0.0,"event_name":"WeMeetAgain","player_choice":"Gave Card","floor":30.0,"gold_loss":0.0,"damage_taken":0.0,"relics_obtained":["Incense Burner"]}],"is_beta":false,"boss_relics":[{"not_picked":["Ectoplasm","Ring of the Serpent"],"picked":"Sozu"},{"not_picked":["Runic Dome","Snecko Eye"],"picked":"Coffee Dripper"}],"items_purged_floors":[],"is_endless":false,"potions_floor_spawned":[6,8,24,31,33],"killed_by":"3 Darklings","ascension_level":20}