{"gold_per_floor":[117,117,136,23,39,39,365,379,379,379,379,344,344,355,355,460,460,370,384,384],"floor_reached":20,"playtime":883,"items_purged":["Strike_B"],"score":224,"play_id":"ca92c99e-dcb1-4935-a9af-e3d02f08879b","local_time":"20181104151549","is_ascension_mode":true,"campfire_choices":[{"data":"Dualcast","floor":6,"key":"SMITH"},{"floor":11,"key":"REST"},{"data":"Darkness","floor":13,"key":"SMITH"},{"data":"Redo","floor":15,"key":"SMITH"}],"neow_cost":"NONE","seed_source_timestamp":63449792826011,"circlet_count":0,"master_deck":["Strike_B","Strike_B","Defend_B","Defend_B","Defend_B","Defend_B","Zap","Dualcast+1","Darkness+1","Undo","Auto Shields","Cold Snap","Redo+1","Buffer","Redo","Steam","Gash","White Noise","Steam"],"relics":["Cracked Core","Blood Vial","Singing Bowl","Old Coin","Ginger","Orrery"],"potions_floor_usage":[],"damage_taken":[{"damage":4,"enemies":"Jaw Worm","floor":1,"turns":3},{"damage":1,"enemies":"Cultist","floor":3,"turns":4},{"damage":1,"enemies":"2 Louse","floor":5,"turns":2},{"damage":25,"enemies":"3 Sentries","floor":7,"turns":9},{"damage":27,"enemies":"Exordium Wildlife","floor":8,"turns":5},{"damage":2,"enemies":"Large Slime","floor":14,"turns":5},{"damage":22,"enemies":"The Guardian","floor":16,"turns":14},{"damage":28,"enemies":"2 Thieves","floor":18,"turns":5},{"damage":6,"enemies":"Chosen","floor":19,"turns":5},{"damage":28,"enemies":"Snecko","floor":20,"turns":6}],"seed_played":"1064412949302319974","potions_obtained":[{"floor":1,"key":"FearPotion"},{"floor":5,"key":"Ancient Potion"},{"floor":14,"key":"Weak Potion"}],"is_trial":false,"path_per_floor":["M","?","M","$","M","R","E","M","T","?","R","?","R","M","R","B",null,"M","M","M"],"character_chosen":"DEFECT","items_purchased":["Undo"],"campfire_rested":1,"item_purchase_floors":[4],"current_hp_per_floor":[66,66,69,69,72,72,49,24,24,17,40,59,59,59,59,39,73,47,43,17],"gold":384,"neow_bonus":"RANDOM_COMMON_RELIC","is_prod":false,"is_daily":false,"chose_seed":false,"campfire_upgraded":3,"win_rate":0,"timestamp":1541340949,"path_taken":["M","?","?","$","M","R","E","M","T","?","R","?","R","M","R","BOSS","M","M","M"],"build_version":"2018-11-01","purchased_purges":1,"victory":false,"max_hp_per_floor":[75,75,77,77,79,79,79,79,79,79,79,79,79,79,79,79,83,83,83,83],"card_choices":[{"not_picked":["Steam Power","Fusion"],"picked":"Darkness","floor":1},{"not_picked":["Sweeping Beam","Compile Driver","Consume"],"picked":"Singing Bowl","floor":3},{"not_picked":["Genetic Algorithm","Sweeping Beam","Undo"],"picked":"Singing Bowl","floor":5},{"not_picked":["Turbo","Sweeping Beam"],"picked":"Auto Shields","floor":7},{"not_picked":["Ball Lightning","BootSequence"],"picked":"Cold Snap","floor":8},{"not_picked":["Turbo","Darkness"],"picked":"Redo","floor":14},{"not_picked":["Multi-Cast","Biased Cognition"],"picked":"Buffer","floor":16},{"not_picked":["Darkness","Double Energy"],"picked":"Redo","floor":17},{"not_picked":["Tempest","Ball Lightning","Barrage"],"picked":"Singing Bowl","floor":17},{"not_picked":["Barrage","Compile Driver","Stack"],"picked":"Singing Bowl","floor":17},{"not_picked":["BootSequence","Sweeping Beam"],"picked":"Steam","floor":17},{"not_picked":["Cold Snap","Undo"],"picked":"Gash","floor":17},{"not_picked":["Turbo","Beam Cell"],"picked":"White Noise","floor":18},{"not_picked":["Cold Snap+1","Stack"],"picked":"Steam","floor":19}],"player_experience":292606,"relics_obtained":[{"floor":7,"key":"Old Coin"},{"floor":9,"key":"Ginger"}],"event_choices":[{"damage_healed":0,"gold_gain":0,"player_choice":"Gave Potion","damage_taken":0,"relics_obtained":["Singing Bowl"],"max_hp_gain":0,"max_hp_loss":0,"event_name":"WeMeetAgain","floor":2,"gold_loss":0},{"cards_removed":["Strike_B"],"damage_healed":0,"gold_gain":0,"player_choice":"Card Removal","damage_taken":7,"max_hp_gain":0,"max_hp_loss":0,"event_name":"Golden Wing","floor":10,"gold_loss":0},{"damage_healed":19,"gold_gain":0,"player_choice":"Healed","damage_taken":0,"max_hp_gain":0,"max_hp_loss":0,"event_name":"The Cleric","floor":12,"gold_loss":35}],"is_beta":false,"boss_relics":[{"not_picked":["Coffee Dripper","Snecko Eye"],"picked":"Orrery"}],"items_purged_floors":[4],"is_endless":false,"potions_floor_spawned":[1,5,14],"killed_by":"Snecko","ascension_level":6}