{"gold_per_floor":[218,218,61,61,81,81,81,139,139,15,15,15,42,57,57,156,156,166,180,191,191,191,216,216,234,234,77,91,91,91,109,109,207,207,220,239,239,239],"floor_reached":38,"playtime":1875,"items_purged":["Strike_B","Strike_B"],"score":487,"play_id":"b89e4981-1d57-402c-8dbf-1b5ad54ddd0f","local_time":"20181014223800","is_ascension_mode":true,"campfire_choices":[{"data":"Doom and Gloom","floor":6,"key":"SMITH"},{"data":"Doom and Gloom","floor":15,"key":"SMITH"},{"floor":24,"key":"REST"},{"floor":32,"key":"REST"}],"neow_cost":"NONE","seed_source_timestamp":198240911821682,"circlet_count":0,"master_deck":["Strike_B","Defend_B","Defend_B","Defend_B","Defend_B","Zap","Dualcast","Cold Snap","Doom and Gloom+1","Conserve Battery","Zap","Doom and Gloom+1","Leap","Cold Snap","Go for the Eyes","Electrodynamics","Steam+1","Redo+1","Stack","Turbo","Coolheaded+1","Conserve Battery","Multi-Cast","Steam+1","Defragment","Barrage","Self Repair","Stack+1","Capacitor+1"],"relics":["Cracked Core","Torii","Tiny Chest","Anchor","Pear","Inserter","Sundial","Bag of Preparation","Shuriken","Blood Vial","Cables","Orrery"],"potions_floor_usage":[23,33,33,33],"damage_taken":[{"damage":14,"enemies":"Jaw Worm","floor":1,"turns":3},{"damage":1,"enemies":"Small Slimes","floor":5,"turns":3},{"damage":12,"enemies":"3 Sentries","floor":8,"turns":4},{"damage":18,"enemies":"Lagavulin","floor":13,"turns":5},{"damage":0,"enemies":"Cultist","floor":14,"turns":3},{"damage":5,"enemies":"Hexaghost","floor":16,"turns":9},{"damage":11,"enemies":"2 Thieves","floor":18,"turns":4},{"damage":12,"enemies":"Spheric Guardian","floor":19,"turns":4},{"damage":25,"enemies":"Snake Plant","floor":20,"turns":5},{"damage":14,"enemies":"Gremlin Leader","floor":23,"turns":6},{"damage":12,"enemies":"Centurion and Healer","floor":25,"turns":7},{"damage":15,"enemies":"Cultist and Chosen","floor":28,"turns":7},{"damage":9,"enemies":"Snake Plant","floor":31,"turns":6},{"damage":29,"enemies":"Champ","floor":33,"turns":14},{"damage":8,"enemies":"3 Shapes","floor":35,"turns":4},{"damage":8,"enemies":"3 Darklings","floor":36,"turns":4},{"damage":86,"enemies":"Donu and Deca","floor":38,"turns":10}],"seed_played":"-4321090529129486762","potions_obtained":[{"floor":5,"key":"Weak Potion"},{"floor":11,"key":"EntropicBrew"},{"floor":14,"key":"Fire Potion"},{"floor":23,"key":"Block Potion"},{"floor":25,"key":"Block Potion"}],"is_trial":false,"path_per_floor":["M","?","$","T","M","R","?","E","T","$","?","$","E","M","R","B",null,"M","M","M","T","?","E","R","M","T","$","M","?","T","M","R","B",null,"M","M","?"],"character_chosen":"DEFECT","items_purchased":["Doom and Gloom","Leap","Blood Vial"],"campfire_rested":2,"item_purchase_floors":[3,10,27],"current_hp_per_floor":[61,66,66,66,65,65,65,53,53,53,53,53,45,45,45,40,90,79,67,42,42,42,28,55,43,43,43,30,30,30,23,50,23,90,89,82,82,0],"gold":239,"neow_bonus":"HUNDRED_GOLD","is_prod":false,"is_daily":false,"chose_seed":false,"campfire_upgraded":2,"win_rate":0,"timestamp":1539549480,"path_taken":["M","?","$","?","?","R","?","E","T","$","?","?","E","M","R","BOSS","M","M","?","?","?","E","R","M","T","$","M","?","?","M","R","BOSS","M","M","?","BOSS"],"build_version":"2018-10-11","purchased_purges":2,"victory":false,"max_hp_per_floor":[75,80,80,80,80,80,80,80,80,80,80,80,90,90,90,90,90,90,90,90,90,90,90,90,90,90,90,90,90,90,90,90,90,90,90,90,90,90],"card_choices":[{"not_picked":["Hologram","Chaos"],"picked":"Cold Snap","floor":1},{"not_picked":["Streamline","Stack"],"picked":"Conserve Battery","floor":5},{"not_picked":["Chaos","Compile Driver","Rebound"],"picked":"SKIP","floor":8},{"not_picked":["Hello World","Thunder Strike"],"picked":"Cold Snap","floor":13},{"not_picked":["Stack","Doom and Gloom"],"picked":"Go for the Eyes","floor":14},{"not_picked":["Buffer","Seek"],"picked":"Electrodynamics","floor":16},{"not_picked":["Sweeping Beam","Blizzard"],"picked":"Steam+1","floor":18},{"not_picked":["Cold Snap","FTL+1"],"picked":"Redo+1","floor":19},{"not_picked":["Rebound+1","Barrage+1"],"picked":"Stack","floor":20},{"not_picked":["Steam Power","Sweeping Beam"],"picked":"Turbo","floor":23},{"not_picked":["Double Energy","Electrodynamics"],"picked":"Coolheaded+1","floor":25},{"not_picked":["Barrage","Steam Power"],"picked":"Conserve Battery","floor":28},{"not_picked":["Consume","Scrape","Sweeping Beam"],"picked":"SKIP","floor":31},{"not_picked":["Electrodynamics","Thunder Strike"],"picked":"Multi-Cast","floor":33},{"not_picked":["Compile Driver+1","Sweeping Beam"],"picked":"Steam+1","floor":34},{"not_picked":["Hologram","Ball Lightning"],"picked":"Defragment","floor":34},{"not_picked":["Doom and Gloom+1","Go for the Eyes"],"picked":"Barrage","floor":34},{"not_picked":["Ball Lightning","Static Discharge"],"picked":"Self Repair","floor":34},{"not_picked":["Ball Lightning+1","Sweeping Beam"],"picked":"Stack+1","floor":35},{"not_picked":["Steam","Undo"],"picked":"Capacitor+1","floor":36}],"player_experience":194882,"relics_obtained":[{"floor":4,"key":"Torii"},{"floor":8,"key":"Tiny Chest"},{"floor":9,"key":"Anchor"},{"floor":13,"key":"Pear"},{"floor":21,"key":"Sundial"},{"floor":23,"key":"Bag of Preparation"},{"floor":26,"key":"Shuriken"},{"floor":30,"key":"Cables"}],"event_choices":[{"event_name":"Big Fish","player_choice":"Donut","floor":2,"damage_taken":0},{"event_name":"Match and Keep!","player_choice":"2 cards matched","floor":7,"damage_taken":0},{"event_name":"The Lab","player_choice":"Got Potions","floor":11,"damage_taken":0},{"event_name":"Back to Basics","player_choice":"Elegance","floor":22,"damage_taken":0},{"event_name":"The Mausoleum","player_choice":"No","floor":29,"damage_taken":0},{"event_name":"SecretPortal","player_choice":"Took Portal.","floor":37,"damage_taken":0}],"is_beta":false,"boss_relics":[{"not_picked":["Cursed Key","Ectoplasm"],"picked":"Inserter"},{"not_picked":["Snecko Eye","Nuclear Battery"],"picked":"Orrery"}],"items_purged_floors":[3,10],"is_endless":false,"potions_floor_spawned":[5,14,18,23,25,31],"killed_by":"Donu and Deca","ascension_level":3}