{"gold_per_floor":[114,114,65,65,39,65,79,111,111,126,142,142,171,189,189,284,284,303,402,402,418,430,430,464,477,477,509,509,523,536,567,567,662,662,672,672,687,573,586,586,611,611,664,676,696,310,329,329],"floor_reached":48,"playtime":3430,"items_purged":["Strike_R"],"score":783,"play_id":"f1e5fe51-a55e-442e-ad04-4cdf1c3070e1","local_time":"20190331002747","is_ascension_mode":true,"campfire_choices":[{"data":"Reaper","floor":12,"key":"SMITH"},{"data":"Inflame","floor":15,"key":"SMITH"},{"data":"Armaments","floor":23,"key":"SMITH"},{"data":"Rupture","floor":28,"key":"SMITH"},{"floor":32,"key":"REST"},{"data":"Double Tap","floor":40,"key":"SMITH"},{"floor":42,"key":"REST"}],"neow_cost":"NONE","seed_source_timestamp":94080301047060,"circlet_count":0,"master_deck":["Strike_R+1","Defend_R","Defend_R","Defend_R","Defend_R","Bash+1","Inflame+1","Armaments+1","Reaper+1","Pommel Strike","Shockwave","Carnage","Inflame","Hemokinesis","Rupture+1","Clothesline","Immolate","Rupture","Spot Weakness+1","Ghostly Armor","Shrug It Off","Heavy Blade","Shrug It Off","Double Tap+1","True Grit","Combust","Warcry","Parasite","Hemokinesis","Metallicize","Feel No Pain"],"relics":["Burning Blood","NeowsBlessing","Dead Branch","Matryoshka","Orichalcum","Thread and Needle","Odd Mushroom","Philosopher\u0027s Stone","Turnip","Potion Belt","StoneCalendar","Torii","Prayer Wheel","Runic Cube","Du-Vu Doll","Letter Opener"],"potions_floor_usage":[22,24,24,33,33,41,45,48],"damage_taken":[{"damage":0,"enemies":"2 Louse","floor":1,"turns":1},{"damage":0,"enemies":"Gremlin Nob","floor":6,"turns":1},{"damage":0,"enemies":"Jaw Worm","floor":7,"turns":1},{"damage":35,"enemies":"3 Sentries","floor":8,"turns":5},{"damage":0,"enemies":"Cultist","floor":10,"turns":4},{"damage":3,"enemies":"Blue Slaver","floor":11,"turns":3},{"damage":9,"enemies":"The Mushroom Lair","floor":13,"turns":5},{"damage":6,"enemies":"Looter","floor":14,"turns":3},{"damage":23,"enemies":"The Guardian","floor":16,"turns":8},{"damage":8,"enemies":"Shell Parasite","floor":18,"turns":5},{"damage":8,"enemies":"2 Thieves","floor":21,"turns":3},{"damage":20,"enemies":"Centurion and Healer","floor":22,"turns":4},{"damage":20,"enemies":"Gremlin Leader","floor":24,"turns":5},{"damage":8,"enemies":"Chosen and Byrds","floor":25,"turns":5},{"damage":23,"enemies":"Slavers","floor":27,"turns":3},{"damage":7,"enemies":"Snake Plant","floor":29,"turns":3},{"damage":15,"enemies":"Centurion and Healer","floor":30,"turns":5},{"damage":40,"enemies":"Book of Stabbing","floor":31,"turns":6},{"damage":70,"enemies":"Automaton","floor":33,"turns":12},{"damage":4,"enemies":"3 Shapes","floor":35,"turns":3},{"damage":4,"enemies":"3 Darklings","floor":37,"turns":6},{"damage":58,"enemies":"Spire Growth","floor":39,"turns":6},{"damage":42,"enemies":"Reptomancer","floor":41,"turns":7},{"damage":5,"enemies":"Maw","floor":44,"turns":7},{"damage":22,"enemies":"Writhing Mass","floor":45,"turns":6},{"damage":26,"enemies":"Sphere and 2 Shapes","floor":47,"turns":5},{"damage":79,"enemies":"Nemesis","floor":48,"turns":7}],"seed_played":"7477422916047711069","potions_obtained":[{"floor":1,"key":"Fire Potion"},{"floor":8,"key":"Poison Potion"},{"floor":11,"key":"Strength Potion"},{"floor":22,"key":"Explosive Potion"},{"floor":27,"key":"Weak Potion"},{"floor":30,"key":"SpeedPotion"},{"floor":31,"key":"SpeedPotion"},{"floor":33,"key":"SpeedPotion"},{"floor":35,"key":"SpeedPotion"},{"floor":37,"key":"PowerPotion"},{"floor":39,"key":"Ancient Potion"}],"is_trial":false,"path_per_floor":["M","?","$","?","$","E","M","E","T","M","M","R","?","M","R","B",null,"M","?","?","M","M","R","E","M","T","E","R","M","M","E","R","B",null,"M","?","M","$","M","R","E","R","T","M","M","$","M","E"],"character_chosen":"IRONCLAD","items_purchased":["Armaments","Pommel Strike","Combust","Block Potion","Metallicize","Letter Opener"],"campfire_rested":2,"item_purchase_floors":[3,5,38,46,46,46],"current_hp_per_floor":[78,62,62,62,62,68,75,56,56,62,65,65,77,80,80,76,79,80,80,80,78,64,64,80,78,78,80,80,80,80,46,70,18,65,67,67,80,80,47,47,11,35,35,66,65,65,60,0],"gold":329,"neow_bonus":"THREE_ENEMY_KILL","is_prod":false,"is_daily":false,"chose_seed":false,"campfire_upgraded":5,"win_rate":0,"timestamp":1554006467,"path_taken":["M","?","$","?","$","E","M","E","T","?","M","R","?","M","R","BOSS","M","?","?","M","M","R","E","M","T","E","R","M","?","E","R","BOSS","M","?","?","$","?","R","E","R","T","M","M","$","M","E"],"build_version":"2019-01-23","purchased_purges":1,"victory":false,"max_hp_per_floor":[80,80,80,80,80,80,80,80,80,80,80,80,80,80,80,80,80,80,80,80,80,80,80,80,80,80,80,80,80,80,80,80,80,80,80,80,80,80,80,80,80,80,80,80,80,80,80,80],"card_choices":[{"not_picked":["Pommel Strike","Perfected Strike"],"picked":"Inflame","floor":1},{"not_picked":["Heavy Blade","Perfected Strike"],"picked":"Shockwave","floor":6},{"not_picked":["Rage","Dual Wield"],"picked":"Carnage","floor":7},{"not_picked":["Double Tap","Wild Strike"],"picked":"Inflame","floor":8},{"not_picked":["Sword Boomerang","Sentinel"],"picked":"Hemokinesis","floor":10},{"not_picked":["Hemokinesis","Shockwave"],"picked":"Rupture","floor":11},{"not_picked":["Iron Wave","Infernal Blade"],"picked":"Clothesline","floor":14},{"not_picked":["Fiend Fire","Juggernaut"],"picked":"Immolate","floor":16},{"not_picked":["Uppercut","Cleave"],"picked":"Rupture","floor":18},{"not_picked":["Headbutt","Bloodletting"],"picked":"Spot Weakness+1","floor":21},{"not_picked":["Blood for Blood","Iron Wave+1","Reckless Charge"],"picked":"SKIP","floor":22},{"not_picked":["Clothesline","Spot Weakness","Sword Boomerang+1"],"picked":"SKIP","floor":24},{"not_picked":["Wild Strike","Headbutt","Barricade"],"picked":"SKIP","floor":25},{"not_picked":["Armaments+1","Second Wind"],"picked":"Ghostly Armor","floor":27},{"not_picked":["Armaments","Wild Strike"],"picked":"Shrug It Off","floor":29},{"not_picked":["Body Slam","Warcry"],"picked":"Heavy Blade","floor":30},{"not_picked":["Ghostly Armor","Cleave"],"picked":"Shrug It Off","floor":31},{"not_picked":["Dark Embrace","Fiend Fire"],"picked":"Double Tap","floor":33},{"not_picked":["Rampage","Havoc"],"picked":"True Grit","floor":35},{"not_picked":["Cleave","Pommel Strike","Anger+1"],"picked":"SKIP","floor":35},{"not_picked":["Body Slam+1","Thunderclap","Cleave"],"picked":"SKIP","floor":37},{"not_picked":["Pommel Strike","True Grit+1","Dual Wield+1"],"picked":"SKIP","floor":37},{"not_picked":["Sword Boomerang+1","Headbutt"],"picked":"Warcry","floor":39},{"not_picked":["Flex","Cleave","Thunderclap"],"picked":"SKIP","floor":39},{"not_picked":["Heavy Blade","Juggernaut","Carnage"],"picked":"SKIP","floor":41},{"not_picked":["Clothesline","Anger","Warcry"],"picked":"SKIP","floor":44},{"not_picked":["Perfected Strike","Anger+1","Havoc"],"picked":"SKIP","floor":44},{"not_picked":["Twin Strike","Infernal Blade"],"picked":"Hemokinesis","floor":45},{"not_picked":["Heavy Blade","Anger+1","Flex"],"picked":"SKIP","floor":45},{"not_picked":["Barricade","Pommel Strike"],"picked":"Feel No Pain","floor":47},{"not_picked":["Thunderclap","Headbutt+1","Whirlwind"],"picked":"SKIP","floor":47}],"player_experience":185531,"relics_obtained":[{"floor":6,"key":"Dead Branch"},{"floor":8,"key":"Matryoshka"},{"floor":9,"key":"Orichalcum"},{"floor":9,"key":"Thread and Needle"},{"floor":13,"key":"Odd Mushroom"},{"floor":24,"key":"Turnip"},{"floor":26,"key":"Potion Belt"},{"floor":26,"key":"StoneCalendar"},{"floor":27,"key":"Torii"},{"floor":31,"key":"Prayer Wheel"},{"floor":41,"key":"Du-Vu Doll"}],"event_choices":[{"damage_healed":0,"gold_gain":0,"player_choice":"Entered Light","damage_taken":16,"max_hp_gain":0,"max_hp_loss":0,"event_name":"Shining Light","floor":2,"gold_loss":0,"cards_upgraded":["Strike_R","Bash"]},{"damage_healed":0,"gold_gain":0,"cards_transformed":["Strike_R"],"player_choice":"Transformed","damage_taken":0,"max_hp_gain":0,"max_hp_loss":0,"event_name":"Transmorgrifier","floor":4,"gold_loss":0,"cards_obtained":["Reaper"]},{"damage_healed":0,"gold_gain":0,"player_choice":"Fought Mushrooms","damage_taken":0,"max_hp_gain":0,"max_hp_loss":0,"event_name":"Mushrooms","floor":13,"gold_loss":0},{"damage_healed":0,"gold_gain":99,"player_choice":"Stole From Cult","damage_taken":0,"max_hp_gain":0,"max_hp_loss":0,"event_name":"Nest","floor":19,"gold_loss":0},{"cards_removed":["Strike_R"],"damage_healed":0,"gold_gain":0,"player_choice":"Purged","damage_taken":0,"max_hp_gain":0,"max_hp_loss":0,"event_name":"Purifier","floor":20,"gold_loss":0},{"cards_removed":["Strike_R"],"damage_healed":0,"gold_gain":0,"player_choice":"Purged","damage_taken":0,"max_hp_gain":0,"max_hp_loss":0,"event_name":"Purifier","floor":36,"gold_loss":0}],"is_beta":false,"boss_relics":[{"not_picked":["Black Star","Fusion Hammer"],"picked":"Philosopher\u0027s Stone"},{"not_picked":["Cursed Key","Empty Cage"],"picked":"Runic Cube"}],"items_purged_floors":[38],"is_endless":false,"potions_floor_spawned":[1,8,11,13,21,22,27,30,31,33,35,37,39],"killed_by":"Nemesis","ascension_level":8}