{"gold_per_floor":[115,13,24,24,44,44,63,63,63,76,76,92,92,118,118,223,223,240,92,92,112,12,38,38],"floor_reached":24,"playtime":1268,"items_purged":["Strike_G","Strike_G"],"score":272,"play_id":"32835fec-2d85-4612-9608-1d5dfe5de41b","local_time":"20181021205252","is_ascension_mode":true,"campfire_choices":[{"data":"Deadly Poison","floor":6,"key":"SMITH"},{"data":"Deadly Poison","floor":11,"key":"SMITH"},{"data":"Neutralize","floor":13,"key":"SMITH"},{"floor":15,"key":"REST"}],"neow_cost":"NONE","seed_source_timestamp":82724285433759,"circlet_count":0,"master_deck":["Defend_G+1","Defend_G","Defend_G","Defend_G","Defend_G","Strike_G","Strike_G+1","Strike_G","Survivor","Neutralize+1","Deadly Poison+1","Poisoned Stab+1","Deadly Poison+1","Escape Plan","Backflip+1","Dodge and Roll","Crippling Poison"],"relics":["Ring of the Snake","Singing Bowl","Odd Mushroom","Velvet Choker","Anchor","War Paint"],"potions_floor_usage":[14,18],"damage_taken":[{"damage":1,"enemies":"Small Slimes","floor":1,"turns":4},{"damage":0,"enemies":"2 Louse","floor":3,"turns":2},{"damage":0,"enemies":"Cultist","floor":5,"turns":3},{"damage":0,"enemies":"Looter","floor":7,"turns":3},{"damage":13,"enemies":"Exordium Thugs","floor":10,"turns":4},{"damage":0,"enemies":"Large Slime","floor":12,"turns":5},{"damage":33,"enemies":"The Mushroom Lair","floor":14,"turns":4},{"damage":18,"enemies":"The Guardian","floor":16,"turns":8},{"damage":13,"enemies":"3 Byrds","floor":18,"turns":4},{"damage":13,"enemies":"Colosseum Slavers","floor":20,"turns":5},{"damage":0,"enemies":"Chosen","floor":21,"turns":4},{"damage":14,"enemies":"Gremlin Leader","floor":23,"turns":6},{"damage":46,"enemies":"3 Cultists","floor":24,"turns":7}],"seed_played":"7587714709544293141","potions_obtained":[{"floor":1,"key":"Weak Potion"},{"floor":7,"key":"FearPotion"},{"floor":14,"key":"LiquidBronze"}],"is_trial":false,"path_per_floor":["M","$","M","$","M","R","M","?","T","M","R","M","R","?","R","B",null,"M","$","?","M","$","E"],"character_chosen":"THE_SILENT","items_purchased":["Poisoned Stab","Anchor"],"campfire_rested":1,"item_purchase_floors":[2,19],"current_hp_per_floor":[76,76,76,76,76,76,76,61,61,50,50,50,50,19,43,27,83,70,70,57,57,57,45,0],"gold":38,"neow_bonus":"TEN_PERCENT_HP_BONUS","is_prod":false,"is_daily":false,"chose_seed":false,"campfire_upgraded":3,"win_rate":0,"timestamp":1540147972,"path_taken":["M","$","M","$","M","R","M","?","T","?","R","M","R","?","R","BOSS","M","$","?","?","$","E","M"],"build_version":"2018-10-18","purchased_purges":2,"victory":false,"max_hp_per_floor":[77,77,77,77,77,77,77,77,77,79,79,79,79,81,81,83,83,83,83,83,83,83,85,85],"card_choices":[{"not_picked":["Calculated Gamble","Quick Slash"],"picked":"Deadly Poison","floor":1},{"not_picked":["Backstab","Dagger Throw"],"picked":"Deadly Poison","floor":3},{"not_picked":["Underhanded Strike","Well Laid Plans"],"picked":"Escape Plan","floor":5},{"not_picked":["All Out Attack","Blade Dance","Poisoned Stab"],"picked":"SKIP","floor":7},{"not_picked":["Bane","Sucker Punch","Dagger Throw"],"picked":"Singing Bowl","floor":10},{"not_picked":["Choke","Underhanded Strike"],"picked":"Backflip","floor":12},{"not_picked":["Distraction","Heel Hook","Acrobatics"],"picked":"Singing Bowl","floor":14},{"not_picked":["Bullet Time","Night Terror","Die Die Die"],"picked":"Singing Bowl","floor":16},{"not_picked":["Cloak And Dagger","Deflect"],"picked":"Dodge and Roll","floor":18},{"not_picked":["Masterful Stab","Flying Knee"],"picked":"Crippling Poison","floor":21},{"not_picked":["Backflip+1","Skewer","Outmaneuver+1"],"picked":"Singing Bowl","floor":23}],"player_experience":224721,"relics_obtained":[{"floor":9,"key":"Singing Bowl"},{"floor":14,"key":"Odd Mushroom"},{"floor":23,"key":"War Paint"}],"event_choices":[{"damage_healed":0,"gold_gain":0,"player_choice":"Entered Light","damage_taken":15,"max_hp_gain":0,"max_hp_loss":0,"event_name":"Shining Light","floor":8,"gold_loss":0,"cards_upgraded":["Strike_G","Poisoned Stab"]},{"damage_healed":0,"gold_gain":0,"player_choice":"Fought Mushrooms","damage_taken":0,"max_hp_gain":0,"max_hp_loss":0,"event_name":"Mushrooms","floor":14,"gold_loss":0},{"damage_healed":0,"gold_gain":0,"player_choice":"Fight","damage_taken":0,"max_hp_gain":0,"max_hp_loss":0,"event_name":"Colosseum","floor":20,"gold_loss":0},{"damage_healed":0,"gold_gain":0,"player_choice":"Fled From Nobs","damage_taken":0,"max_hp_gain":0,"max_hp_loss":0,"event_name":"Colosseum","floor":20,"gold_loss":0}],"is_beta":false,"boss_relics":[{"not_picked":["Coffee Dripper","Eternal Feather"],"picked":"Velvet Choker"}],"items_purged_floors":[2,22],"is_endless":false,"potions_floor_spawned":[1,7,14,20],"killed_by":"3 Cultists","ascension_level":4}