{"gold_per_floor":[112,21,38,52,66,66,22,47,47,75,75,93,124,124,124,124],"floor_reached":16,"playtime":559,"items_purged":[],"score":240,"play_id":"b71a2e1e-bcb2-4402-86ec-1a4f310b1f73","local_time":"20190428211640","is_ascension_mode":true,"campfire_choices":[{"data":"Zap","floor":6.0,"key":"SMITH"},{"floor":15,"key":"REST"}],"neow_cost":"NONE","seed_source_timestamp":79570366782720,"circlet_count":0,"master_deck":["AscendersBane","Strike_B","Strike_B","Strike_B","Defend_B","Defend_B","Defend_B","Defend_B","Zap+1","Dualcast","Leap+1","Undo","Rebound","Steam+1","Cold Snap","Sunder+1","Ball Lightning","Chill","Cold Snap"],"special_seed":0,"relics":["Cracked Core","Potion Belt","PreservedInsect","War Paint","Cables","Happy Flower"],"potions_floor_usage":[],"damage_taken":[{"damage":0.0,"enemies":"2 Louse","floor":1.0,"turns":1.0},{"damage":2.0,"enemies":"Jaw Worm","floor":3.0,"turns":4.0},{"damage":1.0,"enemies":"Cultist","floor":4.0,"turns":3.0},{"damage":1.0,"enemies":"Red Slaver","floor":5.0,"turns":3.0},{"damage":6.0,"enemies":"3 Sentries","floor":8.0,"turns":8.0},{"damage":8.0,"enemies":"Gremlin Nob","floor":10.0,"turns":3.0},{"damage":9.0,"enemies":"Exordium Thugs","floor":12.0,"turns":3.0},{"damage":6,"enemies":"Lagavulin","floor":13,"turns":6},{"damage":47,"enemies":"Hexaghost","floor":16,"turns":9}],"seed_played":"6362171869825226941","potions_obtained":[{"floor":3.0,"key":"GamblersBrew"},{"floor":4.0,"key":"Swift Potion"},{"floor":13,"key":"GamblersBrew"}],"is_trial":false,"path_per_floor":["M","$","M","M","M","R","$","E","T","E","?","M","E","?","R","B"],"character_chosen":"DEFECT","items_purchased":["Block Potion","Undo","Sunder"],"campfire_rested":1,"item_purchase_floors":[2,2,7],"current_hp_per_floor":[64,64,62,61,60,60,60,54,54,46,39,30,24,24,45,0],"gold":124,"neow_bonus":"RANDOM_COMMON_RELIC","is_prod":false,"is_daily":false,"chose_seed":false,"campfire_upgraded":1,"win_rate":0,"timestamp":1556479000,"path_taken":["M","$","M","M","M","R","$","E","T","E","?","M","E","?","R","BOSS"],"build_version":"2019-01-23","purchased_purges":0,"victory":false,"max_hp_per_floor":[71,71,71,71,71,71,71,71,71,71,71,71,71,71,71,71],"card_choices":[{"not_picked":["Stack","Rebound"],"picked":"Leap","floor":1.0},{"not_picked":["Aggregate","Self Repair"],"picked":"Rebound","floor":3.0},{"not_picked":["Barrage","Blizzard"],"picked":"Steam","floor":4.0},{"not_picked":["Go for the Eyes","Steam"],"picked":"Cold Snap","floor":5.0},{"not_picked":["Skim","Static Discharge"],"picked":"Ball Lightning","floor":8.0},{"not_picked":["Compile Driver","Recycle"],"picked":"Chill","floor":10.0},{"not_picked":["Darkness","Blizzard"],"picked":"Cold Snap","floor":12.0},{"not_picked":["Lockon","Rainbow","Tempest"],"picked":"SKIP","floor":13}],"player_experience":756481,"relics_obtained":[{"floor":8.0,"key":"PreservedInsect"},{"floor":9.0,"key":"War Paint"},{"floor":10.0,"key":"Cables"},{"floor":13,"key":"Happy Flower"}],"event_choices":[{"cards_removed":["Strike_B"],"damage_healed":0.0,"max_hp_gain":0.0,"max_hp_loss":0.0,"gold_gain":0.0,"event_name":"Golden Wing","player_choice":"Card Removal","floor":11.0,"gold_loss":0.0,"damage_taken":7.0},{"damage_healed":0,"gold_gain":0,"player_choice":"Forge","damage_taken":0,"max_hp_gain":0,"max_hp_loss":0,"event_name":"Accursed Blacksmith","floor":14,"gold_loss":0,"cards_upgraded":["Sunder"]}],"is_beta":false,"boss_relics":[],"items_purged_floors":[],"is_endless":false,"potions_floor_spawned":[3,4,13],"killed_by":"Hexaghost","ascension_level":20}