{"gold_per_floor":[116,391,25,44,1,36,36,66,66,77,77,110,123,171,171,245,245,257,269,269],"floor_reached":20,"playtime":694,"items_purged":["Regret"],"score":434,"play_id":"63361efb-3824-43c6-81cc-738dbc3ac884","local_time":"20190424160823","is_ascension_mode":true,"campfire_choices":[{"data":"Well Laid Plans","floor":7,"key":"SMITH"},{"floor":11,"key":"REST"},{"floor":15,"key":"REST"}],"neow_cost":"NONE","seed_source_timestamp":322983370889100,"circlet_count":0,"master_deck":["AscendersBane","Defend_G","Defend_G","Defend_G","Defend_G","Defend_G","Strike_G","Strike_G","Strike_G","Strike_G","Strike_G","Survivor","Neutralize","Poisoned Stab","Dagger Spray+1","Flying Knee+1","Well Laid Plans+1","Backflip","PiercingWail","Bouncing Flask","Leg Sweep","Malaise","Decay","Injury","Writhe","Dagger Throw+1"],"relics":["Ring of the Snake","NeowsBlessing","Molten Egg 2","Pantograph","Question Card","Art of War","Lantern","Anchor","Calling Bell","Smiling Mask","Gremlin Horn","Tingsha"],"potions_floor_usage":[8,19,20],"damage_taken":[{"damage":0,"enemies":"Jaw Worm","floor":1,"turns":1},{"damage":0,"enemies":"Cultist","floor":4,"turns":1},{"damage":0,"enemies":"3 Sentries","floor":6,"turns":1},{"damage":37,"enemies":"Lagavulin","floor":8,"turns":7},{"damage":0,"enemies":"2 Louse","floor":10,"turns":1},{"damage":19,"enemies":"Gremlin Nob","floor":12,"turns":4},{"damage":5,"enemies":"Exordium Wildlife","floor":13,"turns":5},{"damage":32,"enemies":"Hexaghost","floor":16,"turns":10},{"damage":25,"enemies":"Shell Parasite","floor":18,"turns":7},{"damage":19,"enemies":"Spheric Guardian","floor":19,"turns":6},{"damage":16,"enemies":"Shelled Parasite and Fungi","floor":20,"turns":6}],"seed_played":"-272021863474372968","potions_obtained":[{"floor":1,"key":"PowerPotion"},{"floor":12,"key":"LiquidBronze"},{"floor":13,"key":"Explosive Potion"},{"floor":16,"key":"GhostInAJar"},{"floor":19,"key":"Block Potion"}],"is_trial":false,"path_per_floor":["M","?","$","M","$","E","R","E","T","M","R","E","M","T","R","B",null,"M","M","M"],"character_chosen":"THE_SILENT","items_purchased":["Molten Egg 2","Dagger Spray+1","Well Laid Plans"],"campfire_rested":2,"item_purchase_floors":[3,3,5],"current_hp_per_floor":[59,59,59,59,59,59,59,22,22,22,41,22,17,17,36,29,57,32,13,0],"gold":269,"neow_bonus":"THREE_ENEMY_KILL","is_prod":false,"is_daily":false,"chose_seed":false,"campfire_upgraded":1,"win_rate":0,"timestamp":1556114903,"path_taken":["M","?","$","M","$","E","R","E","T","?","R","E","M","?","R","BOSS","M","M","M"],"build_version":"2019-01-23","purchased_purges":1,"victory":false,"max_hp_per_floor":[66,66,66,66,66,66,66,66,66,66,66,66,66,66,66,66,66,66,66,66],"card_choices":[{"not_picked":["Endless Agony","Caltrops"],"picked":"Poisoned Stab","floor":1},{"not_picked":["Caltrops","Acrobatics"],"picked":"Flying Knee+1","floor":4},{"not_picked":["Bane+1","Dodge and Roll"],"picked":"Backflip","floor":6},{"not_picked":["Slice+1","Escape Plan"],"picked":"PiercingWail","floor":8},{"not_picked":["Bane+1","Dodge and Roll","Deadly Poison"],"picked":"Bouncing Flask","floor":10},{"not_picked":["Night Terror","Terror","Dagger Throw+1","Distraction"],"picked":"SKIP","floor":12},{"not_picked":["Setup","All Out Attack+1","Crippling Poison"],"picked":"Leg Sweep","floor":13},{"not_picked":["Wraith Form v2","Doppelganger","Die Die Die+1"],"picked":"Malaise","floor":16},{"not_picked":["Leg Sweep","Quick Slash+1","Tactician"],"picked":"Dagger Throw+1","floor":18},{"not_picked":["Dodge and Roll","Slice+1","Outmaneuver","Eviscerate+1"],"picked":"SKIP","floor":19}],"player_experience":596170,"relics_obtained":[{"floor":6,"key":"Pantograph"},{"floor":8,"key":"Question Card"},{"floor":9,"key":"Art of War"},{"floor":12,"key":"Lantern"},{"floor":14,"key":"Anchor"},{"floor":17,"key":"Smiling Mask"},{"floor":17,"key":"Gremlin Horn"},{"floor":17,"key":"Tingsha"}],"event_choices":[{"damage_healed":0,"gold_gain":275,"player_choice":"Desecrate","damage_taken":0,"max_hp_gain":0,"max_hp_loss":0,"event_name":"Golden Shrine","floor":2,"gold_loss":0,"cards_obtained":["Regret"]}],"is_beta":false,"boss_relics":[{"not_picked":["Snecko Eye","Astrolabe"],"picked":"Calling Bell"}],"items_purged_floors":[3],"is_endless":false,"potions_floor_spawned":[1,12,13,16,19],"killed_by":"Shelled Parasite and Fungi","ascension_level":20}