{"gold_per_floor":[119,135,145,158,170,186,201,201,254,254,271,286,299,313,313,413,463,474,490,490,261,280,280,293,328,328,328,328],"floor_reached":28,"playtime":2231,"items_purged":["Strike_G"],"score":240,"play_id":"0ba9dd96-4da7-4133-97e1-1ecb077e4337","local_time":"20181123131146","is_ascension_mode":false,"campfire_choices":[{"data":"Dash","floor":8,"key":"SMITH"},{"data":"Corpse Explosion","floor":10,"key":"SMITH"},{"floor":15,"key":"REST"},{"floor":23,"key":"REST"},{"floor":27,"key":"REST"}],"neow_cost":"NONE","seed_source_timestamp":1021356438843115,"circlet_count":0,"master_deck":["Defend_G","Defend_G","Defend_G","Defend_G","Defend_G","Strike_G","Strike_G","Strike_G","Strike_G","Survivor","Neutralize+1","Distraction","Bane","Corpse Explosion+1","Dagger Spray","Dash+1","Envenom","Terror","A Thousand Cuts","Dagger Spray","Deadly Poison+1"],"relics":["Eternal Feather","Bronze Scales","Tiny House","Potion Belt","Blood Vial","Mummified Hand","Ornamental Fan"],"potions_floor_usage":[16,16,25,25],"damage_taken":[{"damage":1,"enemies":"Cultist","floor":1,"turns":4},{"damage":5,"enemies":"2 Louse","floor":2,"turns":4},{"damage":0,"enemies":"Jaw Worm","floor":3,"turns":5},{"damage":8,"enemies":"Large Slime","floor":4,"turns":11},{"damage":22,"enemies":"Exordium Thugs","floor":5,"turns":8},{"damage":5,"enemies":"3 Louse","floor":6,"turns":3},{"damage":0,"enemies":"Lots of Slimes","floor":7,"turns":1},{"damage":1,"enemies":"Exordium Wildlife","floor":11,"turns":3},{"damage":11,"enemies":"Red Slaver","floor":12,"turns":3},{"damage":7,"enemies":"Looter","floor":13,"turns":3},{"damage":4,"enemies":"Exordium Thugs","floor":14,"turns":3},{"damage":15,"enemies":"Hexaghost","floor":16,"turns":7},{"damage":5,"enemies":"3 Byrds","floor":18,"turns":3},{"damage":30,"enemies":"2 Thieves","floor":19,"turns":3},{"damage":17,"enemies":"Shelled Parasite and Fungi","floor":22,"turns":6},{"damage":30,"enemies":"Snecko","floor":24,"turns":7},{"damage":42,"enemies":"Book of Stabbing","floor":25,"turns":5},{"damage":73,"enemies":"Cultist and Chosen","floor":28,"turns":6}],"seed_played":"-7187898328776430963","potions_obtained":[{"floor":1,"key":"FairyPotion"},{"floor":4,"key":"GhostInAJar"},{"floor":7,"key":"Strength Potion"},{"floor":17,"key":"FairyPotion"},{"floor":19,"key":"Strength Potion"},{"floor":24,"key":"Block Potion"}],"is_trial":false,"path_per_floor":["M","M","M","M","M","M","M","R","T","R","M","M","M","M","R","B",null,"M","M","T","$","M","R","M","E","T","R","M"],"character_chosen":"THE_SILENT","items_purchased":["Blood Vial"],"campfire_rested":3,"item_purchase_floors":[21],"current_hp_per_floor":[69,64,64,56,34,29,29,38,38,47,46,35,28,24,54,39,75,70,40,40,40,25,59,31,7,7,41,0],"gold":328,"neow_bonus":"BOSS_RELIC","is_prod":false,"is_daily":false,"chose_seed":false,"campfire_upgraded":2,"win_rate":0.0,"timestamp":1542946306,"path_taken":["M","?","M","M","M","M","M","R","T","R","M","M","M","?","R","BOSS","M","M","?","$","M","R","M","E","T","R","M"],"build_version":"2018-11-15","purchased_purges":1,"victory":false,"max_hp_per_floor":[70,70,70,70,70,70,70,70,70,70,70,70,70,70,70,70,75,75,75,75,75,75,75,75,75,75,75,75],"card_choices":[{"not_picked":["Predator","Backflip"],"picked":"Distraction","floor":1},{"not_picked":["Outmaneuver","Endless Agony","Acrobatics"],"picked":"SKIP","floor":2},{"not_picked":["Blade Dance","Acrobatics"],"picked":"Bane","floor":3},{"not_picked":["Acrobatics","Well Laid Plans","Dodge and Roll"],"picked":"SKIP","floor":4},{"not_picked":["Dodge and Roll","Acrobatics"],"picked":"Corpse Explosion","floor":5},{"not_picked":["Outmaneuver","Blade Dance"],"picked":"Dagger Spray","floor":6},{"not_picked":["Riddle With Holes","Bane"],"picked":"Dash","floor":7},{"not_picked":["Crippling Poison","Masterful Stab"],"picked":"Envenom","floor":11},{"not_picked":["Distraction","Outmaneuver","Prepared"],"picked":"SKIP","floor":12},{"not_picked":["Skewer","Well Laid Plans"],"picked":"Terror","floor":13},{"not_picked":["Slice","Well Laid Plans","Calculated Gamble"],"picked":"SKIP","floor":14},{"not_picked":["Phantasmal Killer","Adrenaline"],"picked":"A Thousand Cuts","floor":16},{"not_picked":["Quick Slash","Sucker Punch"],"picked":"Dagger Spray","floor":18},{"not_picked":["Dagger Throw","Sucker Punch","Eviscerate"],"picked":"SKIP","floor":19},{"not_picked":["Sucker Punch","Terror","Bane"],"picked":"SKIP","floor":22},{"not_picked":["Bane","Sucker Punch"],"picked":"Deadly Poison+1","floor":24},{"not_picked":["Glass Knife","Deadly Poison+1","Eviscerate"],"picked":"SKIP","floor":25}],"player_experience":21119,"relics_obtained":[{"floor":9,"key":"Bronze Scales"},{"floor":20,"key":"Potion Belt"},{"floor":25,"key":"Mummified Hand"},{"floor":26,"key":"Ornamental Fan"}],"event_choices":[],"is_beta":false,"boss_relics":[{"not_picked":["Black Star","Calling Bell"],"picked":"Tiny House"}],"items_purged_floors":[21],"is_endless":false,"potions_floor_spawned":[1,4,7,12,19,24],"killed_by":"Cultist and Chosen","ascension_level":0}