{"gold_per_floor":[215,15,32,32,32,51,85,85,132,132,165,225,260,276,276,379,379,390,360,435,133,85,85,117,117,164,164,0,0,0,10,10,106,106,123,23,43,0,0,0,34,34,34,34,63,74,74,74,74,74],"floor_reached":51,"playtime":2630,"items_purged":["Strike_B","Defend_B","Defend_B"],"score":1175,"play_id":"1afe384a-7c89-4208-8d9e-62641f1c37d1","local_time":"20190410152057","is_ascension_mode":true,"campfire_choices":[{"data":"Zap","floor":10,"key":"SMITH"},{"data":"Go for the Eyes","floor":15,"key":"SMITH"},{"floor":23,"key":"REST"},{"floor":25,"key":"DIG"},{"floor":27,"key":"DIG"},{"floor":29,"key":"DIG"},{"floor":32,"key":"DIG"},{"floor":40,"key":"DIG"},{"floor":44,"key":"DIG"},{"floor":49,"key":"DIG"}],"neow_cost":"NONE","seed_source_timestamp":707948382400,"circlet_count":0,"master_deck":["AscendersBane","Strike_B","Strike_B","Strike_B","Defend_B","Defend_B","Zap+1","Dualcast","Cold Snap","Ball Lightning","Cold Snap","Chill","Core Surge","BootSequence+1","Go for the Eyes+1","Biased Cognition","Hologram+1","Hologram+1","BootSequence+1","Defragment","Sunder+1","Compile Driver+1","Leap+1","Creative AI","Capacitor","Go for the Eyes","White Noise+1","Tempest+1","Parasite","Barrage+1"],"relics":["Cracked Core","Tiny Chest","Juzu Bracelet","Toxic Egg 2","Happy Flower","Meat on the Bone","Shuriken","Boot","Runic Dome","Ice Cream","Shovel","Prayer Wheel","Orichalcum","The Courier","Blood Vial","Strawberry","Black Star","Red Mask","Mango","Bronze Scales","Kunai","Darkstone Periapt","Du-Vu Doll","Dodecahedron","Ancient Tea Set","Sundial","Ornamental Fan"],"potions_floor_usage":[7,12,12,33,33,37,41,41,46],"damage_taken":[{"damage":1,"enemies":"2 Louse","floor":1,"turns":3},{"damage":4,"enemies":"Jaw Worm","floor":3,"turns":5},{"damage":0,"enemies":"Small Slimes","floor":6,"turns":3},{"damage":15,"enemies":"Gremlin Nob","floor":7,"turns":4},{"damage":7,"enemies":"Lagavulin","floor":11,"turns":6},{"damage":11,"enemies":"Gremlin Nob","floor":12,"turns":4},{"damage":2,"enemies":"3 Sentries","floor":13,"turns":6},{"damage":0,"enemies":"2 Fungi Beasts","floor":14,"turns":2},{"damage":43,"enemies":"Slime Boss","floor":16,"turns":11},{"damage":12,"enemies":"Spheric Guardian","floor":18,"turns":5},{"damage":16,"enemies":"Gremlin Leader","floor":24,"turns":6},{"damage":0,"enemies":"Shell Parasite","floor":31,"turns":5},{"damage":24,"enemies":"Champ","floor":33,"turns":11},{"damage":1,"enemies":"Orb Walker","floor":35,"turns":3},{"damage":20,"enemies":"3 Darklings","floor":37,"turns":7},{"damage":11,"enemies":"Reptomancer","floor":41,"turns":7},{"damage":25,"enemies":"Giant Head","floor":45,"turns":9},{"damage":7,"enemies":"Writhing Mass","floor":46,"turns":6},{"damage":62,"enemies":"Time Eater","floor":50,"turns":10}],"seed_played":"-6749148240205445202","potions_obtained":[{"floor":1,"key":"Strength Potion"},{"floor":6,"key":"SkillPotion"},{"floor":7,"key":"Weak Potion"},{"floor":18,"key":"GamblersBrew"},{"floor":19,"key":"Strength Potion"},{"floor":19,"key":"PowerPotion"},{"floor":33,"key":"Swift Potion"},{"floor":37,"key":"Explosive Potion"},{"floor":45,"key":"GamblersBrew"}],"is_trial":false,"path_per_floor":["M","$","M","?","?","M","E","?","T","R","E","?","E","M","R","B",null,"M","?","?","$","$","R","E","R","T","R","$","R","?","M","R","B",null,"M","$","M","?","$","R","E","T","T","R","E","M","T","?","R","B",null],"character_chosen":"DEFECT","items_purchased":["Tiny Chest","Ice Cream","Hologram+1","Defragment","Sunder"],"campfire_rested":1,"item_purchase_floors":[2,21,22,28,28],"current_hp_per_floor":[67,67,63,63,63,63,48,45,45,45,38,39,49,49,49,18,61,49,49,42,42,42,64,48,48,48,48,48,48,48,50,57,47,73,74,74,56,56,56,70,61,61,61,61,50,63,63,63,63,15],"gold":74,"neow_bonus":"HUNDRED_GOLD","is_prod":false,"is_daily":false,"chose_seed":false,"campfire_upgraded":2,"win_rate":0,"timestamp":1554902457,"path_taken":["M","$","M","?","?","?","E","?","T","R","E","?","E","M","R","BOSS","M","?","?","?","$","R","E","R","T","R","$","R","?","M","R","BOSS","M","?","M","?","?","R","E","?","T","R","E","M","?","?","R","BOSS"],"build_version":"2019-01-23","purchased_purges":3,"victory":true,"max_hp_per_floor":[75,75,75,75,75,75,75,75,75,75,75,75,75,75,75,75,75,75,75,75,75,75,75,75,75,75,75,75,75,75,75,82,82,82,82,82,82,82,82,96,96,96,96,96,96,102,102,102,102,102],"card_choices":[{"not_picked":["Rip and Tear","Double Energy"],"picked":"Cold Snap","floor":1},{"not_picked":["Steam","Cold Snap"],"picked":"Ball Lightning","floor":3},{"not_picked":["Sweeping Beam","Barrage"],"picked":"Cold Snap","floor":6},{"not_picked":["Compile Driver","Blizzard"],"picked":"Chill","floor":7},{"not_picked":["Streamline","BootSequence+1"],"picked":"Core Surge","floor":11},{"not_picked":["Beam Cell","Leap+1"],"picked":"BootSequence+1","floor":12},{"not_picked":["Skim+1","Streamline","Amplify+1"],"picked":"SKIP","floor":13},{"not_picked":["Lockon","Stack+1"],"picked":"Go for the Eyes","floor":14},{"not_picked":["Seek+1","Multi-Cast+1"],"picked":"Biased Cognition","floor":16},{"not_picked":["Compile Driver","Ball Lightning"],"picked":"Hologram+1","floor":18},{"not_picked":["Undo+1","Rebound"],"picked":"BootSequence+1","floor":24},{"not_picked":["Hologram+1","Blizzard"],"picked":"Compile Driver+1","floor":31},{"not_picked":["Hyperbeam","Genetic Algorithm+1"],"picked":"Leap+1","floor":31},{"not_picked":["Meteor Strike","All For One"],"picked":"Creative AI","floor":33},{"not_picked":["Tempest+1","Streamline"],"picked":"Capacitor","floor":35},{"not_picked":["Go for the Eyes","Turbo+1","Rainbow+1"],"picked":"SKIP","floor":35},{"not_picked":["Turbo+1","Rainbow+1"],"picked":"Go for the Eyes","floor":35},{"not_picked":["Turbo+1","Chaos+1","BootSequence+1"],"picked":"SKIP","floor":37},{"not_picked":["Consume+1","Capacitor","Gash+1"],"picked":"SKIP","floor":37},{"not_picked":["Fusion+1","Force Field+1"],"picked":"White Noise+1","floor":41},{"not_picked":["Compile Driver+1","Force Field+1"],"picked":"Tempest+1","floor":45},{"not_picked":["Go for the Eyes","Turbo+1"],"picked":"Barrage+1","floor":46},{"not_picked":["Sunder+1","Coolheaded+1","Rebound"],"picked":"SKIP","floor":46}],"player_experience":515681,"relics_obtained":[{"floor":7,"key":"Juzu Bracelet"},{"floor":9,"key":"Happy Flower"},{"floor":11,"key":"Meat on the Bone"},{"floor":12,"key":"Shuriken"},{"floor":13,"key":"Boot"},{"floor":24,"key":"Shovel"},{"floor":25,"key":"Prayer Wheel"},{"floor":26,"key":"Orichalcum"},{"floor":27,"key":"The Courier"},{"floor":29,"key":"Blood Vial"},{"floor":32,"key":"Strawberry"},{"floor":40,"key":"Mango"},{"floor":41,"key":"Bronze Scales"},{"floor":41,"key":"Kunai"},{"floor":43,"key":"Darkstone Periapt"},{"floor":44,"key":"Du-Vu Doll"},{"floor":45,"key":"Dodecahedron"},{"floor":45,"key":"Ancient Tea Set"},{"floor":47,"key":"Sundial"},{"floor":49,"key":"Ornamental Fan"}],"event_choices":[{"damage_healed":0,"gold_gain":0,"player_choice":"Leave","damage_taken":0,"max_hp_gain":0,"max_hp_loss":0,"event_name":"The Cleric","floor":4,"gold_loss":0},{"damage_healed":0,"gold_gain":0,"player_choice":"Ignored","damage_taken":0,"max_hp_gain":0,"max_hp_loss":0,"event_name":"Liars Game","floor":5,"gold_loss":0},{"damage_healed":0,"gold_gain":0,"player_choice":"Success","damage_taken":3,"relics_obtained":["Toxic Egg 2"],"max_hp_gain":0,"max_hp_loss":0,"event_name":"Scrap Ooze","floor":8,"gold_loss":0},{"damage_healed":0,"gold_gain":30,"player_choice":"Searched \u00272\u0027 times","damage_taken":0,"max_hp_gain":0,"max_hp_loss":0,"event_name":"Dead Adventurer","floor":12,"gold_loss":0},{"damage_healed":0,"gold_gain":0,"player_choice":"Bought 2 Potions","damage_taken":0,"max_hp_gain":0,"max_hp_loss":0,"event_name":"The Woman in Blue","floor":19,"gold_loss":0},{"damage_healed":0,"gold_gain":75,"player_choice":"Touch","damage_taken":7,"max_hp_gain":0,"max_hp_loss":0,"event_name":"FaceTrader","floor":20,"gold_loss":0},{"damage_healed":0,"gold_gain":0,"player_choice":"Forge","damage_taken":0,"max_hp_gain":0,"max_hp_loss":0,"event_name":"Accursed Blacksmith","floor":30,"gold_loss":0,"cards_upgraded":["Sunder"]},{"damage_healed":0,"gold_gain":0,"player_choice":"Paid","damage_taken":0,"relics_obtained":["Red Mask"],"max_hp_gain":0,"max_hp_loss":0,"event_name":"Tomb of Lord Red Mask","floor":38,"gold_loss":43},{"damage_healed":0,"gold_gain":0,"player_choice":"Ignored","damage_taken":0,"max_hp_gain":0,"max_hp_loss":0,"event_name":"Mysterious Sphere","floor":48,"gold_loss":0}],"is_beta":false,"boss_relics":[{"not_picked":["Snecko Eye","FrozenCore"],"picked":"Runic Dome"},{"not_picked":["Fusion Hammer","Coffee Dripper"],"picked":"Black Star"}],"items_purged_floors":[2,28,36],"is_endless":false,"potions_floor_spawned":[1,6,7,18,33,37,45],"ascension_level":10}