{"gold_per_floor":[116,131,131,156,156,156,199,199,251,176,191,191,226,226,226,356,356,381,404,97,121,139,139,61,86,86,86,110,110,110,133,133,256,256,270,603,603,603,123,123,70,81,81,181,181,193,206,42,42,42],"floor_reached":51,"playtime":2445,"items_purged":["Strike_B","Defend_B","Strike_B"],"score":1013,"play_id":"d7adf363-c9dc-44b6-a32e-f74efbee799c","local_time":"20190410164810","is_ascension_mode":true,"campfire_choices":[{"data":"Zap","floor":6,"key":"SMITH"},{"data":"Defragment","floor":8,"key":"SMITH"},{"data":"Go for the Eyes","floor":12,"key":"SMITH"},{"data":"Self Repair","floor":15,"key":"SMITH"},{"floor":23,"key":"REST"},{"floor":29,"key":"REST"},{"floor":32,"key":"REST"},{"data":"Creative AI","floor":40,"key":"SMITH"},{"floor":45,"key":"REST"},{"floor":49,"key":"REST"}],"neow_cost":"NONE","seed_source_timestamp":6120247076160,"circlet_count":0,"master_deck":["AscendersBane","Strike_B","Defend_B","Defend_B","Defend_B","Zap+1","Dualcast","FTL","Ball Lightning","Leap","Defragment+1","Go for the Eyes+1","Self Repair+1","Creative AI+1","Capacitor","Cold Snap+1","White Noise","Finesse","Conserve Battery","Cold Snap","Storm+1","BootSequence","Electrodynamics","FTL+1","Hologram","Hologram+1","Capacitor"],"relics":["Cracked Core","Bronze Scales","Lantern","Bottled Flame","Philosopher\u0027s Stone","Letter Opener","Busted Crown","DataDisk","Bag of Preparation","Dodecahedron","Torii"],"potions_floor_usage":[7,7,21,22,25,27,31,33,47,50,50],"damage_taken":[{"damage":1,"enemies":"Jaw Worm","floor":1,"turns":4},{"damage":0,"enemies":"Small Slimes","floor":2,"turns":3},{"damage":0,"enemies":"Cultist","floor":4,"turns":3},{"damage":2,"enemies":"Lagavulin","floor":7,"turns":7},{"damage":0,"enemies":"Exordium Wildlife","floor":11,"turns":3},{"damage":27,"enemies":"3 Sentries","floor":13,"turns":6},{"damage":33,"enemies":"Slime Boss","floor":16,"turns":7},{"damage":31,"enemies":"3 Byrds","floor":18,"turns":3},{"damage":16,"enemies":"Shell Parasite","floor":19,"turns":5},{"damage":19,"enemies":"Chosen and Byrds","floor":21,"turns":3},{"damage":29,"enemies":"Cultist and Chosen","floor":22,"turns":6},{"damage":14,"enemies":"Shelled Parasite and Fungi","floor":25,"turns":6},{"damage":23,"enemies":"Colosseum Slavers","floor":27,"turns":3},{"damage":21,"enemies":"Sentry and Sphere","floor":28,"turns":3},{"damage":4,"enemies":"Centurion and Healer","floor":31,"turns":4},{"damage":24,"enemies":"Champ","floor":33,"turns":10},{"damage":42,"enemies":"3 Darklings","floor":35,"turns":3},{"damage":2,"enemies":"Orb Walker","floor":42,"turns":2},{"damage":0,"enemies":"Mind Bloom Boss Battle","floor":44,"turns":5},{"damage":23,"enemies":"Jaw Worm Horde","floor":46,"turns":4},{"damage":10,"enemies":"3 Darklings","floor":47,"turns":3},{"damage":58,"enemies":"Donu and Deca","floor":50,"turns":5}],"seed_played":"-1721583272821099527","potions_obtained":[{"floor":2,"key":"Weak Potion"},{"floor":4,"key":"Strength Potion"},{"floor":16,"key":"Poison Potion"},{"floor":18,"key":"SmokeBomb"},{"floor":22,"key":"FearPotion"},{"floor":28,"key":"Weak Potion"},{"floor":31,"key":"GamblersBrew"}],"is_trial":false,"path_per_floor":["M","M","?","M","?","R","E","R","T","$","M","R","E","?","R","B",null,"M","M","$","M","M","R","$","M","T","?","M","R","?","M","R","B",null,"M","?","?","?","$","R","$","M","T","?","R","M","M","$","R","B",null],"character_chosen":"DEFECT","items_purchased":["White Noise","Finesse","PowerPotion","EssenceOfSteel","DataDisk","Bag of Preparation","Explosive Potion","Hologram","Capacitor","Regen Potion","PowerPotion"],"campfire_rested":5,"item_purchase_floors":[20,20,20,24,39,39,39,41,48,48,48],"current_hp_per_floor":[74,74,74,74,74,74,72,72,72,72,72,72,45,76,76,53,70,49,43,43,34,25,47,47,43,43,30,19,41,27,33,55,41,67,35,35,54,54,54,54,54,52,52,62,76,63,63,63,76,30],"gold":42,"neow_bonus":"TEN_PERCENT_HP_BONUS","is_prod":false,"is_daily":false,"chose_seed":false,"campfire_upgraded":5,"win_rate":0,"timestamp":1554907690,"path_taken":["M","M","?","M","?","R","E","R","T","?","M","R","E","?","R","BOSS","M","M","$","M","M","R","?","M","T","?","M","R","?","M","R","BOSS","M","?","?","?","$","R","$","?","T","?","R","M","M","?","R","BOSS"],"build_version":"2019-01-23","purchased_purges":3,"victory":true,"max_hp_per_floor":[82,82,76,76,76,76,76,76,76,76,76,76,76,76,76,76,76,76,76,76,76,76,76,76,76,76,76,76,76,76,76,76,76,76,76,76,76,76,76,76,76,76,76,76,76,76,76,76,76,76],"card_choices":[{"not_picked":["Sweeping Beam","Rebound"],"picked":"FTL","floor":1},{"not_picked":["Sweeping Beam","Stack"],"picked":"Ball Lightning","floor":2},{"not_picked":["Coolheaded","Conserve Battery"],"picked":"Leap","floor":4},{"not_picked":["Gash","Consume"],"picked":"Defragment","floor":7},{"not_picked":["Streamline","Turbo"],"picked":"Go for the Eyes","floor":11},{"not_picked":["Self Repair","Double Energy","Fusion"],"picked":"SKIP","floor":13},{"not_picked":["Double Energy","Fusion"],"picked":"Self Repair","floor":13},{"not_picked":["Rainbow","Thunder Strike"],"picked":"Creative AI","floor":16},{"not_picked":["Barrage+1","Tempest+1"],"picked":"Capacitor","floor":18},{"not_picked":["Ball Lightning","Compile Driver+1"],"picked":"Cold Snap+1","floor":19},{"not_picked":["Static Discharge","Go for the Eyes"],"picked":"Conserve Battery","floor":21},{"not_picked":["Undo","Gash"],"picked":"Cold Snap","floor":22},{"not_picked":["Stack+1","Beam Cell"],"picked":"Storm+1","floor":25},{"not_picked":["Scrape","Stack","Gash"],"picked":"SKIP","floor":28},{"not_picked":["Consume","Stack"],"picked":"BootSequence","floor":31},{"not_picked":["All For One","Biased Cognition"],"picked":"Electrodynamics","floor":33},{"not_picked":[],"picked":"FTL+1","floor":35},{"not_picked":[],"picked":"Hologram+1","floor":42},{"not_picked":["Streamline"],"picked":"SKIP","floor":46},{"not_picked":["Ball Lightning+1"],"picked":"SKIP","floor":47}],"player_experience":518739,"relics_obtained":[{"floor":7,"key":"Bronze Scales"},{"floor":9,"key":"Lantern"},{"floor":13,"key":"Bottled Flame"},{"floor":26,"key":"Letter Opener"},{"floor":43,"key":"Dodecahedron"},{"floor":44,"key":"Torii"}],"event_choices":[{"damage_healed":0,"gold_gain":0,"player_choice":"Lose Max HP","damage_taken":0,"relics_obtained":["Golden Idol"],"max_hp_gain":0,"max_hp_loss":6,"event_name":"Golden Idol","floor":3,"gold_loss":0},{"damage_healed":0,"gold_gain":0,"cards_transformed":["Strike_B"],"player_choice":"Change","damage_taken":0,"max_hp_gain":0,"max_hp_loss":0,"event_name":"Living Wall","floor":5,"gold_loss":0,"cards_obtained":["Aggregate"]},{"cards_removed":["Aggregate"],"damage_healed":31,"gold_gain":0,"player_choice":"Offered Uncommon","damage_taken":0,"max_hp_gain":0,"max_hp_loss":0,"event_name":"Bonfire Elementals","floor":14,"gold_loss":0},{"damage_healed":0,"gold_gain":0,"player_choice":"Fight","damage_taken":0,"max_hp_gain":0,"max_hp_loss":0,"event_name":"Colosseum","floor":27,"gold_loss":0},{"damage_healed":0,"gold_gain":0,"player_choice":"Fled From Nobs","damage_taken":0,"max_hp_gain":0,"max_hp_loss":0,"event_name":"Colosseum","floor":27,"gold_loss":0},{"damage_healed":0,"gold_gain":0,"player_choice":"POTION ","damage_taken":14,"max_hp_gain":0,"max_hp_loss":0,"event_name":"Knowing Skull","floor":30,"potions_obtained":["AttackPotion"],"gold_loss":0,"cards_obtained":[]},{"damage_healed":0,"gold_gain":333,"player_choice":"Gave Idol","damage_taken":0,"max_hp_gain":0,"max_hp_loss":0,"event_name":"The Moai Head","floor":36,"relics_lost":["Golden Idol"],"gold_loss":0},{"damage_healed":19,"gold_gain":0,"player_choice":"Writhe","damage_taken":0,"max_hp_gain":0,"max_hp_loss":0,"event_name":"Winding Halls","floor":37,"gold_loss":0,"cards_obtained":["Writhe"]},{"cards_removed":["Writhe"],"damage_healed":0,"gold_gain":0,"player_choice":"Removed Curses","damage_taken":0,"max_hp_gain":0,"max_hp_loss":0,"event_name":"Fountain of Cleansing","floor":38,"gold_loss":0},{"damage_healed":0,"gold_gain":0,"player_choice":"Fight","damage_taken":0,"max_hp_gain":0,"max_hp_loss":0,"event_name":"MindBloom","floor":44,"gold_loss":0}],"is_beta":false,"boss_relics":[{"not_picked":["Fusion Hammer","Inserter"],"picked":"Philosopher\u0027s Stone"},{"not_picked":["Coffee Dripper","Runic Dome"],"picked":"Busted Crown"}],"items_purged_floors":[10,20,39],"is_endless":false,"potions_floor_spawned":[2,4,16,18,22,27,28,31,42],"ascension_level":11}