{"gold_per_floor":[119,44,44,63,80,108,108,121,121,121],"floor_reached":10,"playtime":370,"items_purged":["Strike_B"],"score":68,"play_id":"9a8fde88-a609-4f91-80f4-b177f73900c9","local_time":"20190419130042","is_ascension_mode":false,"campfire_choices":[{"data":"Zap","floor":7,"key":"SMITH"}],"neow_cost":"NONE","seed_source_timestamp":13351246789679,"circlet_count":0,"master_deck":["Strike_B","Strike_B","Strike_B","Defend_B","Defend_B","Defend_B","Defend_B","Zap+1","Dualcast","Double Energy","Gash","Pain","FTL","White Noise+1","Streamline"],"relics":["Cracked Core","Toxic Egg 2","Ornamental Fan"],"potions_floor_usage":[6],"damage_taken":[{"damage":0,"enemies":"2 Louse","floor":1,"turns":3},{"damage":3,"enemies":"Cultist","floor":4,"turns":3},{"damage":15,"enemies":"Jaw Worm","floor":5,"turns":4},{"damage":36,"enemies":"Lagavulin","floor":6,"turns":7},{"damage":15,"enemies":"Large Slime","floor":8,"turns":5},{"damage":0,"enemies":"2 Fungi Beasts","floor":10,"turns":1}],"seed_played":"6955576023751745337","potions_obtained":[{"floor":1,"key":"Dexterity Potion"},{"floor":5,"key":"Weak Potion"},{"floor":6,"key":"Energy Potion"}],"is_trial":false,"path_per_floor":["M","$","?","M","M","E","R","M","T","M"],"character_chosen":"DEFECT","items_purchased":[],"campfire_rested":0,"item_purchase_floors":[],"current_hp_per_floor":[75,75,75,72,57,21,21,6,6,6],"gold":121,"neow_bonus":"THREE_CARDS","is_prod":false,"is_daily":false,"chose_seed":false,"campfire_upgraded":1,"win_rate":0,"timestamp":1555650042,"path_taken":["M","$","?","?","M","E","R","M","T","M"],"build_version":"2019-01-23","purchased_purges":1,"victory":false,"max_hp_per_floor":[75,75,75,75,75,75,75,75,75,75],"card_choices":[{"not_picked":["Stack","Beam Cell"],"picked":"Double Energy","floor":0},{"not_picked":["Recycle","Barrage"],"picked":"Gash","floor":1},{"not_picked":["Static Discharge","Conserve Battery","Heatsinks"],"picked":"SKIP","floor":4},{"not_picked":["Barrage","Steam"],"picked":"FTL","floor":5},{"not_picked":["Fission","Heatsinks"],"picked":"White Noise","floor":6},{"not_picked":["Cold Snap","Sunder"],"picked":"Streamline","floor":8}],"player_experience":450224,"relics_obtained":[{"floor":6,"key":"Toxic Egg 2"},{"floor":9,"key":"Ornamental Fan"}],"event_choices":[{"damage_healed":0,"gold_gain":0,"player_choice":"1 cards matched","damage_taken":0,"max_hp_gain":0,"max_hp_loss":0,"event_name":"Match and Keep!","floor":3,"gold_loss":0,"cards_obtained":["Pain"]}],"is_beta":false,"boss_relics":[],"items_purged_floors":[2],"is_endless":false,"potions_floor_spawned":[1,5,6],"killed_by":"2 Fungi Beasts","ascension_level":0}