{"gold_per_floor":[110,130,147,147,34,34,51,82,82,100,145,158,158,186,186,290,290,310,310,310,310,310,310,342,358,358,358,358,371,102,114,114,211,211,222,240,139,139,164,196,196,196,196,196,196,209,260,260],"floor_reached":48,"playtime":2921,"items_purged":["Strike_B+1","Strike_B+1"],"score":680,"play_id":"1d8b8466-a684-441f-9dc1-306a46d591d0","local_time":"20190421204632","is_ascension_mode":true,"campfire_choices":[{"data":"Dualcast","floor":6.0,"key":"SMITH"},{"floor":13.0,"key":"REST"},{"floor":15.0,"key":"REST"},{"data":"RitualDagger","floor":23,"key":"SMITH"},{"floor":27,"key":"REST"},{"floor":32,"key":"REST"},{"floor":42,"key":"REST"},{"floor":44,"key":"REST"}],"neow_cost":"TEN_PERCENT_HP_LOSS","seed_source_timestamp":0,"circlet_count":0,"master_deck":["Strike_B+1","Strike_B+1","Defend_B+1","Defend_B+1","Defend_B+1","Defend_B+1","Zap+1","Dualcast+1","Capacitor","Ball Lightning","Cold Snap","Thunder Strike","Ball Lightning","Conserve Battery","Melter","Reinforced Body","All For One","RitualDagger+1","Undo+1","FTL+1","Coolheaded+1","Chill","Conserve Battery+1","Sweeping Beam+1","Defragment","Cold Snap+1","Doom and Gloom+1"],"special_seed":0,"relics":["Cracked Core","Calipers","Tiny Chest","Juzu Bracelet","Orichalcum","Dodecahedron","Busted Crown","Gremlin Horn","Molten Egg 2","MutagenicStrength","Membership Card","Inserter","Lantern","Bottled Tornado","Singing Bowl","Smiling Mask"],"potions_floor_usage":[24,24,40,40],"damage_taken":[{"damage":2.0,"enemies":"2 Louse","floor":1.0,"turns":3.0},{"damage":11.0,"enemies":"Cultist","floor":2.0,"turns":4.0},{"damage":7.0,"enemies":"Jaw Worm","floor":3.0,"turns":3.0},{"damage":11.0,"enemies":"3 Louse","floor":7.0,"turns":3.0},{"damage":28.0,"enemies":"3 Sentries","floor":8.0,"turns":10.0},{"damage":8.0,"enemies":"Blue Slaver","floor":10.0,"turns":2.0},{"damage":0.0,"enemies":"Large Slime","floor":12.0,"turns":4.0},{"damage":11.0,"enemies":"Gremlin Nob","floor":14.0,"turns":3.0},{"damage":20.0,"enemies":"The Guardian","floor":16.0,"turns":11.0},{"damage":9,"enemies":"3 Byrds","floor":18,"turns":4},{"damage":9,"enemies":"Slavers","floor":24,"turns":6},{"damage":0,"enemies":"Chosen","floor":25,"turns":4},{"damage":2,"enemies":"Snecko","floor":29,"turns":4},{"damage":18,"enemies":"Snake Plant","floor":31,"turns":4},{"damage":35,"enemies":"Automaton","floor":33,"turns":11},{"damage":0,"enemies":"3 Shapes","floor":35,"turns":4},{"damage":14,"enemies":"3 Darklings","floor":36,"turns":5},{"damage":39,"enemies":"Nemesis","floor":40,"turns":7},{"damage":12,"enemies":"Spire Growth","floor":46,"turns":5},{"damage":41,"enemies":"Giant Head","floor":48,"turns":7}],"seed_played":"7867240448990289873","potions_obtained":[{"floor":1.0,"key":"GamblersBrew"},{"floor":8.0,"key":"Weak Potion"},{"floor":12.0,"key":"SteroidPotion"},{"floor":16.0,"key":"FearPotion"},{"floor":18,"key":"Strength Potion"},{"floor":29,"key":"Regen Potion"},{"floor":35,"key":"SkillPotion"},{"floor":46,"key":"Poison Potion"}],"is_trial":false,"path_per_floor":["M","M","M","?","$","R","M","E","T","M","T","M","R","E","R","B",null,"M","?","?","?","?","R","E","M","T","R","?","M","$","M","R","B",null,"M","M","$","?","T","E","?","R","T","R","?","M","T","E"],"character_chosen":"DEFECT","items_purchased":["Tiny Chest","Membership Card","Chill","Defragment","Cold Snap+1"],"campfire_rested":6,"item_purchase_floors":[5,30,30,37,37],"current_hp_per_floor":[66,55,48,48,48,48,37,9,9,1,1,1,21,10,30,10,54,45,45,45,39,39,39,30,30,30,50,50,48,48,30,50,15,55,55,41,41,41,41,7,7,26,26,45,47,37,37,0],"gold":260,"neow_bonus":"ONE_RARE_RELIC","is_prod":false,"is_daily":false,"chose_seed":false,"campfire_upgraded":2,"win_rate":0,"timestamp":1555893992,"path_taken":["M","M","M","?","$","R","?","E","T","M","?","M","R","E","R","BOSS","M","?","?","?","?","R","E","M","T","R","?","M","$","M","R","BOSS","M","M","$","?","?","E","?","R","T","R","?","M","?","E"],"build_version":"2019-01-23","purchased_purges":2,"victory":false,"max_hp_per_floor":[68,68,68,68,68,68,68,68,68,68,68,68,68,68,68,68,68,68,68,68,68,68,68,68,68,68,68,68,68,68,68,68,68,68,68,68,68,65,65,65,65,65,65,65,67,69,69,69],"card_choices":[{"not_picked":["Hologram","Heatsinks"],"picked":"Capacitor","floor":1.0},{"not_picked":["Darkness","Sweeping Beam"],"picked":"Ball Lightning","floor":2.0},{"not_picked":["Fusion","Barrage"],"picked":"Cold Snap","floor":3.0},{"not_picked":["Storm","White Noise"],"picked":"Thunder Strike","floor":7.0},{"not_picked":["Darkness","Recycle"],"picked":"Ball Lightning","floor":8.0},{"not_picked":["Turbo","Barrage"],"picked":"Conserve Battery","floor":10.0},{"not_picked":["Heatsinks","Hologram"],"picked":"Melter","floor":12.0},{"not_picked":["Stack","Auto Shields"],"picked":"Reinforced Body","floor":14.0},{"not_picked":["Fission","Amplify"],"picked":"All For One","floor":16.0},{"not_picked":["Rip and Tear"],"picked":"SKIP","floor":18},{"not_picked":[],"picked":"Undo+1","floor":24},{"not_picked":[],"picked":"FTL+1","floor":25},{"not_picked":[],"picked":"Coolheaded+1","floor":29},{"not_picked":[],"picked":"Conserve Battery+1","floor":31},{"not_picked":["Hello World"],"picked":"SKIP","floor":35},{"not_picked":[],"picked":"Sweeping Beam+1","floor":36},{"not_picked":[],"picked":"Doom and Gloom+1","floor":40},{"not_picked":["Deep Breath"],"picked":"Singing Bowl","floor":45},{"not_picked":["Beam Cell+1"],"picked":"Singing Bowl","floor":46}],"player_experience":199824,"relics_obtained":[{"floor":8.0,"key":"Juzu Bracelet"},{"floor":11.0,"key":"Orichalcum"},{"floor":14.0,"key":"Dodecahedron"},{"floor":24,"key":"Gremlin Horn"},{"floor":26,"key":"Molten Egg 2"},{"floor":39,"key":"Lantern"},{"floor":40,"key":"Bottled Tornado"},{"floor":43,"key":"Singing Bowl"},{"floor":47,"key":"Smiling Mask"}],"event_choices":[{"damage_healed":0.0,"max_hp_gain":0.0,"max_hp_loss":0.0,"gold_gain":0.0,"event_name":"Upgrade Shrine","player_choice":"Upgraded","floor":4.0,"gold_loss":0.0,"damage_taken":0.0,"cards_upgraded":["Zap"]},{"damage_healed":0,"gold_gain":0,"player_choice":"Simplicity","damage_taken":0,"max_hp_gain":0,"max_hp_loss":0,"event_name":"Back to Basics","floor":19,"gold_loss":0,"cards_upgraded":["Strike_B","Strike_B","Strike_B","Strike_B","Defend_B","Defend_B","Defend_B","Defend_B"]},{"damage_healed":0,"gold_gain":0,"player_choice":"Ignored","damage_taken":0,"max_hp_gain":0,"max_hp_loss":0,"event_name":"Vampires","floor":20,"gold_loss":0},{"damage_healed":0,"gold_gain":0,"player_choice":"Joined the Cult","damage_taken":6,"max_hp_gain":0,"max_hp_loss":0,"event_name":"Nest","floor":21,"gold_loss":0,"cards_obtained":["RitualDagger"]},{"damage_healed":0,"gold_gain":0,"player_choice":"Bought 0 Potions","damage_taken":0,"max_hp_gain":0,"max_hp_loss":0,"event_name":"The Woman in Blue","floor":22,"gold_loss":0},{"damage_healed":0,"gold_gain":0,"player_choice":"Inject Mutagens","damage_taken":0,"relics_obtained":["MutagenicStrength"],"max_hp_gain":0,"max_hp_loss":0,"event_name":"Drug Dealer","floor":28,"gold_loss":0},{"damage_healed":0,"gold_gain":0,"player_choice":"Max HP","damage_taken":0,"max_hp_gain":0,"max_hp_loss":3,"event_name":"Winding Halls","floor":38,"gold_loss":0},{"damage_healed":0,"gold_gain":0,"player_choice":"Ignored","damage_taken":0,"max_hp_gain":0,"max_hp_loss":0,"event_name":"Tomb of Lord Red Mask","floor":41,"gold_loss":0},{"damage_healed":0,"gold_gain":0,"player_choice":"Memory 1","damage_taken":0,"max_hp_gain":0,"max_hp_loss":0,"event_name":"SensoryStone","floor":45,"gold_loss":0}],"is_beta":false,"boss_relics":[{"not_picked":["Ectoplasm","White Beast Statue"],"picked":"Busted Crown"},{"not_picked":["Nuclear Battery","Philosopher\u0027s Stone"],"picked":"Inserter"}],"items_purged_floors":[30,37],"is_endless":false,"potions_floor_spawned":[1,8,12,16,18,29,35,46],"killed_by":"Giant Head","ascension_level":8}