{"gold_per_floor":[115,125,125,125,194,194,18,52,52,83,98,115,115,240,240,316,316,330,380],"floor_reached":19,"playtime":886,"items_purged":[],"score":404,"play_id":"3e54f9a3-de07-47ed-8d9d-3cfdcddee32c","local_time":"20190406154236","is_ascension_mode":true,"campfire_choices":[{"floor":6,"key":"RECALL"},{"floor":13,"key":"REST"},{"floor":15,"key":"REST"}],"neow_cost":"NONE","seed_source_timestamp":716685838184890,"circlet_count":0,"master_deck":["AscendersBane","Defend_G","Defend_G","Defend_G","Defend_G","Defend_G","Strike_G","Strike_G","Strike_G","Strike_G","Strike_G","Survivor","Neutralize","Deadly Poison","Footwork","Footwork","After Image","Acrobatics","Dagger Spray","Envenom","Night Terror","Backflip"],"relics":["Fusion Hammer","SsserpentHead","Sling","Letter Opener","Happy Flower","Regal Pillow","Cursed Key"],"potions_floor_usage":[10,19,19],"damage_taken":[{"damage":1,"enemies":"Small Slimes","floor":1,"turns":5},{"damage":0,"enemies":"Cultist","floor":2,"turns":4},{"damage":2,"enemies":"2 Louse","floor":5,"turns":4},{"damage":0,"enemies":"Lagavulin","floor":8,"turns":9},{"damage":22,"enemies":"3 Sentries","floor":10,"turns":15},{"damage":9,"enemies":"Large Slime","floor":11,"turns":8},{"damage":4,"enemies":"Looter","floor":12,"turns":4},{"damage":33,"enemies":"The Guardian","floor":16,"turns":10},{"damage":33,"enemies":"Chosen","floor":18,"turns":8},{"damage":41,"enemies":"Masked Bandits","floor":19,"turns":3}],"seed_played":"-1481980210386563060","potions_obtained":[{"floor":2,"key":"Regen Potion"},{"floor":5,"key":"SkillPotion"},{"floor":10,"key":"SpeedPotion"}],"is_trial":false,"path_per_floor":["M","M","?","?","M","R","$","E","T","E","M","M","R","?","R","B",null,"M","?"],"character_chosen":"THE_SILENT","items_purchased":["Sling"],"campfire_rested":2,"item_purchase_floors":[7],"current_hp_per_floor":[58,58,63,63,61,61,61,61,61,39,30,26,62,51,71,38,63,30,0],"gold":380,"neow_bonus":"BOSS_RELIC","is_prod":false,"is_daily":false,"chose_seed":false,"campfire_upgraded":0,"win_rate":0,"timestamp":1554532956,"path_taken":["M","M","?","?","?","R","?","E","T","E","M","M","R","?","R","BOSS","M","?"],"build_version":"2019-01-23","purchased_purges":0,"victory":false,"max_hp_per_floor":[66,66,71,71,71,71,71,71,71,71,71,71,71,71,71,71,71,71,71],"card_choices":[{"not_picked":["Dagger Throw","Terror"],"picked":"Deadly Poison","floor":1},{"not_picked":["Blur","Dodge and Roll"],"picked":"Footwork","floor":2},{"not_picked":["Flying Knee","Underhanded Strike"],"picked":"Footwork","floor":5},{"not_picked":["Calculated Gamble","Dagger Spray"],"picked":"After Image","floor":8},{"not_picked":["Accuracy","Prepared"],"picked":"Acrobatics","floor":10},{"not_picked":["Eviscerate","Prepared"],"picked":"Dagger Spray","floor":11},{"not_picked":["Flying Knee","Deflect"],"picked":"Envenom","floor":12},{"not_picked":["Envenom","Bullet Time"],"picked":"Night Terror","floor":16},{"not_picked":["Outmaneuver","Flechettes"],"picked":"Backflip","floor":18}],"player_experience":842746,"relics_obtained":[{"floor":8,"key":"Letter Opener"},{"floor":9,"key":"Happy Flower"},{"floor":10,"key":"Regal Pillow"}],"event_choices":[{"damage_healed":0,"gold_gain":0,"player_choice":"Donut","damage_taken":0,"max_hp_gain":5,"max_hp_loss":0,"event_name":"Big Fish","floor":3,"gold_loss":0},{"damage_healed":0,"gold_gain":0,"player_choice":"Trade","damage_taken":0,"relics_obtained":["SsserpentHead"],"max_hp_gain":0,"max_hp_loss":0,"event_name":"FaceTrader","floor":4,"gold_loss":0},{"damage_healed":0,"gold_gain":75,"player_choice":"Gather Gold","damage_taken":11,"max_hp_gain":0,"max_hp_loss":0,"event_name":"World of Goop","floor":14,"gold_loss":0},{"damage_healed":0,"gold_gain":0,"player_choice":"Fought Bandits","damage_taken":0,"max_hp_gain":0,"max_hp_loss":0,"event_name":"Masked Bandits","floor":19,"gold_loss":0}],"is_beta":false,"boss_relics":[{"not_picked":["WristBlade","Calling Bell"],"picked":"Cursed Key"}],"items_purged_floors":[],"is_endless":false,"potions_floor_spawned":[2,5,10],"killed_by":"Masked Bandits","ascension_level":20}