{"gold_per_floor":[113,126,76,39,39,39,74,91,91,107,119,129,129,129,129,129],"floor_reached":16,"playtime":1005,"items_purged":[],"score":152,"play_id":"3bd0b22b-2ae8-4b4e-bb9a-a04e4cc432f3","local_time":"20181122222455","is_ascension_mode":true,"campfire_choices":[{"data":"Neutralize","floor":6.0,"key":"SMITH"},{"data":"Caltrops","floor":13,"key":"SMITH"},{"data":"Backstab","floor":15,"key":"SMITH"}],"neow_cost":"NONE","seed_source_timestamp":0,"circlet_count":0,"master_deck":["Defend_G","Defend_G","Defend_G","Defend_G","Strike_G","Strike_G","Strike_G+1","Strike_G+1","Strike_G","Survivor","Neutralize+1","Blur","Flying Knee","Backflip","Backstab+1","Caltrops+1","Catalyst"],"special_seed":0,"relics":["Ring of the Snake","NeowsBlessing","Darkstone Periapt","Whetstone"],"potions_floor_usage":[12,16],"damage_taken":[{"damage":0.0,"enemies":"Jaw Worm","floor":1.0,"turns":1.0},{"damage":0.0,"enemies":"Small Slimes","floor":2.0,"turns":1.0},{"damage":0.0,"enemies":"Lagavulin","floor":7.0,"turns":1.0},{"damage":0.0,"enemies":"2 Louse","floor":8.0,"turns":2.0},{"damage":1.0,"enemies":"Lots of Slimes","floor":10.0,"turns":3.0},{"damage":5.0,"enemies":"Exordium Thugs","floor":11.0,"turns":4.0},{"damage":2,"enemies":"Exordium Wildlife","floor":12,"turns":4},{"damage":32,"enemies":"Slime Boss","floor":16,"turns":10}],"seed_played":"-7037553908413623947","potions_obtained":[{"floor":8.0,"key":"GamblersBrew"},{"floor":10.0,"key":"Energy Potion"},{"floor":11.0,"key":"FearPotion"}],"is_trial":false,"path_per_floor":["M","M","?","$","?","R","E","M","T","M","M","M","R","?","R","B"],"character_chosen":"THE_SILENT","items_purchased":["Predator"],"campfire_rested":0,"item_purchase_floors":[4],"current_hp_per_floor":[70,70,70,70,75,75,75,75,75,74,69,67,67,67,67,35],"gold":129,"neow_bonus":"THREE_ENEMY_KILL","is_prod":false,"is_daily":false,"chose_seed":false,"campfire_upgraded":3,"win_rate":0,"timestamp":1542947095,"path_taken":["M","M","?","$","?","R","E","M","T","M","M","?","R","?","R","BOSS"],"build_version":"2018-11-15","purchased_purges":0,"victory":false,"max_hp_per_floor":[70,70,70,70,75,75,75,75,75,75,75,75,75,75,75,75],"card_choices":[{"not_picked":["Outmaneuver","Finisher"],"picked":"Blur","floor":1.0},{"not_picked":["Backflip","Blur"],"picked":"Flying Knee","floor":2.0},{"not_picked":["Slice","Endless Agony"],"picked":"Backflip","floor":7.0},{"not_picked":["Tactician","Sucker Punch"],"picked":"Backstab","floor":8.0},{"not_picked":["Choke","Reflex"],"picked":"Caltrops","floor":10.0},{"not_picked":["Reflex","Poisoned Stab","Underhanded Strike"],"picked":"SKIP","floor":11.0},{"not_picked":["Outmaneuver","Caltrops","All Out Attack"],"picked":"SKIP","floor":12}],"player_experience":235433,"relics_obtained":[{"floor":7.0,"key":"Darkstone Periapt"},{"floor":9.0,"key":"Whetstone"}],"event_choices":[{"cards_removed":["Defend_G"],"damage_healed":0.0,"max_hp_gain":0.0,"max_hp_loss":0.0,"gold_gain":0.0,"event_name":"The Cleric","player_choice":"Card Removal","floor":3.0,"gold_loss":50.0,"damage_taken":0.0},{"damage_healed":0.0,"max_hp_gain":5.0,"max_hp_loss":0.0,"gold_gain":0.0,"event_name":"Big Fish","player_choice":"Donut","floor":5.0,"gold_loss":0.0,"damage_taken":0.0},{"damage_healed":0,"gold_gain":0,"cards_transformed":["Predator"],"player_choice":"Transformed","damage_taken":0,"max_hp_gain":0,"max_hp_loss":0,"event_name":"Transmorgrifier","floor":14,"gold_loss":0,"cards_obtained":["Catalyst"]}],"is_beta":false,"boss_relics":[],"items_purged_floors":[],"is_endless":false,"potions_floor_spawned":[8,10,11],"killed_by":"Slime Boss","ascension_level":4}