{"gold_per_floor":[111,111,29,29,43,78,78,127,127,160,160,173,11,44,44,149,149,168,168,184,197,100,135,135,135,135,148,168,31,31,45,45,146,146,165,165,180,180,193,228,228,83,83,94,108,108,84,102,102,102],"floor_reached":51,"playtime":2833,"items_purged":["Strike_B","Strike_B"],"score":819,"play_id":"09ceb5b7-9f49-484f-8019-9faf5b5891fd","local_time":"20181015191712","is_ascension_mode":true,"campfire_choices":[{"data":"Glacier","floor":7,"key":"SMITH"},{"data":"Conserve Battery","floor":11,"key":"SMITH"},{"data":"Doom and Gloom","floor":15,"key":"SMITH"},{"data":"Storm","floor":25,"key":"SMITH"},{"data":"Static Discharge","floor":30,"key":"SMITH"},{"data":"Strike_B","floor":32,"key":"PURGE"},{"data":"Buffer","floor":41,"key":"SMITH"},{"data":"Strike_B","floor":46,"key":"PURGE"},{"floor":49,"key":"REST"}],"neow_cost":"NONE","seed_source_timestamp":271627038181082,"circlet_count":0,"master_deck":["Defend_B","Defend_B","Defend_B","Defend_B","Zap","Dualcast+1","Defragment+1","Glacier+1","Conserve Battery+1","Storm+1","Stack+1","Doom and Gloom+1","White Noise+1","Biased Cognition","Multi-Cast+1","Steam+1","Static Discharge+1","Conserve Battery+1","Buffer+1","Glacier+1","White Noise+1","Steam+1","Storm+1"],"relics":["Cracked Core","Ancient Tea Set","DataDisk","StoneCalendar","Toxic Egg 2","Peace Pipe","Busted Crown","Centennial Puzzle","Blood Vial","Velvet Choker","Blue Candle"],"potions_floor_usage":[18,23,33,50,50],"damage_taken":[{"damage":1,"enemies":"Cultist","floor":1,"turns":3},{"damage":3,"enemies":"2 Louse","floor":5,"turns":3},{"damage":6,"enemies":"3 Sentries","floor":6,"turns":10},{"damage":19,"enemies":"Gremlin Nob","floor":10,"turns":4},{"damage":0,"enemies":"Small Slimes","floor":12,"turns":3},{"damage":0,"enemies":"Lagavulin","floor":14,"turns":6},{"damage":3,"enemies":"Hexaghost","floor":16,"turns":9},{"damage":0,"enemies":"Chosen","floor":18,"turns":4},{"damage":0,"enemies":"Spheric Guardian","floor":20,"turns":3},{"damage":0,"enemies":"3 Cultists","floor":21,"turns":4},{"damage":2,"enemies":"Book of Stabbing","floor":23,"turns":7},{"damage":7,"enemies":"Cultist and Chosen","floor":27,"turns":2},{"damage":0,"enemies":"Snake Plant","floor":28,"turns":2},{"damage":13,"enemies":"Chosen and Byrds","floor":31,"turns":2},{"damage":19,"enemies":"Champ","floor":33,"turns":11},{"damage":6,"enemies":"3 Shapes","floor":35,"turns":2},{"damage":1,"enemies":"Orb Walker","floor":37,"turns":2},{"damage":1,"enemies":"Sphere and 2 Shapes","floor":39,"turns":2},{"damage":16,"enemies":"2 Orb Walkers","floor":40,"turns":4},{"damage":20,"enemies":"Spire Growth","floor":44,"turns":4},{"damage":0,"enemies":"Reptomancer","floor":45,"turns":3},{"damage":15,"enemies":"Sphere and 2 Shapes","floor":48,"turns":3},{"damage":22,"enemies":"Time Eater","floor":50,"turns":15}],"seed_played":"-3105925508395563772","potions_obtained":[{"floor":5,"key":"SkillPotion"},{"floor":12,"key":"Regen Potion"},{"floor":14,"key":"SteroidPotion"},{"floor":16,"key":"Explosive Potion"},{"floor":18,"key":"PowerPotion"},{"floor":27,"key":"FearPotion"},{"floor":37,"key":"SmokeBomb"},{"floor":45,"key":"EssenceOfSteel"}],"is_trial":false,"path_per_floor":["M","?","$","?","M","E","R","T","T","E","R","M","$","E","R","B",null,"M","?","M","M","$","E","?","R","T","M","M","$","R","M","R","B",null,"M","?","M","?","M","E","R","$","T","M","M","R","$","M","R","B"],"character_chosen":"DEFECT","items_purchased":["Glacier","Doom and Gloom","White Noise+1","Steam+1","Static Discharge","Glacier+1","White Noise+1","Steam+1"],"campfire_rested":1,"item_purchase_floors":[3,13,13,22,29,42,42,47],"current_hp_per_floor":[74,74,74,74,71,65,65,65,65,46,46,46,46,46,46,43,75,75,75,75,75,75,73,73,73,73,68,70,70,70,59,59,42,75,69,69,70,70,71,57,57,57,57,39,41,41,41,28,50,45],"gold":102,"neow_bonus":"UPGRADE_CARD","is_prod":false,"is_daily":false,"chose_seed":false,"campfire_upgraded":6,"win_rate":0,"timestamp":1539623832,"path_taken":["M","?","$","?","M","E","R","?","T","E","R","M","$","E","R","BOSS","M","?","?","M","?","E","?","R","T","?","M","$","R","M","R","BOSS","M","?","M","?","?","E","R","?","T","?","M","R","$","M","R","BOSS"],"build_version":"2018-10-11","purchased_purges":2,"victory":true,"max_hp_per_floor":[75,75,75,75,75,75,75,75,75,75,75,75,75,75,75,75,75,75,75,75,75,75,75,75,75,75,75,75,75,75,75,75,75,75,75,75,75,75,75,75,75,75,75,75,75,75,75,75,75,75],"card_choices":[{"not_picked":["Gash","Loop"],"picked":"Defragment","floor":1},{"not_picked":["Rebound","Ball Lightning"],"picked":"Conserve Battery","floor":5},{"not_picked":["Hyperbeam","Sweeping Beam","Consume"],"picked":"SKIP","floor":6},{"not_picked":["Skim","Sunder"],"picked":"Storm","floor":10},{"not_picked":["Cold Snap","Melter"],"picked":"Stack+1","floor":12},{"not_picked":["Recycle+1","Rebound"],"picked":"Biased Cognition","floor":14},{"not_picked":["Biased Cognition","Meteor Strike"],"picked":"Multi-Cast+1","floor":16},{"not_picked":["Hello World+1"],"picked":"SKIP","floor":18},{"not_picked":["Coolheaded+1"],"picked":"SKIP","floor":20},{"not_picked":["Sweeping Beam"],"picked":"SKIP","floor":21},{"not_picked":["Rip and Tear"],"picked":"SKIP","floor":23},{"not_picked":["Hologram+1"],"picked":"SKIP","floor":27},{"not_picked":["Go for the Eyes"],"picked":"SKIP","floor":28},{"not_picked":["Coolheaded+1"],"picked":"SKIP","floor":31},{"not_picked":[],"picked":"Conserve Battery+1","floor":35},{"not_picked":["Hologram+1"],"picked":"SKIP","floor":37},{"not_picked":["Hello World"],"picked":"SKIP","floor":39},{"not_picked":[],"picked":"Buffer","floor":40},{"not_picked":["Compile Driver"],"picked":"SKIP","floor":44},{"not_picked":["Doom and Gloom"],"picked":"SKIP","floor":45},{"not_picked":[],"picked":"Storm+1","floor":48}],"player_experience":198018,"relics_obtained":[{"floor":6,"key":"Ancient Tea Set"},{"floor":8,"key":"DataDisk"},{"floor":9,"key":"StoneCalendar"},{"floor":10,"key":"Toxic Egg 2"},{"floor":14,"key":"Peace Pipe"},{"floor":23,"key":"Centennial Puzzle"},{"floor":26,"key":"Blood Vial"},{"floor":40,"key":"Blue Candle"}],"event_choices":[{"event_name":"Living Wall","player_choice":"Grow","floor":2,"damage_taken":0},{"event_name":"The Cleric","player_choice":"Leave","floor":4,"damage_taken":0},{"event_name":"Vampires","player_choice":"Ignored","floor":19,"damage_taken":0},{"event_name":"The Mausoleum","player_choice":"No","floor":24,"damage_taken":0},{"event_name":"Tomb of Lord Red Mask","player_choice":"Ignored","floor":36,"damage_taken":0},{"event_name":"Mysterious Sphere","player_choice":"Ignore","floor":38,"damage_taken":0}],"is_beta":false,"boss_relics":[{"not_picked":["Snecko Eye","Lizard Tail"],"picked":"Busted Crown"},{"not_picked":["Empty Cage","Pandora\u0027s Box"],"picked":"Velvet Choker"}],"items_purged_floors":[22,29],"is_endless":false,"potions_floor_spawned":[5,12,14,16,18,20,27,37,40,44,45,48],"ascension_level":3}