{"gold_per_floor":[109,127,127,46,46,46,80,97,97,131,131,151,179,194,194,298,298,309,323,323,192,210,210],"floor_reached":23,"playtime":1170,"items_purged":["Decay"],"score":366,"play_id":"91a57d18-2c48-4111-9795-6c12fb6567c4","local_time":"20190424152454","is_ascension_mode":true,"campfire_choices":[{"data":"Skewer","floor":6,"key":"SMITH"},{"floor":11,"key":"REST"},{"data":"Dagger Spray","floor":15,"key":"SMITH"}],"neow_cost":"NONE","seed_source_timestamp":58414559336985,"circlet_count":0,"master_deck":["AscendersBane","Defend_G","Defend_G","Defend_G","Defend_G","Defend_G","Strike_G","Strike_G","Strike_G","Strike_G","Strike_G","Survivor","Neutralize","Noxious Fumes+1","Leg Sweep","Skewer+1","Corpse Explosion","PiercingWail","Deflect","Deflect","Dagger Spray+1","After Image","Deflect+1","Caltrops"],"relics":["Ring of the Snake","NeowsBlessing","Question Card","Smiling Mask","Blood Vial","Prayer Wheel","Cursed Key"],"potions_floor_usage":[13,13,23,23],"damage_taken":[{"damage":0,"enemies":"Small Slimes","floor":1,"turns":1},{"damage":0,"enemies":"Jaw Worm","floor":2,"turns":1},{"damage":0,"enemies":"Lagavulin","floor":7,"turns":1},{"damage":11,"enemies":"2 Louse","floor":8,"turns":2},{"damage":15,"enemies":"3 Sentries","floor":10,"turns":7},{"damage":2,"enemies":"2 Fungi Beasts","floor":12,"turns":2},{"damage":7,"enemies":"Lagavulin","floor":13,"turns":8},{"damage":0,"enemies":"3 Louse","floor":14,"turns":2},{"damage":20,"enemies":"Hexaghost","floor":16,"turns":12},{"damage":27,"enemies":"Chosen","floor":18,"turns":6},{"damage":24,"enemies":"Spheric Guardian","floor":19,"turns":6},{"damage":13,"enemies":"Centurion and Healer","floor":22,"turns":3},{"damage":10,"enemies":"Gremlin Leader","floor":23,"turns":5}],"seed_played":"432125966101838586","potions_obtained":[{"floor":1,"key":"EssenceOfSteel"},{"floor":10,"key":"EssenceOfSteel"},{"floor":13,"key":"Ancient Potion"},{"floor":22,"key":"SkillPotion"}],"is_trial":false,"path_per_floor":["M","M","?","$","?","R","E","M","T","E","R","M","E","M","R","B",null,"M","M","?","$","M","E"],"character_chosen":"THE_SILENT","items_purchased":["Skewer","Caltrops"],"campfire_rested":1,"item_purchase_floors":[4,21],"current_hp_per_floor":[63,63,63,63,60,60,60,49,49,34,55,55,50,52,52,34,61,36,14,14,14,3,0],"gold":210,"neow_bonus":"THREE_ENEMY_KILL","is_prod":false,"is_daily":false,"chose_seed":false,"campfire_upgraded":2,"win_rate":0,"timestamp":1556112294,"path_taken":["M","M","?","$","?","R","E","M","T","E","R","M","E","M","R","BOSS","M","M","?","$","M","E"],"build_version":"2019-01-23","purchased_purges":1,"victory":false,"max_hp_per_floor":[70,70,70,70,70,70,70,70,70,70,70,70,70,70,70,70,70,70,70,70,70,70,70],"card_choices":[{"not_picked":["Distraction","Dagger Spray"],"picked":"Noxious Fumes","floor":1},{"not_picked":["Acrobatics","Poisoned Stab"],"picked":"Leg Sweep","floor":2},{"not_picked":["Sucker Punch","Blade Dance","Slice"],"picked":"Corpse Explosion","floor":7},{"not_picked":["Deadly Poison","Blade Dance","Bane"],"picked":"PiercingWail","floor":8},{"not_picked":["Underhanded Strike","Dagger Spray","Prepared"],"picked":"Deflect","floor":10},{"not_picked":["Cloak And Dagger","Acrobatics","Terror","PiercingWail"],"picked":"SKIP","floor":12},{"not_picked":["Dash","Crippling Poison","Deadly Poison"],"picked":"Deflect","floor":13},{"not_picked":["Eviscerate","Tactician","Quick Slash","Burst"],"picked":"SKIP","floor":14},{"not_picked":["Heel Hook","Quick Slash","Acrobatics","Dagger Spray"],"picked":"SKIP","floor":14},{"not_picked":["Heel Hook","Quick Slash","Acrobatics"],"picked":"Dagger Spray","floor":14},{"not_picked":["Eviscerate","Tactician","Quick Slash","Burst"],"picked":"SKIP","floor":14},{"not_picked":["Eviscerate","Tactician","Quick Slash","Burst"],"picked":"SKIP","floor":14},{"not_picked":["Tools of the Trade","Bullet Time","Unload"],"picked":"After Image","floor":16},{"not_picked":["Prepared+1","Deadly Poison","Reflex+1"],"picked":"Deflect+1","floor":18},{"not_picked":["Deflect","All Out Attack","Outmaneuver","Sucker Punch"],"picked":"SKIP","floor":18},{"not_picked":["Noxious Fumes","Cloak And Dagger","Bane","Catalyst"],"picked":"SKIP","floor":19},{"not_picked":["Catalyst+1","Cloak And Dagger","Dash","Masterful Stab"],"picked":"SKIP","floor":19},{"not_picked":["Blade Dance+1","After Image","Prepared","Sucker Punch+1"],"picked":"SKIP","floor":22},{"not_picked":["Prepared+1","Poisoned Stab","PiercingWail","Backflip"],"picked":"SKIP","floor":22}],"player_experience":485638,"relics_obtained":[{"floor":7,"key":"Smiling Mask"},{"floor":10,"key":"Blood Vial"},{"floor":13,"key":"Prayer Wheel"}],"event_choices":[{"damage_healed":0,"gold_gain":0,"player_choice":"Grow","damage_taken":0,"max_hp_gain":0,"max_hp_loss":0,"event_name":"Living Wall","floor":3,"gold_loss":0,"cards_upgraded":["Noxious Fumes"]},{"damage_healed":0,"gold_gain":0,"player_choice":"Success","damage_taken":3,"relics_obtained":["Question Card"],"max_hp_gain":0,"max_hp_loss":0,"event_name":"Scrap Ooze","floor":5,"gold_loss":0},{"damage_healed":0,"gold_gain":0,"player_choice":"Smashed Altar","damage_taken":0,"max_hp_gain":0,"max_hp_loss":0,"event_name":"Forgotten Altar","floor":20,"gold_loss":0,"cards_obtained":["Decay"]}],"is_beta":false,"boss_relics":[{"not_picked":["Fusion Hammer","Snecko Eye"],"picked":"Cursed Key"}],"items_purged_floors":[21],"is_endless":false,"potions_floor_spawned":[1,10,12,13,22],"killed_by":"Gremlin Leader","ascension_level":11}