{"gold_per_floor":[369,386,386,406,406,406,90,90,144,144,169,210,110,149,149,149],"floor_reached":16,"playtime":491,"items_purged":["Strike_G","Defend_G"],"score":119,"play_id":"38e2ab48-666f-4227-9c7d-3a40f80428f9","local_time":"20190104133838","is_ascension_mode":true,"campfire_choices":[{"data":"Finisher","floor":6.0,"key":"SMITH"},{"data":"Trip","floor":8.0,"key":"SMITH"},{"floor":15,"key":"REST"}],"neow_cost":"PERCENT_DAMAGE","seed_source_timestamp":9275950974167,"circlet_count":0,"master_deck":["Defend_G","Defend_G","Defend_G","Defend_G","Strike_G","Strike_G","Strike_G","Strike_G","Survivor","Neutralize","Finisher+1","Acrobatics","Trip+1","Parasite","Poisoned Stab"],"special_seed":0,"relics":["Ring of the Snake","Golden Idol","PreservedInsect","Bag of Marbles","Ginger","Pen Nib"],"potions_floor_usage":[11,14,16],"damage_taken":[{"damage":0.0,"enemies":"Jaw Worm","floor":1.0,"turns":4.0},{"damage":0.0,"enemies":"Small Slimes","floor":2.0,"turns":3.0},{"damage":2.0,"enemies":"2 Louse","floor":4.0,"turns":3.0},{"damage":4,"enemies":"Blue Slaver","floor":11,"turns":2},{"damage":6,"enemies":"Gremlin Nob","floor":12,"turns":3},{"damage":31,"enemies":"Lagavulin","floor":14,"turns":4},{"damage":39,"enemies":"Hexaghost","floor":16,"turns":10}],"seed_played":"-3843706037795895270","potions_obtained":[{"floor":2.0,"key":"GamblersBrew"},{"floor":11,"key":"SkillPotion"},{"floor":14,"key":"SneckoOil"}],"is_trial":false,"path_per_floor":["M","M","?","M","?","R","$","R","T","?","M","E","$","E","R","B"],"character_chosen":"THE_SILENT","items_purchased":["PreservedInsect","Trip"],"campfire_rested":1,"item_purchase_floors":[7,7],"current_hp_per_floor":[49,49,49,47,40,40,40,40,40,57,53,47,47,16,37,0],"gold":149,"neow_bonus":"TWO_FIFTY_GOLD","is_prod":false,"is_daily":false,"chose_seed":false,"campfire_upgraded":2,"win_rate":0,"timestamp":1546580318,"path_taken":["M","M","?","M","?","R","$","R","T","?","M","E","$","E","R","BOSS"],"build_version":"2019-01-03v3","purchased_purges":2,"victory":false,"max_hp_per_floor":[70,70,70,70,70,70,70,70,70,70,70,70,70,70,70,70],"card_choices":[{"not_picked":["Dodge and Roll","Deadly Poison"],"picked":"Finisher","floor":1.0},{"not_picked":["Bane","Deadly Poison","Finisher"],"picked":"SKIP","floor":2.0},{"not_picked":["PiercingWail","Dagger Spray"],"picked":"Acrobatics","floor":4.0},{"not_picked":["Slice","Deflect","Reflex"],"picked":"SKIP","floor":11},{"not_picked":["Prepared","Deflect"],"picked":"Poisoned Stab","floor":12},{"not_picked":["Phantasmal Killer","Acrobatics","All Out Attack"],"picked":"SKIP","floor":14}],"player_experience":378080,"relics_obtained":[{"floor":9.0,"key":"Bag of Marbles"},{"floor":12,"key":"Ginger"},{"floor":14,"key":"Pen Nib"}],"event_choices":[{"damage_healed":0.0,"max_hp_gain":0.0,"max_hp_loss":0.0,"gold_gain":0.0,"event_name":"Golden Idol","player_choice":"Take Wound","floor":3.0,"gold_loss":0.0,"damage_taken":0.0,"relics_obtained":["Golden Idol"],"cards_obtained":["Injury"]},{"cards_removed":["Injury"],"damage_healed":0.0,"max_hp_gain":0.0,"max_hp_loss":0.0,"gold_gain":0.0,"event_name":"Golden Wing","player_choice":"Card Removal","floor":5.0,"gold_loss":0.0,"damage_taken":7.0},{"damage_healed":17.0,"max_hp_gain":0.0,"max_hp_loss":0.0,"gold_gain":0.0,"event_name":"Mushrooms","player_choice":"Healed and dodged fight","floor":10.0,"gold_loss":0.0,"damage_taken":0.0,"cards_obtained":["Parasite"]}],"is_beta":false,"boss_relics":[],"items_purged_floors":[7,13],"is_endless":false,"potions_floor_spawned":[2,11,14],"killed_by":"Hexaghost","ascension_level":2}