{"gold_per_floor":[111,111,261,261,274,274,274,37,37,68,68,68,102,121,121,198,198,218,86,86,102,122,122,22,54,54,65,85,116,116,116,116,187,187,207,218,83,102,0,33,48,48,48,48,48,64,78,94,94,94],"floor_reached":51,"playtime":2356,"items_purged":["Regret","Doubt","Strike_B"],"score":1428,"play_id":"d19e1faf-ea72-46fc-8449-fd3c4ee14a69","local_time":"20190320235042","is_ascension_mode":true,"campfire_choices":[{"data":"Reinforced Body","floor":6.0,"key":"SMITH"},{"data":"Zap","floor":11.0,"key":"SMITH"},{"floor":15.0,"key":"REST"},{"floor":23.0,"key":"REST"},{"data":"Defragment","floor":30,"key":"SMITH"},{"data":"Heatsinks","floor":32,"key":"SMITH"},{"data":"Dualcast","floor":49,"key":"SMITH"}],"neow_cost":"NONE","seed_source_timestamp":611660568155400,"circlet_count":0,"master_deck":["AscendersBane","Defend_B","Defend_B","Defend_B","Defend_B","Zap+1","Dualcast+1","Defragment+1","Reinforced Body+1","Fusion+1","Darkness+1","Echo Form","White Noise+1","Defragment+1","Coolheaded+1","Defragment+1","Self Repair+1","Chill+1","Heatsinks+1","Redo+1","Turbo+1","White Noise+1","Rainbow+1","Darkness+1","Coolheaded+1","Seek+1","Panacea+1","Reinforced Body+1","Reinforced Body+1"],"special_seed":0,"relics":["Cracked Core","Regal Pillow","Matryoshka","DataDisk","Symbiotic Virus","Toxic Egg 2","Cables","Blue Candle","Nuclear Battery","Smiling Mask","Strawberry","Meat on the Bone","Letter Opener","Empty Cage","Red Mask","Blood Vial","Thread and Needle"],"potions_floor_usage":[50,50],"damage_taken":[{"damage":4.0,"enemies":"Jaw Worm","floor":1.0,"turns":4.0},{"damage":2.0,"enemies":"2 Louse","floor":5.0,"turns":3.0},{"damage":0.0,"enemies":"Lagavulin","floor":10.0,"turns":6.0},{"damage":5.0,"enemies":"3 Sentries","floor":13.0,"turns":6.0},{"damage":14.0,"enemies":"Small Slimes","floor":14.0,"turns":2.0},{"damage":33.0,"enemies":"Hexaghost","floor":16.0,"turns":7.0},{"damage":10.0,"enemies":"3 Byrds","floor":18.0,"turns":5.0},{"damage":16.0,"enemies":"Shell Parasite","floor":21.0,"turns":5.0},{"damage":17.0,"enemies":"3 Cultists","floor":22.0,"turns":6.0},{"damage":44.0,"enemies":"Slavers","floor":25.0,"turns":6.0},{"damage":1.0,"enemies":"Shelled Parasite and Fungi","floor":27.0,"turns":6.0},{"damage":15.0,"enemies":"Snake Plant","floor":28.0,"turns":3.0},{"damage":14,"enemies":"Gremlin Leader","floor":29,"turns":10},{"damage":13,"enemies":"Champ","floor":33,"turns":20},{"damage":57,"enemies":"3 Darklings","floor":35,"turns":6},{"damage":6,"enemies":"Orb Walker","floor":36,"turns":4},{"damage":10,"enemies":"3 Darklings","floor":38,"turns":7},{"damage":20,"enemies":"Nemesis","floor":40,"turns":7},{"damage":11,"enemies":"Sphere and 2 Shapes","floor":41,"turns":6},{"damage":20,"enemies":"Jaw Worm Horde","floor":46,"turns":5},{"damage":9,"enemies":"Spire Growth","floor":47,"turns":4},{"damage":11,"enemies":"Writhing Mass","floor":48,"turns":4},{"damage":10,"enemies":"Donu and Deca","floor":50,"turns":8}],"seed_played":"8787609607539133769","potions_obtained":[{"floor":1.0,"key":"Dexterity Potion"},{"floor":13.0,"key":"Energy Potion"},{"floor":27.0,"key":"FearPotion"},{"floor":33,"key":"Dexterity Potion"},{"floor":41,"key":"Dexterity Potion"}],"is_trial":false,"path_per_floor":["M","?","?","?","M","R","?","$","T","E","R","$","E","M","R","B",null,"M","$","?","M","M","R","$","E","T","M","M","E","R","?","R","B",null,"M","M","$","M","?","E","M","?","T","?","$","M","M","M","R","B",null],"character_chosen":"DEFECT","items_purchased":["DataDisk","Defragment","Coolheaded+1","Darkness+1"],"campfire_rested":2,"item_purchase_floors":[8,19,19,37],"current_hp_per_floor":[60,53,53,53,51,51,51,51,51,51,51,51,46,32,68,35,62,52,52,52,36,29,65,65,31,38,59,54,40,40,40,40,49,71,26,42,42,64,64,54,55,55,55,55,55,49,62,73,73,78],"gold":94,"neow_bonus":"RANDOM_COMMON_RELIC","is_prod":false,"is_daily":false,"chose_seed":false,"campfire_upgraded":5,"win_rate":0,"timestamp":1553122242,"path_taken":["M","?","?","?","M","R","?","$","T","E","R","?","E","?","R","BOSS","M","$","?","M","M","R","$","E","T","M","?","E","R","?","R","BOSS","M","M","$","?","?","E","M","?","T","?","$","M","?","M","R","BOSS"],"build_version":"2019-01-23","purchased_purges":3,"victory":true,"max_hp_per_floor":[71,71,71,71,71,71,71,71,71,71,71,71,71,71,71,71,71,71,71,71,71,71,71,71,71,78,78,78,78,78,78,78,78,78,78,78,78,78,78,78,78,78,78,78,78,78,78,78,78,78],"card_choices":[{"not_picked":["Stack","Sunder"],"picked":"Defragment","floor":1.0},{"not_picked":["Turbo","Rebound"],"picked":"Reinforced Body","floor":5.0},{"not_picked":["Doom and Gloom","FTL"],"picked":"Fusion+1","floor":10.0},{"not_picked":["Skim+1","Reboot+1"],"picked":"Darkness+1","floor":13.0},{"not_picked":["Ball Lightning","Go for the Eyes","Stack+1"],"picked":"SKIP","floor":14.0},{"not_picked":["Reboot+1","Machine Learning"],"picked":"Echo Form","floor":16.0},{"not_picked":["Blizzard","Leap+1"],"picked":"White Noise+1","floor":18.0},{"not_picked":["Double Energy+1","Coolheaded+1"],"picked":"Self Repair+1","floor":21.0},{"not_picked":["Blizzard","Cold Snap+1"],"picked":"Chill+1","floor":22.0},{"not_picked":["Ball Lightning","Scrape"],"picked":"Heatsinks","floor":25.0},{"not_picked":["Stack+1","Core Surge"],"picked":"Redo+1","floor":27.0},{"not_picked":["Streamline","Aggregate+1"],"picked":"Turbo+1","floor":28.0},{"not_picked":["Steam+1","Leap+1"],"picked":"White Noise+1","floor":29},{"not_picked":["Creative AI","Biased Cognition"],"picked":"Rainbow+1","floor":33},{"not_picked":["Undo+1","Rebound","Compile Driver"],"picked":"SKIP","floor":35},{"not_picked":["Barrage+1","Static Discharge","Turbo+1"],"picked":"SKIP","floor":36},{"not_picked":["Genetic Algorithm+1","Cold Snap","Doom and Gloom"],"picked":"SKIP","floor":38},{"not_picked":["Sweeping Beam","Go for the Eyes"],"picked":"Coolheaded+1","floor":40},{"not_picked":["Heatsinks","Steam+1"],"picked":"Seek+1","floor":41},{"not_picked":["Blind+1","Discovery+1"],"picked":"Panacea+1","floor":42},{"not_picked":["Melter","Barrage"],"picked":"Reinforced Body+1","floor":46},{"not_picked":["Gash","Loop"],"picked":"Reinforced Body+1","floor":47},{"not_picked":["Auto Shields+1","Rebound","Turbo+1"],"picked":"SKIP","floor":48}],"player_experience":496794,"relics_obtained":[{"floor":9.0,"key":"Symbiotic Virus"},{"floor":9.0,"key":"Toxic Egg 2"},{"floor":10.0,"key":"Cables"},{"floor":13.0,"key":"Blue Candle"},{"floor":25.0,"key":"Smiling Mask"},{"floor":26.0,"key":"Strawberry"},{"floor":26.0,"key":"Meat on the Bone"},{"floor":29,"key":"Letter Opener"},{"floor":40,"key":"Blood Vial"},{"floor":43,"key":"Thread and Needle"}],"event_choices":[{"cards_removed":["Strike_B"],"damage_healed":0.0,"max_hp_gain":0.0,"max_hp_loss":0.0,"gold_gain":0.0,"event_name":"Golden Wing","player_choice":"Card Removal","floor":2.0,"gold_loss":0.0,"damage_taken":7.0},{"damage_healed":0.0,"max_hp_gain":0.0,"max_hp_loss":0.0,"gold_gain":150.0,"event_name":"Liars Game","player_choice":"AGREE","floor":3.0,"gold_loss":0.0,"damage_taken":0.0,"cards_obtained":["Doubt"]},{"damage_healed":0.0,"max_hp_gain":0.0,"max_hp_loss":0.0,"gold_gain":0.0,"event_name":"Living Wall","player_choice":"Grow","floor":4.0,"gold_loss":0.0,"damage_taken":0.0,"cards_upgraded":["Defragment"]},{"damage_healed":0.0,"max_hp_gain":0.0,"max_hp_loss":0.0,"gold_gain":0.0,"event_name":"Big Fish","player_choice":"Box","floor":7.0,"gold_loss":0.0,"damage_taken":0.0,"relics_obtained":["Matryoshka"],"cards_obtained":["Regret"]},{"damage_healed":0.0,"max_hp_gain":0.0,"max_hp_loss":0.0,"gold_gain":0.0,"event_name":"Duplicator","player_choice":"Copied","floor":20.0,"gold_loss":0.0,"damage_taken":0.0,"cards_obtained":["Defragment"]},{"damage_healed":0,"gold_gain":0,"player_choice":"Cursed","damage_taken":0,"max_hp_gain":0,"max_hp_loss":0,"event_name":"Wheel of Change","floor":31,"gold_loss":0,"cards_obtained":["Decay"]},{"damage_healed":0,"gold_gain":0,"player_choice":"Paid","damage_taken":0,"relics_obtained":["Red Mask"],"max_hp_gain":0,"max_hp_loss":0,"event_name":"Tomb of Lord Red Mask","floor":39,"gold_loss":102},{"damage_healed":0,"gold_gain":0,"player_choice":"Memory 1","damage_taken":0,"max_hp_gain":0,"max_hp_loss":0,"event_name":"SensoryStone","floor":42,"gold_loss":0},{"cards_removed":["Strike_B"],"damage_healed":0,"gold_gain":0,"player_choice":"Removed Attack","damage_taken":0,"max_hp_gain":0,"max_hp_loss":0,"event_name":"Falling","floor":44,"gold_loss":0}],"is_beta":false,"boss_relics":[{"not_picked":["Eternal Feather","Ectoplasm"],"picked":"Nuclear Battery"},{"not_picked":["Coffee Dripper","Black Star"],"picked":"Empty Cage"}],"items_purged_floors":[8,24,37],"is_endless":false,"potions_floor_spawned":[1,13,14,16,21,27,33,35,41,47],"ascension_level":18}