{"gold_per_floor":[114,114,125,138,152,152,178,196,196,196,221,146,146,146,146,239,239,252,268,284,19,19,19,19],"floor_reached":24,"playtime":1204,"items_purged":[],"score":412,"play_id":"2f59c31f-3c9c-4dfa-91d2-6d50e8419f64","local_time":"20190429230917","is_ascension_mode":true,"campfire_choices":[{"data":"Doom and Gloom","floor":6.0,"key":"SMITH"},{"data":"Zap","floor":10.0,"key":"SMITH"},{"floor":15.0,"key":"REST"},{"data":"Defragment","floor":23,"key":"SMITH"}],"neow_cost":"NONE","seed_source_timestamp":64436086093700,"circlet_count":0,"master_deck":["AscendersBane","Strike_B+1","Strike_B+1","Strike_B+1","Defend_B","Defend_B","Defend_B+1","Defend_B","Zap+1","Dualcast","Ball Lightning","Self Repair","Conserve Battery","Doom and Gloom+1","Glacier","Core Surge","Seek","Coolheaded","Sweeping Beam","Capacitor","Defragment+1","Stack"],"special_seed":0,"relics":["Cracked Core","Whetstone","Omamori","Regal Pillow","Golden Idol","Cursed Key","Bag of Preparation"],"potions_floor_usage":[16,24,24],"damage_taken":[{"damage":2.0,"enemies":"2 Louse","floor":1.0,"turns":3.0},{"damage":0.0,"enemies":"Small Slimes","floor":3.0,"turns":2.0},{"damage":0.0,"enemies":"Cultist","floor":4.0,"turns":3.0},{"damage":4.0,"enemies":"Exordium Thugs","floor":5.0,"turns":4.0},{"damage":15.0,"enemies":"Lagavulin","floor":7.0,"turns":6.0},{"damage":1.0,"enemies":"Exordium Wildlife","floor":8.0,"turns":5.0},{"damage":13.0,"enemies":"Gremlin Nob","floor":11.0,"turns":4.0},{"damage":33,"enemies":"Slime Boss","floor":16,"turns":10},{"damage":4,"enemies":"Spheric Guardian","floor":18,"turns":4},{"damage":27,"enemies":"2 Thieves","floor":19,"turns":4},{"damage":18,"enemies":"Snake Plant","floor":20,"turns":4},{"damage":48,"enemies":"Gremlin Leader","floor":24,"turns":6}],"seed_played":"-5115938865340848830","potions_obtained":[{"floor":3.0,"key":"Fire Potion"},{"floor":4.0,"key":"FearPotion"},{"floor":8.0,"key":"Ancient Potion"},{"floor":11.0,"key":"Poison Potion"},{"floor":16,"key":"Dexterity Potion"},{"floor":19,"key":"FocusPotion"}],"is_trial":false,"path_per_floor":["M","?","M","M","M","R","E","M","T","R","E","?","?","?","R","B",null,"M","M","M","$","?","R","E"],"character_chosen":"DEFECT","items_purchased":["Defragment","Bag of Preparation","Stack"],"campfire_rested":1,"item_purchase_floors":[21,21,21],"current_hp_per_floor":[62,41,41,48,51,51,43,49,49,49,43,43,43,43,71,45,65,68,48,37,37,37,37,0],"gold":19,"neow_bonus":"RANDOM_COMMON_RELIC","is_prod":false,"is_daily":false,"chose_seed":false,"campfire_upgraded":3,"win_rate":0,"timestamp":1556546957,"path_taken":["M","?","M","M","M","R","E","M","T","R","E","?","?","?","R","BOSS","M","M","M","$","?","R","E"],"build_version":"2019-01-23","purchased_purges":0,"victory":false,"max_hp_per_floor":[71,71,71,71,71,71,71,71,71,71,71,71,71,71,71,71,71,71,71,71,71,71,71,71],"card_choices":[{"not_picked":["Sweeping Beam","Scrape"],"picked":"Ball Lightning","floor":1.0},{"not_picked":["Go for the Eyes","Sweeping Beam"],"picked":"Self Repair","floor":3.0},{"not_picked":["Turbo","Hologram"],"picked":"Conserve Battery","floor":4.0},{"not_picked":["Blizzard","Storm"],"picked":"Doom and Gloom","floor":5.0},{"not_picked":["White Noise","Ball Lightning"],"picked":"Glacier","floor":7.0},{"not_picked":["White Noise","Leap","Gash"],"picked":"SKIP","floor":8.0},{"not_picked":["Barrage","Skim"],"picked":"Core Surge","floor":11.0},{"not_picked":["Multi-Cast","Creative AI"],"picked":"Seek","floor":16},{"not_picked":["Barrage","Reprogram"],"picked":"Coolheaded","floor":18},{"not_picked":["Steam","Stack"],"picked":"Sweeping Beam","floor":19},{"not_picked":["Turbo","Seek"],"picked":"Capacitor","floor":20}],"player_experience":1153766,"relics_obtained":[{"floor":7.0,"key":"Omamori"},{"floor":11.0,"key":"Regal Pillow"}],"event_choices":[{"damage_healed":0.0,"max_hp_gain":0.0,"max_hp_loss":0.0,"gold_gain":0.0,"event_name":"Shining Light","player_choice":"Entered Light","floor":2.0,"gold_loss":0.0,"damage_taken":21.0,"cards_upgraded":["Defend_B","Strike_B"]},{"cards_removed":["Strike_B"],"damage_healed":0.0,"max_hp_gain":0.0,"max_hp_loss":0.0,"gold_gain":0.0,"event_name":"The Cleric","player_choice":"Card Removal","floor":12.0,"gold_loss":75.0,"damage_taken":0.0},{"damage_healed":0.0,"max_hp_gain":0.0,"max_hp_loss":0.0,"gold_gain":0.0,"event_name":"Golden Idol","player_choice":"Take Wound","floor":13.0,"gold_loss":0.0,"damage_taken":0.0,"relics_obtained":["Golden Idol"],"cards_obtained":["Injury"]},{"damage_healed":0.0,"max_hp_gain":0.0,"max_hp_loss":0.0,"gold_gain":0.0,"event_name":"Wheel of Change","player_choice":"Cursed","floor":14.0,"gold_loss":0.0,"damage_taken":0.0,"cards_obtained":["Decay"]},{"damage_healed":0,"gold_gain":0,"player_choice":"Ignored","damage_taken":0,"max_hp_gain":0,"max_hp_loss":0,"event_name":"N\u0027loth","floor":22,"gold_loss":0}],"is_beta":false,"boss_relics":[{"not_picked":["Empty Cage","Velvet Choker"],"picked":"Cursed Key"}],"items_purged_floors":[],"is_endless":false,"potions_floor_spawned":[3,4,8,11,16,19],"killed_by":"Gremlin Leader","ascension_level":20}