{"gold_per_floor":[112,126,126,142,63,63,76,108,108,108,108,119,138,155,155,255,255,270,270,287,214,225,250,250],"floor_reached":24,"playtime":1257,"items_purged":[],"score":264,"play_id":"06970a9c-4d82-4f1b-aa8e-261d68c54f39","local_time":"20181020170530","is_ascension_mode":true,"campfire_choices":[{"data":"Metallicize","floor":6.0,"key":"SMITH"},{"data":"Flame Barrier","floor":11.0,"key":"SMITH"},{"floor":15.0,"key":"REST"}],"neow_cost":"NONE","seed_source_timestamp":0,"circlet_count":0,"master_deck":["Strike_R+1","Strike_R+1","Strike_R+1","Strike_R+1","Strike_R+1","Defend_R+1","Defend_R+1","Defend_R+1","Defend_R+1","Bash","Flame Barrier+1","Twin Strike+1","Metallicize+1","Body Slam","Cleave","Barricade+1","Shrug It Off","Iron Wave"],"special_seed":0,"relics":["Burning Blood","Orichalcum","Frozen Egg 2","Mark of Pain","Prayer Wheel"],"potions_floor_usage":[23],"damage_taken":[{"damage":11.0,"enemies":"2 Louse","floor":1.0,"turns":3.0},{"damage":0.0,"enemies":"Small Slimes","floor":2.0,"turns":3.0},{"damage":1.0,"enemies":"Cultist","floor":4.0,"turns":3.0},{"damage":42.0,"enemies":"Gremlin Gang","floor":7.0,"turns":5.0},{"damage":12.0,"enemies":"Lagavulin","floor":8.0,"turns":5.0},{"damage":12.0,"enemies":"Looter","floor":12.0,"turns":4.0},{"damage":6.0,"enemies":"Blue Slaver","floor":13.0,"turns":4.0},{"damage":8.0,"enemies":"Large Slime","floor":14.0,"turns":6.0},{"damage":60.0,"enemies":"Slime Boss","floor":16.0,"turns":14.0},{"damage":10.0,"enemies":"Shell Parasite","floor":18.0,"turns":7.0},{"damage":16.0,"enemies":"2 Thieves","floor":20.0,"turns":4.0},{"damage":6.0,"enemies":"Chosen and Byrds","floor":22.0,"turns":8.0},{"damage":68,"enemies":"Slavers","floor":23,"turns":11}],"seed_played":"-771280004823948734","potions_obtained":[{"floor":0.0,"key":"Energy Potion"},{"floor":0.0,"key":"SteroidPotion"},{"floor":0.0,"key":"Weak Potion"},{"floor":7.0,"key":"EssenceOfSteel"},{"floor":8.0,"key":"BloodPotion"},{"floor":16.0,"key":"Dexterity Potion"},{"floor":20.0,"key":"Weak Potion"},{"floor":23,"key":"Ancient Potion"}],"is_trial":false,"path_per_floor":["M","M","?","M","$","R","M","E","T","?","R","M","M","M","R","B",null,"M","?","M","$","M","E"],"character_chosen":"IRONCLAD","items_purchased":["Metallicize","EssenceOfSteel"],"campfire_rested":1,"item_purchase_floors":[5,21],"current_hp_per_floor":[75,80,80,80,80,80,44,38,38,43,43,37,37,35,60,14,85,81,81,71,71,71,9,0],"gold":250,"neow_bonus":"THREE_SMALL_POTIONS","is_prod":false,"is_daily":false,"chose_seed":false,"campfire_upgraded":2,"win_rate":0,"timestamp":1540047930,"path_taken":["M","M","?","M","$","R","M","E","T","?","R","M","M","?","R","BOSS","M","?","M","$","M","E","?"],"build_version":"2018-10-18","purchased_purges":0,"victory":false,"max_hp_per_floor":[80,80,80,80,80,80,80,80,80,85,85,85,85,85,85,85,85,85,85,85,85,85,85,85],"card_choices":[{"not_picked":["Headbutt","Thunderclap"],"picked":"Flame Barrier","floor":1.0},{"not_picked":["Feel No Pain","Headbutt"],"picked":"Twin Strike","floor":2.0},{"not_picked":["Perfected Strike","Pommel Strike","Infernal Blade"],"picked":"SKIP","floor":4.0},{"not_picked":["Ghostly Armor","Perfected Strike","Fire Breathing"],"picked":"SKIP","floor":7.0},{"not_picked":["Flex","Corruption","Limit Break"],"picked":"SKIP","floor":8.0},{"not_picked":["Cleave","Warcry"],"picked":"Body Slam","floor":12.0},{"not_picked":["Havoc","Immolate"],"picked":"Cleave","floor":13.0},{"not_picked":["Pommel Strike","Cleave","Pummel"],"picked":"SKIP","floor":14.0},{"not_picked":["Immolate","Limit Break"],"picked":"Barricade+1","floor":16.0},{"not_picked":["Sword Boomerang","Clothesline","Cleave+1"],"picked":"SKIP","floor":18.0},{"not_picked":["Warcry","Searing Blow"],"picked":"Shrug It Off","floor":20.0},{"not_picked":["Clothesline+1","Havoc"],"picked":"Iron Wave","floor":22.0},{"not_picked":["Headbutt","Havoc","Pommel Strike"],"picked":"SKIP","floor":23}],"player_experience":209140,"relics_obtained":[{"floor":8.0,"key":"Orichalcum"},{"floor":9.0,"key":"Frozen Egg 2"},{"floor":23,"key":"Prayer Wheel"}],"event_choices":[{"event_name":"Living Wall","player_choice":"Grow","floor":3.0,"damage_taken":0.0},{"event_name":"Big Fish","player_choice":"Donut","floor":10.0,"damage_taken":0.0},{"event_name":"Back to Basics","player_choice":"Simplicity","floor":19.0,"damage_taken":0.0}],"is_beta":false,"boss_relics":[{"not_picked":["Ectoplasm","Snecko Eye"],"picked":"Mark of Pain"}],"items_purged_floors":[],"is_endless":false,"potions_floor_spawned":[4,7,8,16,20,23],"ascension_level":4}