{"gold_per_floor":[17,17,17,17,33,33,63,63,63,73,87,106,106,117,117,117],"floor_reached":16,"playtime":802,"items_purged":[],"score":204,"play_id":"14986f86-c42e-4b06-b911-45df190d55c4","local_time":"20190411143726","is_ascension_mode":true,"campfire_choices":[{"data":"Neutralize","floor":6,"key":"SMITH"},{"floor":8,"key":"REST"},{"data":"Finisher","floor":15,"key":"SMITH"}],"neow_cost":"NO_GOLD","seed_source_timestamp":1144863965236726,"circlet_count":0,"master_deck":["AscendersBane","Defend_G","Defend_G","Defend_G","Defend_G","Defend_G","Strike_G","Strike_G","Strike_G","Strike_G","Survivor","Neutralize+1","Deadly Poison","Quick Slash","Blur","Cloak And Dagger","Calculated Gamble","Finisher+1","Dodge and Roll"],"relics":["Ring of the Snake","Thread and Needle","Smiling Mask","Meat on the Bone","Dead Branch"],"potions_floor_usage":[16,16],"damage_taken":[{"damage":0,"enemies":"2 Louse","floor":1,"turns":4},{"damage":0,"enemies":"Cultist","floor":5,"turns":4},{"damage":44,"enemies":"3 Sentries","floor":7,"turns":18},{"damage":0,"enemies":"Jaw Worm","floor":10,"turns":3},{"damage":0,"enemies":"Blue Slaver","floor":11,"turns":3},{"damage":7,"enemies":"Large Slime","floor":12,"turns":10},{"damage":0,"enemies":"3 Louse","floor":14,"turns":4},{"damage":44,"enemies":"Hexaghost","floor":16,"turns":14}],"seed_played":"-1426654253339016551","potions_obtained":[{"floor":10,"key":"PowerPotion"},{"floor":12,"key":"Fire Potion"},{"floor":14,"key":"SkillPotion"}],"is_trial":false,"path_per_floor":["M","?","$","$","M","R","E","R","T","M","M","M","?","M","R","B"],"character_chosen":"THE_SILENT","items_purchased":[],"campfire_rested":1,"item_purchase_floors":[],"current_hp_per_floor":[59,59,59,59,59,59,15,34,34,34,34,39,32,44,44,0],"gold":117,"neow_bonus":"ONE_RARE_RELIC","is_prod":false,"is_daily":false,"chose_seed":false,"campfire_upgraded":2,"win_rate":0,"timestamp":1554961046,"path_taken":["M","?","?","$","M","R","E","R","T","M","M","M","?","?","R","BOSS"],"build_version":"2019-01-23","purchased_purges":0,"victory":false,"max_hp_per_floor":[66,66,66,66,66,66,66,66,66,66,66,66,66,66,66,66],"card_choices":[{"not_picked":["Bane","Cloak And Dagger"],"picked":"Deadly Poison","floor":1},{"not_picked":["Reflex","Deadly Poison"],"picked":"Quick Slash","floor":5},{"not_picked":["Prepared","Dagger Spray"],"picked":"Blur","floor":7},{"not_picked":["PiercingWail","Deflect"],"picked":"Cloak And Dagger","floor":10},{"not_picked":["Grand Finale","Slice"],"picked":"Calculated Gamble","floor":11},{"not_picked":["Riddle With Holes","Underhanded Strike"],"picked":"Finisher","floor":12},{"not_picked":["Sucker Punch","Slice"],"picked":"Dodge and Roll","floor":14}],"player_experience":891448,"relics_obtained":[{"floor":2,"key":"Smiling Mask"},{"floor":7,"key":"Meat on the Bone"},{"floor":9,"key":"Dead Branch"}],"event_choices":[{"damage_healed":0,"gold_gain":0,"player_choice":"Relic","damage_taken":0,"max_hp_gain":0,"max_hp_loss":0,"event_name":"Wheel of Change","floor":2,"gold_loss":0},{"cards_removed":["Strike_G"],"damage_healed":0,"gold_gain":0,"player_choice":"Card Removal","damage_taken":7,"max_hp_gain":0,"max_hp_loss":0,"event_name":"Golden Wing","floor":13,"gold_loss":0}],"is_beta":false,"boss_relics":[],"items_purged_floors":[],"is_endless":false,"potions_floor_spawned":[10,12,14],"killed_by":"Hexaghost","ascension_level":20}