{"gold_per_floor":[116,11,28,40,5,5,19,19,19,44,54,66,141,156,156,257,257,267,287,122,122],"floor_reached":21,"playtime":1169,"items_purged":["Accuracy"],"score":256,"play_id":"09ab1a7d-2e3e-41ef-84f9-aa7eec30d2d1","local_time":"20181109182951","is_ascension_mode":true,"campfire_choices":[{"data":"Noxious Fumes","floor":6,"key":"SMITH"},{"data":"Bane","floor":15,"key":"SMITH"}],"neow_cost":"NONE","seed_source_timestamp":506809697151388,"circlet_count":0,"master_deck":["Defend_G","Defend_G","Defend_G","Defend_G","Defend_G","Strike_G","Survivor","Neutralize","Deflect","Noxious Fumes+1","Bane+1","Dodge and Roll","Deflect","Dash","Catalyst","Acrobatics","Corpse Explosion","A Thousand Cuts+1","Doppelganger+1","Expertise+1","Noxious Fumes","Deflect"],"relics":["Ring of the Snake","Letter Opener","Shuriken","Astrolabe"],"potions_floor_usage":[10,16,16],"damage_taken":[{"damage":5,"enemies":"Cultist","floor":1,"turns":5},{"damage":0,"enemies":"Small Slimes","floor":3,"turns":3},{"damage":1,"enemies":"2 Louse","floor":4,"turns":3},{"damage":0,"enemies":"2 Fungi Beasts","floor":7,"turns":4},{"damage":7,"enemies":"3 Sentries","floor":10,"turns":6},{"damage":3,"enemies":"Looter","floor":11,"turns":3},{"damage":1,"enemies":"Exordium Thugs","floor":12,"turns":4},{"damage":7,"enemies":"3 Louse","floor":14,"turns":4},{"damage":30,"enemies":"Hexaghost","floor":16,"turns":10},{"damage":26,"enemies":"Chosen","floor":18,"turns":7},{"damage":27,"enemies":"Spheric Guardian","floor":19,"turns":6},{"damage":12,"enemies":"Snake Plant","floor":21,"turns":2}],"seed_played":"-1728999142126236965","potions_obtained":[{"floor":1,"key":"SkillPotion"},{"floor":3,"key":"Regen Potion"},{"floor":10,"key":"Weak Potion"},{"floor":14,"key":"SteroidPotion"},{"floor":18,"key":"Strength Potion"}],"is_trial":false,"path_per_floor":["M","$","M","M","?","R","M","?","T","E","M","M","?","M","R","B",null,"M","M","$","M"],"character_chosen":"THE_SILENT","items_purchased":["Noxious Fumes","Bane","Noxious Fumes","Deflect"],"campfire_rested":0,"item_purchase_floors":[2,2,20,20],"current_hp_per_floor":[58,58,58,57,70,70,70,75,75,68,65,64,53,46,46,31,64,38,11,11,0],"gold":122,"neow_bonus":"REMOVE_CARD","is_prod":false,"is_daily":false,"chose_seed":false,"campfire_upgraded":2,"win_rate":0,"timestamp":1541784591,"path_taken":["M","?","M","M","?","R","M","?","T","E","M","M","?","M","R","BOSS","M","M","$","M"],"build_version":"2018-11-08","purchased_purges":1,"victory":false,"max_hp_per_floor":[70,70,70,70,70,70,70,75,75,75,75,75,75,75,75,75,75,75,75,75,75],"card_choices":[{"not_picked":["Underhanded Strike","Acrobatics"],"picked":"Deflect","floor":1},{"not_picked":["Cloak And Dagger","Skewer"],"picked":"Dodge and Roll","floor":3},{"not_picked":["Sucker Punch","Outmaneuver"],"picked":"Deflect","floor":4},{"not_picked":["Endless Agony","A Thousand Cuts","Infinite Blades"],"picked":"SKIP","floor":7},{"not_picked":["Poisoned Stab","All Out Attack"],"picked":"Accuracy","floor":10},{"not_picked":["PiercingWail","Catalyst"],"picked":"Dash","floor":11},{"not_picked":["Tactician","Acrobatics"],"picked":"Catalyst","floor":12},{"not_picked":["Concentrate","Reflex"],"picked":"Acrobatics","floor":14},{"not_picked":["Adrenaline","Venomology"],"picked":"Corpse Explosion","floor":16},{"not_picked":["Underhanded Strike+1","Deflect","Setup"],"picked":"SKIP","floor":18},{"not_picked":["Finisher+1","Predator","Cloak And Dagger"],"picked":"SKIP","floor":19}],"player_experience":305635,"relics_obtained":[{"floor":9,"key":"Letter Opener"},{"floor":10,"key":"Shuriken"}],"event_choices":[{"damage_healed":17,"gold_gain":0,"player_choice":"Healed","damage_taken":0,"max_hp_gain":0,"max_hp_loss":0,"event_name":"The Cleric","floor":5,"gold_loss":35},{"damage_healed":0,"gold_gain":0,"player_choice":"Donut","damage_taken":0,"max_hp_gain":5,"max_hp_loss":0,"event_name":"Big Fish","floor":8,"gold_loss":0},{"damage_healed":0,"gold_gain":75,"player_choice":"Gather Gold","damage_taken":11,"max_hp_gain":0,"max_hp_loss":0,"event_name":"World of Goop","floor":13,"gold_loss":0}],"is_beta":false,"boss_relics":[{"not_picked":["Runic Dome","Ring of the Serpent"],"picked":"Astrolabe"}],"items_purged_floors":[20],"is_endless":false,"potions_floor_spawned":[1,3,10,14,18],"killed_by":"Snake Plant","ascension_level":8}