{"gold_per_floor":[113,113,128,57,57,83,83,103,177,26,26,36,36,363,363,466,466,481,481,24,0,0,0,63,63,63,63,82,116,31,47,47,145,145,162,180,180],"floor_reached":37,"playtime":1250,"items_purged":["Strike_B"],"score":635,"play_id":"95901d75-c178-4b6a-92e2-8c3ca8ca0c31","local_time":"20190414134720","is_ascension_mode":true,"campfire_choices":[{"data":"Sunder","floor":7,"key":"SMITH"},{"data":"Sunder","floor":11,"key":"SMITH"},{"data":"Zap","floor":15,"key":"SMITH"},{"data":"Defragment","floor":23,"key":"SMITH"},{"floor":25,"key":"REST"},{"data":"Gash","floor":32,"key":"SMITH"}],"neow_cost":"NONE","seed_source_timestamp":233769025805540,"circlet_count":0,"master_deck":["Strike_B+1","Defend_B","Defend_B","Defend_B","Defend_B","Zap+1","Dualcast","Conserve Battery+1","Core Surge","Static Discharge","Gash+1","Sunder+1","Glacier","Sunder+1","Conserve Battery+1","Chill+1","Self Repair","Defragment+1","Consume+1","Fusion+1","Reprogram+1","Auto Shields+1","Gash+1","Go for the Eyes+1","Fission+1","Doom and Gloom+1","Darkness+1","Darkness+1"],"relics":["Cracked Core","NeowsBlessing","Meat on the Bone","Happy Flower","Toxic Egg 2","PreservedInsect","Old Coin","Nuclear Battery","Ice Cream","Tiny Chest","Symbiotic Virus","Strawberry","Prayer Wheel","Black Star"],"potions_floor_usage":[16,33,33,33],"damage_taken":[{"damage":0,"enemies":"Jaw Worm","floor":1,"turns":1},{"damage":0,"enemies":"Cultist","floor":3,"turns":1},{"damage":0,"enemies":"3 Sentries","floor":6,"turns":1},{"damage":0,"enemies":"Small Slimes","floor":8,"turns":2},{"damage":4,"enemies":"Exordium Wildlife","floor":12,"turns":3},{"damage":5,"enemies":"Gremlin Nob","floor":14,"turns":3},{"damage":27,"enemies":"Hexaghost","floor":16,"turns":13},{"damage":22,"enemies":"2 Thieves","floor":18,"turns":4},{"damage":22,"enemies":"Book of Stabbing","floor":24,"turns":5},{"damage":0,"enemies":"Spheric Guardian","floor":28,"turns":3},{"damage":20,"enemies":"Slavers","floor":29,"turns":4},{"damage":11,"enemies":"Chosen and Byrds","floor":31,"turns":6},{"damage":50,"enemies":"Champ","floor":33,"turns":16},{"damage":9,"enemies":"3 Shapes","floor":35,"turns":5},{"damage":32,"enemies":"3 Darklings","floor":36,"turns":5},{"damage":79,"enemies":"Transient","floor":37,"turns":5}],"seed_played":"1311547627809163127","potions_obtained":[{"floor":1,"key":"AttackPotion"},{"floor":6,"key":"Regen Potion"},{"floor":12,"key":"Ancient Potion"},{"floor":18,"key":"Weak Potion"},{"floor":29,"key":"LiquidBronze"}],"is_trial":false,"path_per_floor":["M","?","M","$","T","E","R","M","T","$","R","M","?","E","R","B",null,"M","?","$","?","?","R","E","R","T","?","M","E","?","M","R","B",null,"M","M","M"],"character_chosen":"DEFECT","items_purchased":["Sunder","PreservedInsect","Ice Cream","Defragment"],"campfire_rested":1,"item_purchase_floors":[4,10,20,20],"current_hp_per_floor":[68,68,68,68,68,68,68,68,68,68,68,64,49,44,44,44,67,45,45,45,45,45,45,42,64,64,64,64,58,58,54,54,23,67,65,52,0],"gold":180,"neow_bonus":"THREE_ENEMY_KILL","is_prod":false,"is_daily":false,"chose_seed":false,"campfire_upgraded":5,"win_rate":0,"timestamp":1555242440,"path_taken":["M","?","?","$","?","E","R","M","T","$","R","M","?","E","R","BOSS","M","?","$","?","?","R","E","R","T","?","?","E","?","M","R","BOSS","M","M","M"],"build_version":"2019-01-23","purchased_purges":1,"victory":false,"max_hp_per_floor":[75,75,75,75,75,75,75,75,75,75,75,75,75,75,75,75,75,75,75,75,75,75,75,75,75,75,75,75,82,82,82,82,82,82,82,82,82],"card_choices":[{"not_picked":["Sweeping Beam","Hello World"],"picked":"Conserve Battery","floor":1},{"not_picked":["Leap","Beam Cell"],"picked":"Gash","floor":3},{"not_picked":["Turbo","Beam Cell"],"picked":"Glacier","floor":6},{"not_picked":["Melter","Sweeping Beam"],"picked":"Sunder","floor":8},{"not_picked":["Stack+1","Barrage","Sweeping Beam"],"picked":"SKIP","floor":12},{"not_picked":["Reboot+1","Heatsinks"],"picked":"Conserve Battery+1","floor":14},{"not_picked":["Turbo+1","Go for the Eyes"],"picked":"Chill+1","floor":18},{"not_picked":["Gash","Reinforced Body+1"],"picked":"Consume+1","floor":24},{"not_picked":["Double Energy+1","Go for the Eyes+1","Chill+1"],"picked":"SKIP","floor":28},{"not_picked":["Turbo+1","Rebound"],"picked":"Auto Shields+1","floor":29},{"not_picked":["Auto Shields+1","Steam Power+1"],"picked":"Gash+1","floor":31},{"not_picked":["Stack+1","Tempest+1"],"picked":"Go for the Eyes+1","floor":31},{"not_picked":["Electrodynamics","Machine Learning"],"picked":"Fission+1","floor":33},{"not_picked":["Ball Lightning","Hologram+1"],"picked":"Doom and Gloom+1","floor":35},{"not_picked":["Hologram+1","Recycle+1","Go for the Eyes"],"picked":"SKIP","floor":35},{"not_picked":["Hologram+1","Beam Cell"],"picked":"Darkness+1","floor":36},{"not_picked":["Steam+1","Genetic Algorithm+1"],"picked":"Darkness+1","floor":36}],"player_experience":447101,"relics_obtained":[{"floor":5,"key":"Meat on the Bone"},{"floor":6,"key":"Happy Flower"},{"floor":9,"key":"Toxic Egg 2"},{"floor":14,"key":"Old Coin"},{"floor":24,"key":"Tiny Chest"},{"floor":26,"key":"Symbiotic Virus"},{"floor":29,"key":"Strawberry"}],"event_choices":[{"damage_healed":0,"gold_gain":0,"player_choice":"2 cards matched","damage_taken":0,"max_hp_gain":0,"max_hp_loss":0,"event_name":"Match and Keep!","floor":2,"gold_loss":0,"cards_obtained":["Core Surge","Static Discharge"]},{"damage_healed":0,"gold_gain":0,"player_choice":"Entered Light","damage_taken":15,"max_hp_gain":0,"max_hp_loss":0,"event_name":"Shining Light","floor":13,"gold_loss":0,"cards_upgraded":["Conserve Battery","Strike_B"]},{"damage_healed":0,"gold_gain":0,"player_choice":"Read","damage_taken":0,"max_hp_gain":0,"max_hp_loss":0,"event_name":"The Library","floor":19,"gold_loss":0,"cards_obtained":["Self Repair"]},{"damage_healed":0,"gold_gain":0,"player_choice":"Paid Fearfully","damage_taken":0,"max_hp_gain":0,"max_hp_loss":0,"event_name":"Masked Bandits","floor":21,"gold_loss":24},{"damage_healed":0,"gold_gain":0,"player_choice":"Ignored","damage_taken":0,"max_hp_gain":0,"max_hp_loss":0,"event_name":"Beggar","floor":22,"gold_loss":0},{"damage_healed":0,"gold_gain":0,"cards_transformed":["Strike_B","Strike_B"],"player_choice":"Became Test Subject","damage_taken":0,"max_hp_gain":0,"max_hp_loss":0,"event_name":"Drug Dealer","floor":27,"gold_loss":0,"cards_obtained":["Fusion","Reprogram"]},{"damage_healed":0,"gold_gain":0,"player_choice":"Obtained Relic","damage_taken":0,"relics_obtained":["Prayer Wheel"],"max_hp_gain":0,"max_hp_loss":0,"event_name":"Addict","floor":30,"gold_loss":85}],"is_beta":false,"boss_relics":[{"not_picked":["Snecko Eye","Pandora\u0027s Box"],"picked":"Nuclear Battery"},{"not_picked":["Calling Bell","Fusion Hammer"],"picked":"Black Star"}],"items_purged_floors":[20],"is_endless":false,"potions_floor_spawned":[1,6,12,18,29],"killed_by":"Transient","ascension_level":9}