{"gold_per_floor":[119,132,147,147,101,101,130,130,175,206,255,255,255,271,271,271],"floor_reached":16,"playtime":605,"items_purged":[],"score":216,"play_id":"63df41d2-be69-4e61-a0fa-9572eb357295","local_time":"20190429140531","is_ascension_mode":true,"campfire_choices":[{"data":"Neutralize","floor":6,"key":"SMITH"},{"data":"Bouncing Flask","floor":8,"key":"SMITH"},{"floor":12,"key":"REST"},{"data":"Footwork","floor":15,"key":"SMITH"}],"neow_cost":"NONE","seed_source_timestamp":32472774607800,"circlet_count":0,"master_deck":["AscendersBane","Defend_G","Defend_G+1","Defend_G+1","Defend_G","Defend_G","Strike_G","Strike_G","Strike_G","Strike_G","Strike_G","Survivor","Neutralize+1","Backstab","Dash","Crippling Poison+1","Bouncing Flask+1","Cloak And Dagger","Footwork+1"],"relics":["Ring of the Snake","Omamori","War Paint","Oddly Smooth Stone","Bronze Scales","CultistMask"],"potions_floor_usage":[7,16,16],"damage_taken":[{"damage":1,"enemies":"Small Slimes","floor":1,"turns":4},{"damage":7,"enemies":"Jaw Worm","floor":2,"turns":6},{"damage":0,"enemies":"2 Louse","floor":3,"turns":3},{"damage":19,"enemies":"Lagavulin","floor":7,"turns":8},{"damage":29,"enemies":"3 Sentries","floor":10,"turns":9},{"damage":0,"enemies":"Red Slaver","floor":14,"turns":4},{"damage":25,"enemies":"Slime Boss","floor":16,"turns":9}],"seed_played":"9180920169172944392","potions_obtained":[{"floor":0,"key":"SteroidPotion"},{"floor":0,"key":"PowerPotion"},{"floor":10,"key":"AttackPotion"}],"is_trial":false,"path_per_floor":["M","M","M","?","?","R","E","R","T","E","T","R","?","M","R","B"],"character_chosen":"THE_SILENT","items_purchased":[],"campfire_rested":1,"item_purchase_floors":[],"current_hp_per_floor":[58,51,51,51,51,51,32,32,32,3,3,22,22,22,22,0],"gold":271,"neow_bonus":"THREE_SMALL_POTIONS","is_prod":false,"is_daily":false,"chose_seed":false,"campfire_upgraded":3,"win_rate":0,"timestamp":1556514331,"path_taken":["M","M","M","?","?","R","E","R","T","E","?","R","?","M","R","BOSS"],"build_version":"2019-01-23","purchased_purges":0,"victory":false,"max_hp_per_floor":[66,66,66,66,66,66,66,66,66,66,66,66,66,66,66,66],"card_choices":[{"not_picked":["Backflip","Cloak And Dagger"],"picked":"Backstab","floor":1},{"not_picked":["Blur","Dagger Throw"],"picked":"Dash","floor":2},{"not_picked":["Dagger Spray","Endless Agony"],"picked":"Crippling Poison","floor":3},{"not_picked":["Predator","Setup"],"picked":"Bouncing Flask","floor":7},{"not_picked":["Acrobatics","Bane"],"picked":"Cloak And Dagger","floor":10},{"not_picked":["Terror","Deflect"],"picked":"Footwork","floor":14}],"player_experience":1144580,"relics_obtained":[{"floor":7,"key":"Omamori"},{"floor":9,"key":"War Paint"},{"floor":10,"key":"Oddly Smooth Stone"},{"floor":11,"key":"Bronze Scales"}],"event_choices":[{"damage_healed":0,"gold_gain":0,"player_choice":"Grow","damage_taken":0,"max_hp_gain":0,"max_hp_loss":0,"event_name":"Living Wall","floor":4,"gold_loss":0,"cards_upgraded":["Crippling Poison"]},{"damage_healed":0,"gold_gain":0,"player_choice":"Left Gold","damage_taken":0,"max_hp_gain":0,"max_hp_loss":0,"event_name":"World of Goop","floor":5,"gold_loss":46},{"damage_healed":0,"gold_gain":0,"player_choice":"Trade","damage_taken":0,"relics_obtained":["CultistMask"],"max_hp_gain":0,"max_hp_loss":0,"event_name":"FaceTrader","floor":13,"gold_loss":0}],"is_beta":false,"boss_relics":[],"items_purged_floors":[],"is_endless":false,"potions_floor_spawned":[3,10],"killed_by":"Slime Boss","ascension_level":20}