{"gold_per_floor":[110,123,123,198,198,231,231,248,248,280,280,59,72,92,92,92],"floor_reached":16,"playtime":757,"items_purged":[],"score":250,"play_id":"2f23a44d-4a45-4587-8747-44137cadde2e","local_time":"20190512150517","is_ascension_mode":true,"campfire_choices":[{"data":"Neutralize","floor":7,"key":"SMITH"},{"floor":11,"key":"REST"},{"floor":15,"key":"REST"}],"neow_cost":"NONE","seed_source_timestamp":20620955521287,"circlet_count":0,"master_deck":["AscendersBane","Defend_G","Defend_G","Defend_G","Defend_G","Defend_G","Strike_G","Strike_G","Strike_G","Strike_G","Strike_G","Survivor","Neutralize+1","Dodge and Roll","Leg Sweep","Accuracy","Choke","Venomology+1","Dodge and Roll+1","Dagger Throw","Concentrate+1"],"relics":["Ring of the Snake","NeowsBlessing","Pear","Art of War","Toxic Egg 2","Bronze Scales","Strawberry"],"potions_floor_usage":[10,13,13,14,16,16],"damage_taken":[{"damage":0,"enemies":"Cultist","floor":1,"turns":1},{"damage":0,"enemies":"Jaw Worm","floor":2,"turns":1},{"damage":0,"enemies":"Lagavulin","floor":6,"turns":1},{"damage":0,"enemies":"2 Louse","floor":8,"turns":5},{"damage":50,"enemies":"3 Sentries","floor":10,"turns":15},{"damage":5,"enemies":"Gremlin Gang","floor":13,"turns":3},{"damage":9,"enemies":"Lots of Slimes","floor":14,"turns":3},{"damage":62,"enemies":"Hexaghost","floor":16,"turns":15}],"seed_played":"-5509524530976696439","potions_obtained":[{"floor":8,"key":"Regen Potion"},{"floor":10,"key":"AttackPotion"},{"floor":13,"key":"EssenceOfSteel"}],"is_trial":false,"path_per_floor":["M","M","?","?","?","E","R","M","T","E","R","$","M","M","R","B"],"character_chosen":"THE_SILENT","items_purchased":["Strawberry","Dodge and Roll+1"],"campfire_rested":2,"item_purchase_floors":[12,12],"current_hp_per_floor":[59,59,69,58,58,58,58,58,58,23,45,52,47,38,62,0],"gold":92,"neow_bonus":"THREE_ENEMY_KILL","is_prod":false,"is_daily":false,"chose_seed":false,"campfire_upgraded":1,"win_rate":0,"timestamp":1557698717,"path_taken":["M","?","?","?","?","E","R","M","T","E","R","$","M","M","R","BOSS"],"build_version":"2019-01-23","purchased_purges":0,"victory":false,"max_hp_per_floor":[66,66,76,76,76,76,76,76,76,76,76,83,83,83,83,83],"card_choices":[{"not_picked":["Outmaneuver","Dagger Throw"],"picked":"Dodge and Roll","floor":1},{"not_picked":["Escape Plan","Underhanded Strike"],"picked":"Leg Sweep","floor":2},{"not_picked":["PiercingWail","Sucker Punch"],"picked":"Accuracy","floor":6},{"not_picked":["Prepared","Catalyst"],"picked":"Choke","floor":8},{"not_picked":["Prepared+1","Dagger Throw"],"picked":"Venomology+1","floor":10},{"not_picked":["Catalyst+1","PiercingWail+1"],"picked":"Dagger Throw","floor":13},{"not_picked":["Acrobatics+1","Underhanded Strike"],"picked":"Concentrate+1","floor":14}],"player_experience":684795,"relics_obtained":[{"floor":6,"key":"Art of War"},{"floor":9,"key":"Toxic Egg 2"},{"floor":10,"key":"Bronze Scales"}],"event_choices":[{"damage_healed":0,"gold_gain":0,"player_choice":"Box","damage_taken":0,"relics_obtained":["Pear"],"max_hp_gain":0,"max_hp_loss":0,"event_name":"Big Fish","floor":3,"gold_loss":0,"cards_obtained":["Regret"]},{"damage_healed":0,"gold_gain":75,"player_choice":"Gather Gold","damage_taken":11,"max_hp_gain":0,"max_hp_loss":0,"event_name":"World of Goop","floor":4,"gold_loss":0},{"cards_removed":["Regret"],"damage_healed":0,"gold_gain":0,"player_choice":"Purged","damage_taken":0,"max_hp_gain":0,"max_hp_loss":0,"event_name":"Purifier","floor":5,"gold_loss":0}],"is_beta":false,"boss_relics":[],"items_purged_floors":[],"is_endless":false,"potions_floor_spawned":[8,10,13],"killed_by":"Hexaghost","ascension_level":17}