{"gold_per_floor":[366,385,44,61,91,91,91,120,147,159],"floor_reached":10,"playtime":320,"items_purged":["Strike_R"],"score":177,"play_id":"c06fc840-8898-4863-a7a3-8159b9f6ef2e","local_time":"20190329021957","is_ascension_mode":true,"campfire_choices":[{"data":"Armaments","floor":6.0,"key":"SMITH"}],"neow_cost":"PERCENT_DAMAGE","seed_source_timestamp":115721057761600,"circlet_count":0,"master_deck":["AscendersBane","Strike_R","Strike_R","Strike_R","Strike_R","Defend_R","Defend_R+1","Defend_R","Defend_R","Bash","Shrug It Off+1","Armaments+1","Infernal Blade","Regret","Demon Form","Headbutt"],"special_seed":0,"relics":["Burning Blood","Kunai","Tiny Chest","War Paint","MawBank"],"potions_floor_usage":[10,10],"damage_taken":[{"damage":6.0,"enemies":"Cultist","floor":1.0,"turns":3.0},{"damage":5.0,"enemies":"Small Slimes","floor":2.0,"turns":6.0},{"damage":7.0,"enemies":"Jaw Worm","floor":4.0,"turns":5.0},{"damage":5.0,"enemies":"Lagavulin","floor":8.0,"turns":7.0},{"damage":51,"enemies":"3 Sentries","floor":10,"turns":9}],"seed_played":"4550881180478245032","potions_obtained":[{"floor":2.0,"key":"Poison Potion"},{"floor":8.0,"key":"SteroidPotion"}],"is_trial":false,"path_per_floor":["M","M","$","M","?","R","?","E","T","E"],"character_chosen":"IRONCLAD","items_purchased":["Kunai"],"campfire_rested":0,"item_purchase_floors":[3],"current_hp_per_floor":[50,51,51,50,50,50,50,51,51,0],"gold":159,"neow_bonus":"TWO_FIFTY_GOLD","is_prod":false,"is_daily":false,"chose_seed":false,"campfire_upgraded":1,"win_rate":0,"timestamp":1553822397,"path_taken":["M","?","$","M","?","R","?","E","T","E"],"build_version":"2019-01-23","purchased_purges":1,"victory":false,"max_hp_per_floor":[75,75,75,75,75,75,75,75,75,75],"card_choices":[{"not_picked":["Seeing Red","Infernal Blade"],"picked":"Shrug It Off","floor":1.0},{"not_picked":["Perfected Strike","Body Slam"],"picked":"Armaments","floor":2.0},{"not_picked":["Twin Strike","Body Slam"],"picked":"Infernal Blade","floor":4.0},{"not_picked":["Wild Strike","Havoc"],"picked":"Headbutt","floor":8.0}],"player_experience":502216,"relics_obtained":[{"floor":8.0,"key":"War Paint"},{"floor":9.0,"key":"MawBank"}],"event_choices":[{"damage_healed":0.0,"max_hp_gain":0.0,"max_hp_loss":0.0,"gold_gain":0.0,"event_name":"Big Fish","player_choice":"Box","floor":5.0,"gold_loss":0.0,"damage_taken":0.0,"relics_obtained":["Tiny Chest"],"cards_obtained":["Regret"]},{"damage_healed":0.0,"max_hp_gain":0.0,"max_hp_loss":0.0,"gold_gain":0.0,"event_name":"Match and Keep!","player_choice":"1 cards matched","floor":7.0,"gold_loss":0.0,"damage_taken":0.0,"cards_obtained":["Demon Form"]}],"is_beta":false,"boss_relics":[],"items_purged_floors":[3],"is_endless":false,"potions_floor_spawned":[2,8],"killed_by":"3 Sentries","ascension_level":19}