{"gold_per_floor":[112,187,187,203,2,33,46,81,133,133,167,186,186,205,205,205],"floor_reached":16,"playtime":459,"items_purged":["Strike_R"],"score":290,"play_id":"0f69d885-6be9-4e99-90a4-11d27511a35e","local_time":"20190420020014","is_ascension_mode":true,"campfire_choices":[{"floor":13,"key":"REST"},{"data":"Inflame","floor":15,"key":"SMITH"}],"neow_cost":"NONE","seed_source_timestamp":187180855351200,"circlet_count":0,"master_deck":["AscendersBane","Strike_R","Strike_R","Strike_R","Defend_R","Defend_R","Defend_R","Defend_R","Bash","Inflame+1","Clothesline","Battle Trance","Whirlwind","Uppercut","Intimidate","Feel No Pain","Fiend Fire","Feel No Pain","Warcry"],"relics":["Burning Blood","NeowsBlessing","Shuriken","Happy Flower","Blood Vial","Omamori"],"potions_floor_usage":[11],"damage_taken":[{"damage":0,"enemies":"Small Slimes","floor":1,"turns":1},{"damage":0,"enemies":"Cultist","floor":4,"turns":1},{"damage":0,"enemies":"Lagavulin","floor":6,"turns":1},{"damage":10,"enemies":"2 Louse","floor":7,"turns":4},{"damage":35,"enemies":"3 Sentries","floor":8,"turns":6},{"damage":26,"enemies":"Gremlin Nob","floor":11,"turns":4},{"damage":13,"enemies":"Large Slime","floor":12,"turns":5},{"damage":4,"enemies":"Exordium Wildlife","floor":14,"turns":3},{"damage":51,"enemies":"The Guardian","floor":16,"turns":14}],"seed_played":"-1458239397503611496","potions_obtained":[{"floor":1,"key":"LiquidBronze"},{"floor":4,"key":"Swift Potion"}],"is_trial":false,"path_per_floor":["M","?","$","M","$","E","M","E","T","?","E","M","R","M","R","B"],"character_chosen":"IRONCLAD","items_purchased":["Battle Trance","Whirlwind"],"campfire_rested":1,"item_purchase_floors":[5,5],"current_hp_per_floor":[74,63,63,69,69,75,71,42,42,42,24,19,41,45,45,0],"gold":205,"neow_bonus":"THREE_ENEMY_KILL","is_prod":false,"is_daily":false,"chose_seed":false,"campfire_upgraded":1,"win_rate":0,"timestamp":1555718414,"path_taken":["M","?","$","M","$","E","M","E","T","?","E","M","R","?","R","BOSS"],"build_version":"2019-01-23","purchased_purges":1,"victory":false,"max_hp_per_floor":[75,75,75,75,75,75,75,75,75,75,75,75,75,75,75,75],"card_choices":[{"not_picked":["Spot Weakness","Rampage"],"picked":"Inflame","floor":1},{"not_picked":["Headbutt","Pommel Strike"],"picked":"Clothesline","floor":4},{"not_picked":["Heavy Blade","Shrug It Off"],"picked":"Uppercut","floor":6},{"not_picked":["Iron Wave","Sentinel","Wild Strike"],"picked":"SKIP","floor":7},{"not_picked":["Whirlwind","Perfected Strike"],"picked":"Intimidate","floor":8},{"not_picked":["Seeing Red","Sentinel"],"picked":"Fiend Fire","floor":11},{"not_picked":["Cleave","Seeing Red"],"picked":"Feel No Pain","floor":12},{"not_picked":["Twin Strike","Clash"],"picked":"Warcry","floor":14}],"player_experience":573652,"relics_obtained":[{"floor":6,"key":"Shuriken"},{"floor":8,"key":"Happy Flower"},{"floor":9,"key":"Blood Vial"},{"floor":11,"key":"Omamori"}],"event_choices":[{"damage_healed":0,"gold_gain":75,"player_choice":"Gather Gold","damage_taken":11,"max_hp_gain":0,"max_hp_loss":0,"event_name":"World of Goop","floor":2,"gold_loss":0},{"damage_healed":0,"gold_gain":0,"cards_transformed":["Strike_R"],"player_choice":"Transformed","damage_taken":0,"max_hp_gain":0,"max_hp_loss":0,"event_name":"Transmorgrifier","floor":10,"gold_loss":0,"cards_obtained":["Feel No Pain"]}],"is_beta":false,"boss_relics":[],"items_purged_floors":[5],"is_endless":false,"potions_floor_spawned":[1,4,8],"killed_by":"The Guardian","ascension_level":20}