{"gold_per_floor":[118,193,243,6,16,16,49,49,101,111,128,146,146,176,176,176],"floor_reached":16,"playtime":455,"items_purged":[],"score":320,"play_id":"521b5ee0-e777-439c-99ca-183ce0abf81f","local_time":"20190310104256","is_ascension_mode":true,"campfire_choices":[{"data":"Predator","floor":6,"key":"SMITH"},{"data":"After Image","floor":8,"key":"SMITH"},{"floor":15,"key":"REST"}],"neow_cost":"NONE","seed_source_timestamp":280428468358769,"circlet_count":0,"master_deck":["AscendersBane","Defend_G","Defend_G","Defend_G","Defend_G","Defend_G","Strike_G","Strike_G","Strike_G","Strike_G","Strike_G","Survivor+1","Neutralize","Predator+1","Cloak And Dagger","Slice","Cloak And Dagger+1","After Image+1","All Out Attack","Footwork","All Out Attack"],"relics":["Ring of the Snake","NeowsBlessing","PreservedInsect","Omamori","Potion Belt","Peace Pipe"],"potions_floor_usage":[14,16],"damage_taken":[{"damage":0,"enemies":"Small Slimes","floor":1,"turns":1},{"damage":0,"enemies":"Cultist","floor":5,"turns":1},{"damage":0,"enemies":"Gremlin Nob","floor":7,"turns":1},{"damage":2,"enemies":"2 Louse","floor":10,"turns":3},{"damage":0,"enemies":"Large Slime","floor":11,"turns":5},{"damage":0,"enemies":"2 Fungi Beasts","floor":12,"turns":4},{"damage":0,"enemies":"Lagavulin","floor":14,"turns":7},{"damage":40,"enemies":"Slime Boss","floor":16,"turns":8}],"seed_played":"-2840666183159329778","potions_obtained":[{"floor":5,"key":"EssenceOfSteel"},{"floor":11,"key":"Fire Potion"}],"is_trial":false,"path_per_floor":["M","?","?","$","M","R","E","R","T","M","M","M","?","E","R","B"],"character_chosen":"THE_SILENT","items_purchased":["PreservedInsect","Cloak And Dagger","Slice"],"campfire_rested":1,"item_purchase_floors":[4,4,4],"current_hp_per_floor":[59,48,42,42,42,42,42,42,42,40,40,40,20,20,39,0],"gold":176,"neow_bonus":"THREE_ENEMY_KILL","is_prod":false,"is_daily":false,"chose_seed":false,"campfire_upgraded":2,"win_rate":0,"timestamp":1552182176,"path_taken":["M","?","?","$","M","R","E","R","T","?","M","M","?","E","R","BOSS"],"build_version":"2019-01-23","purchased_purges":0,"victory":false,"max_hp_per_floor":[66,66,66,66,66,66,66,66,66,66,66,66,66,66,66,66],"card_choices":[{"not_picked":["Deflect","Finisher"],"picked":"Predator","floor":1},{"not_picked":["Sucker Punch","Leg Sweep"],"picked":"Cloak And Dagger","floor":5},{"not_picked":["Setup","Escape Plan"],"picked":"After Image","floor":7},{"not_picked":["Prepared","Expertise"],"picked":"All Out Attack","floor":10},{"not_picked":["Flying Knee","Accuracy"],"picked":"Footwork","floor":11},{"not_picked":["Calculated Gamble","Flechettes","Acrobatics"],"picked":"SKIP","floor":12},{"not_picked":["Calculated Gamble","Night Terror"],"picked":"All Out Attack","floor":14}],"player_experience":666754,"relics_obtained":[{"floor":7,"key":"Omamori"},{"floor":9,"key":"Potion Belt"},{"floor":14,"key":"Peace Pipe"}],"event_choices":[{"damage_healed":0,"gold_gain":75,"player_choice":"Gather Gold","damage_taken":11,"max_hp_gain":0,"max_hp_loss":0,"event_name":"World of Goop","floor":2,"gold_loss":0},{"damage_healed":0,"gold_gain":50,"player_choice":"Touch","damage_taken":6,"max_hp_gain":0,"max_hp_loss":0,"event_name":"FaceTrader","floor":3,"gold_loss":0},{"damage_healed":0,"gold_gain":0,"player_choice":"Entered Light","damage_taken":20,"max_hp_gain":0,"max_hp_loss":0,"event_name":"Shining Light","floor":13,"gold_loss":0,"cards_upgraded":["Survivor","Cloak And Dagger"]}],"is_beta":false,"boss_relics":[],"items_purged_floors":[],"is_endless":false,"potions_floor_spawned":[5,11],"killed_by":"Slime Boss","ascension_level":20}