{"gold_per_floor":[359,534,544,19,36,67,80,112,194,209,209,227,177,38,38,140,140,150,150,166,166,180,180],"floor_reached":23,"playtime":1739,"items_purged":["Doubt","Defend_B"],"score":325,"play_id":"42fa1e46-8412-4ae1-ba7f-dec320e78f2a","local_time":"20190411084219","is_ascension_mode":true,"campfire_choices":[{"floor":15,"key":"REST"}],"neow_cost":"PERCENT_DAMAGE","seed_source_timestamp":64095718443840,"circlet_count":0,"master_deck":["AscendersBane","Strike_B","Strike_B","Defend_B","Defend_B","Defend_B","Zap","Dualcast","Leap","Ball Lightning","Chill","FTL","Conserve Battery","Hologram","Defragment","Cold Snap","Loop","Buffer","BootSequence"],"relics":["Cracked Core","Singing Bowl","Shuriken","Nunchaku","Sundial","Runic Dome"],"potions_floor_usage":[8,22,23],"damage_taken":[{"damage":4,"enemies":"Small Slimes","floor":1,"turns":4},{"damage":0,"enemies":"Cultist","floor":3,"turns":4},{"damage":0,"enemies":"2 Louse","floor":5,"turns":2},{"damage":17,"enemies":"Lagavulin","floor":6,"turns":7},{"damage":0,"enemies":"Large Slime","floor":7,"turns":4},{"damage":5,"enemies":"3 Sentries","floor":8,"turns":8},{"damage":11,"enemies":"Red Slaver","floor":10,"turns":2},{"damage":6,"enemies":"Exordium Thugs","floor":12,"turns":4},{"damage":6,"enemies":"The Guardian","floor":16,"turns":11},{"damage":16,"enemies":"Chosen","floor":18,"turns":6},{"damage":0,"enemies":"Shell Parasite","floor":20,"turns":6},{"damage":7,"enemies":"Snecko","floor":22,"turns":7},{"damage":50,"enemies":"Gremlin Leader","floor":23,"turns":4}],"seed_played":"7844320679156274883","potions_obtained":[{"floor":1,"key":"Weak Potion"},{"floor":3,"key":"SteroidPotion"},{"floor":8,"key":"FearPotion"},{"floor":10,"key":"Explosive Potion"}],"is_trial":false,"path_per_floor":["M","?","M","$","M","E","M","E","T","M","?","M","?","$","R","B",null,"M","?","M","?","M","E"],"character_chosen":"DEFECT","items_purchased":["Chill","FTL","Singing Bowl","Fire Potion","Loop"],"campfire_rested":1,"item_purchase_floors":[4,4,4,4,14],"current_hp_per_floor":[46,46,46,46,46,29,31,26,26,15,15,11,11,11,34,28,66,50,50,52,44,39,0],"gold":180,"neow_bonus":"TWO_FIFTY_GOLD","is_prod":false,"is_daily":false,"chose_seed":false,"campfire_upgraded":0,"win_rate":0,"timestamp":1554964939,"path_taken":["M","?","M","$","M","E","M","E","T","M","?","?","?","$","R","BOSS","M","?","M","?","?","E"],"build_version":"2019-01-23","purchased_purges":2,"victory":false,"max_hp_per_floor":[75,75,75,75,75,75,77,77,77,77,77,79,79,79,79,79,79,79,79,81,81,83,83],"card_choices":[{"not_picked":["Steam Power","Stack"],"picked":"Leap","floor":1},{"not_picked":["Gash","Aggregate"],"picked":"Ball Lightning","floor":3},{"not_picked":["Steam","Chaos"],"picked":"Conserve Battery","floor":5},{"not_picked":["Streamline","Reinforced Body"],"picked":"Hologram","floor":6},{"not_picked":["Aggregate","Streamline","Hologram"],"picked":"Singing Bowl","floor":7},{"not_picked":["Hologram","Lockon"],"picked":"Defragment","floor":8},{"not_picked":["Heatsinks","Coolheaded"],"picked":"Cold Snap","floor":10},{"not_picked":["Conserve Battery","Thunder Strike","Redo"],"picked":"Singing Bowl","floor":12},{"not_picked":["Multi-Cast","Reboot"],"picked":"Buffer","floor":16},{"not_picked":["Sweeping Beam","Scrape"],"picked":"BootSequence","floor":18},{"not_picked":["Barrage","Sweeping Beam+1","Loop"],"picked":"Singing Bowl","floor":20},{"not_picked":["Sweeping Beam","Blizzard","Beam Cell"],"picked":"Singing Bowl","floor":22}],"player_experience":525649,"relics_obtained":[{"floor":6,"key":"Shuriken"},{"floor":8,"key":"Nunchaku"},{"floor":9,"key":"Sundial"}],"event_choices":[{"damage_healed":0,"gold_gain":175,"player_choice":"AGREE","damage_taken":0,"max_hp_gain":0,"max_hp_loss":0,"event_name":"Liars Game","floor":2,"gold_loss":0,"cards_obtained":["Doubt"]},{"damage_healed":0,"gold_gain":0,"player_choice":"0 cards matched","damage_taken":0,"max_hp_gain":0,"max_hp_loss":0,"event_name":"Match and Keep!","floor":11,"gold_loss":0,"cards_obtained":[]},{"cards_removed":["Strike_B"],"damage_healed":0,"gold_gain":0,"player_choice":"Card Removal","damage_taken":0,"max_hp_gain":0,"max_hp_loss":0,"event_name":"The Cleric","floor":13,"gold_loss":50},{"cards_removed":["Strike_B"],"damage_healed":0,"gold_gain":0,"player_choice":"Elegance","damage_taken":0,"max_hp_gain":0,"max_hp_loss":0,"event_name":"Back to Basics","floor":19,"gold_loss":0},{"damage_healed":0,"gold_gain":0,"player_choice":"","damage_taken":8,"max_hp_gain":0,"max_hp_loss":0,"event_name":"Knowing Skull","floor":21,"potions_obtained":[],"gold_loss":0,"cards_obtained":[]}],"is_beta":false,"boss_relics":[{"not_picked":["White Beast Statue","Astrolabe"],"picked":"Runic Dome"}],"items_purged_floors":[4,14],"is_endless":false,"potions_floor_spawned":[1,3,8,10,20],"killed_by":"Gremlin Leader","ascension_level":12}