{"gold_per_floor":[118,118,6,32,32,64,64,77,102,163,173,193,193,211,211,312,312,327,327,426,341,118,151,169,179,203,254,254,272,284,297,297,400,400,419,163,175,186,186,186,197,197,197,197,216,156,156,166,166,166],"floor_reached":51,"playtime":4082,"items_purged":["Defend_G","Defend_G"],"score":952,"play_id":"b0a8b85a-1873-4fea-8841-5faa4952a12b","local_time":"20190217111339","is_ascension_mode":true,"campfire_choices":[{"data":"Crippling Poison","floor":7,"key":"SMITH"},{"data":"Noxious Fumes","floor":13,"key":"SMITH"},{"floor":15,"key":"REST"},{"data":"Footwork","floor":28,"key":"SMITH"},{"data":"Noxious Fumes","floor":32,"key":"SMITH"},{"floor":40,"key":"REST"},{"floor":42,"key":"REST"},{"floor":44,"key":"REST"},{"floor":47,"key":"REST"},{"floor":49,"key":"REST"}],"neow_cost":"NONE","seed_source_timestamp":327533500508601,"circlet_count":0,"master_deck":["Defend_G","Defend_G","Survivor","Neutralize+1","Flying Knee+1","Footwork+1","Crippling Poison+1","Deflect","Deflect+1","Noxious Fumes+1","Dodge and Roll","Burst","Bite","Bite","Bite","Bite","Bite","Crippling Poison+1","Footwork+1","Noxious Fumes+1","Deflect+1","Adrenaline","Deflect+1","Blur","Apotheosis","Dodge and Roll","Dodge and Roll","Escape Plan+1","Backflip+1","Backstab+1"],"relics":["Ring of the Snake","NeowsBlessing","Ancient Tea Set","Oddly Smooth Stone","Bag of Marbles","Whetstone","Velvet Choker","Art of War","Turnip","Dream Catcher","War Paint","Fusion Hammer","Anchor","Strawberry"],"potions_floor_usage":[10,12,16,33,41],"damage_taken":[{"damage":0,"enemies":"2 Louse","floor":1,"turns":1},{"damage":0,"enemies":"Lagavulin","floor":6,"turns":1},{"damage":0,"enemies":"Cultist","floor":8,"turns":1},{"damage":27,"enemies":"Lagavulin Event","floor":10,"turns":13},{"damage":0,"enemies":"Small Slimes","floor":11,"turns":2},{"damage":2,"enemies":"Exordium Wildlife","floor":12,"turns":4},{"damage":0,"enemies":"2 Fungi Beasts","floor":14,"turns":3},{"damage":14,"enemies":"Hexaghost","floor":16,"turns":9},{"damage":0,"enemies":"Spheric Guardian","floor":18,"turns":3},{"damage":4,"enemies":"Gremlin Leader","floor":23,"turns":7},{"damage":10,"enemies":"2 Thieves","floor":24,"turns":4},{"damage":18,"enemies":"Shelled Parasite and Fungi","floor":25,"turns":7},{"damage":0,"enemies":"Centurion and Healer","floor":29,"turns":7},{"damage":0,"enemies":"Snecko","floor":30,"turns":6},{"damage":15,"enemies":"Cultist and Chosen","floor":31,"turns":6},{"damage":3,"enemies":"Champ","floor":33,"turns":15},{"damage":4,"enemies":"3 Shapes","floor":35,"turns":4},{"damage":20,"enemies":"3 Darklings","floor":37,"turns":4},{"damage":10,"enemies":"Maw","floor":38,"turns":11},{"damage":46,"enemies":"Spire Growth","floor":41,"turns":7},{"damage":25,"enemies":"Jaw Worm Horde","floor":45,"turns":6},{"damage":0,"enemies":"Sphere and 2 Shapes","floor":48,"turns":5},{"damage":72,"enemies":"Time Eater","floor":50,"turns":19}],"seed_played":"-3767586446618432115","potions_obtained":[{"floor":1,"key":"Dexterity Potion"},{"floor":10,"key":"PowerPotion"},{"floor":11,"key":"FairyPotion"},{"floor":12,"key":"Swift Potion"},{"floor":29,"key":"FearPotion"},{"floor":31,"key":"Swift Potion"},{"floor":33,"key":"Fire Potion"},{"floor":41,"key":"Strength Potion"},{"floor":48,"key":"Explosive Potion"}],"is_trial":false,"path_per_floor":["M","?","$","T","?","E","R","M","T","?","M","M","R","M","R","B",null,"M","?","?","?","$","E","M","M","T","T","R","M","M","M","R","B",null,"M","$","M","M","?","R","M","R","T","R","M","?","R","M","R","B",null],"character_chosen":"THE_SILENT","items_purchased":["Footwork","Crippling Poison","Crippling Poison","Regen Potion","Anchor"],"campfire_rested":6,"item_purchase_floors":[3,3,22,22,36],"current_hp_per_floor":[63,63,63,63,63,63,63,63,63,36,36,34,34,34,55,41,63,63,49,49,49,49,49,43,41,41,41,41,49,49,38,38,49,49,47,47,33,43,43,49,21,35,42,56,34,34,50,56,56,22],"gold":166,"neow_bonus":"THREE_ENEMY_KILL","is_prod":false,"is_daily":false,"chose_seed":false,"campfire_upgraded":4,"win_rate":0,"timestamp":1550398419,"path_taken":["M","?","$","?","?","E","R","M","T","?","?","M","R","M","R","BOSS","M","?","?","?","$","E","M","M","T","?","R","M","?","M","R","BOSS","M","$","M","M","?","R","M","R","T","R","M","?","R","?","R","BOSS"],"build_version":"2019-01-23","purchased_purges":2,"victory":true,"max_hp_per_floor":[70,70,70,70,70,70,70,70,70,70,70,70,70,70,70,70,70,70,49,49,49,49,49,49,49,49,49,49,49,49,49,49,49,49,49,49,49,49,49,49,49,49,56,56,56,56,56,56,56,56],"card_choices":[{"not_picked":["Flechettes","Poisoned Stab"],"picked":"Flying Knee","floor":1},{"not_picked":["Poisoned Stab","Dagger Spray","Slice"],"picked":"SKIP","floor":6},{"not_picked":["Underhanded Strike","Cloak And Dagger"],"picked":"Deflect","floor":8},{"not_picked":["Outmaneuver","Underhanded Strike"],"picked":"Deflect","floor":11},{"not_picked":["Finisher","Dagger Spray"],"picked":"Noxious Fumes","floor":12},{"not_picked":["Deflect","Calculated Gamble"],"picked":"Dodge and Roll","floor":14},{"not_picked":["Wraith Form v2","Unload"],"picked":"Burst","floor":16},{"not_picked":["Sucker Punch","Riddle With Holes","Dagger Throw"],"picked":"SKIP","floor":18},{"not_picked":["After Image","Quick Slash"],"picked":"Footwork","floor":23},{"not_picked":["Finisher","Deflect","Dagger Spray+1"],"picked":"SKIP","floor":24},{"not_picked":["Outmaneuver+1","Dash"],"picked":"Noxious Fumes","floor":25},{"not_picked":["Accuracy","Blade Dance+1","Distraction"],"picked":"SKIP","floor":29},{"not_picked":["Prepared","Underhanded Strike","Slice"],"picked":"SKIP","floor":30},{"not_picked":["Flying Knee","Poisoned Stab+1"],"picked":"Deflect+1","floor":31},{"not_picked":["Glass Knife","Wraith Form v2"],"picked":"Adrenaline","floor":33},{"not_picked":["Backstab","Sucker Punch+1"],"picked":"Deflect+1","floor":35},{"not_picked":["Finisher+1","Heel Hook+1"],"picked":"Blur","floor":37},{"not_picked":["Deadly Poison","Acrobatics","Slice"],"picked":"SKIP","floor":38},{"not_picked":["Flash of Steel","Chrysalis"],"picked":"Apotheosis","floor":39},{"not_picked":["Sucker Punch","Bane+1"],"picked":"Dodge and Roll","floor":41},{"not_picked":["Distraction+1","Cloak And Dagger"],"picked":"Dodge and Roll","floor":42},{"not_picked":["Dagger Spray+1","Eviscerate+1"],"picked":"Escape Plan+1","floor":45},{"not_picked":["Sucker Punch","Tools of the Trade"],"picked":"Backflip+1","floor":48},{"not_picked":["Bane+1","Dodge and Roll+1"],"picked":"Backstab+1","floor":49}],"player_experience":316853,"relics_obtained":[{"floor":4,"key":"Ancient Tea Set"},{"floor":6,"key":"Oddly Smooth Stone"},{"floor":9,"key":"Bag of Marbles"},{"floor":10,"key":"Whetstone"},{"floor":23,"key":"Turnip"},{"floor":26,"key":"Dream Catcher"},{"floor":27,"key":"War Paint"},{"floor":43,"key":"Strawberry"}],"event_choices":[{"damage_healed":0,"gold_gain":0,"player_choice":"Upgraded","damage_taken":0,"max_hp_gain":0,"max_hp_loss":0,"event_name":"Upgrade Shrine","floor":2,"gold_loss":0,"cards_upgraded":["Neutralize"]},{"damage_healed":0,"gold_gain":0,"player_choice":"Grow","damage_taken":0,"max_hp_gain":0,"max_hp_loss":0,"event_name":"Living Wall","floor":5,"gold_loss":0,"cards_upgraded":["Footwork"]},{"damage_healed":0,"gold_gain":0,"player_choice":"Searched \u00272\u0027 times","damage_taken":0,"max_hp_gain":0,"max_hp_loss":0,"event_name":"Dead Adventurer","floor":10,"gold_loss":0},{"damage_healed":0,"gold_gain":0,"player_choice":"Became a vampire","damage_taken":0,"max_hp_gain":0,"max_hp_loss":21,"event_name":"Vampires","floor":19,"gold_loss":0,"cards_obtained":["Bite","Bite","Bite","Bite","Bite"]},{"damage_healed":0,"gold_gain":99,"player_choice":"Stole From Cult","damage_taken":0,"max_hp_gain":0,"max_hp_loss":0,"event_name":"Nest","floor":20,"gold_loss":0},{"damage_healed":0,"gold_gain":0,"player_choice":"Obtained Relic","damage_taken":0,"relics_obtained":["Art of War"],"max_hp_gain":0,"max_hp_loss":0,"event_name":"Addict","floor":21,"gold_loss":85},{"damage_healed":0,"gold_gain":0,"player_choice":"Memory 1","damage_taken":0,"max_hp_gain":0,"max_hp_loss":0,"event_name":"SensoryStone","floor":39,"gold_loss":0},{"cards_removed":["Defend_G"],"damage_healed":0,"gold_gain":0,"player_choice":"Single Remove","damage_taken":0,"max_hp_gain":0,"max_hp_loss":0,"event_name":"Designer","floor":46,"gold_loss":60}],"is_beta":false,"boss_relics":[{"not_picked":["WristBlade","Black Star"],"picked":"Velvet Choker"},{"not_picked":["Orrery","HoveringKite"],"picked":"Fusion Hammer"}],"items_purged_floors":[22,36],"is_endless":false,"potions_floor_spawned":[1,10,11,12,29,31,33,41,45,48],"ascension_level":8}