{"gold_per_floor":[117,129,156,156,168,200,200,235,235,235],"floor_reached":10,"playtime":461,"items_purged":[],"score":110,"play_id":"69d22e67-bdd7-42bb-92f6-c7df93c65e73","local_time":"20190510225230","is_ascension_mode":true,"campfire_choices":[{"floor":7,"key":"REST"}],"neow_cost":"NONE","seed_source_timestamp":1733947752949585,"circlet_count":0,"master_deck":["Defend_G","Defend_G","Defend_G","Defend_G","Defend_G","Strike_G","Strike_G","Strike_G+1","Strike_G+1","Survivor","Neutralize","Noxious Fumes","Backflip","Bouncing Flask","Quick Slash","Flying Knee"],"relics":["Ring of the Snake","Boot","Whetstone","Centennial Puzzle","Bronze Scales","Shuriken"],"potions_floor_usage":[6,6],"damage_taken":[{"damage":1,"enemies":"Cultist","floor":1,"turns":5},{"damage":1,"enemies":"Small Slimes","floor":2,"turns":4},{"damage":0,"enemies":"2 Louse","floor":5,"turns":3},{"damage":32,"enemies":"3 Sentries","floor":6,"turns":7},{"damage":32,"enemies":"Gremlin Nob","floor":8,"turns":4},{"damage":17,"enemies":"3 Sentries","floor":10,"turns":4}],"seed_played":"-4533642746511109450","potions_obtained":[{"floor":1,"key":"GamblersBrew"},{"floor":2,"key":"SpeedPotion"}],"is_trial":false,"path_per_floor":["M","M","T","?","M","E","R","E","T","E"],"character_chosen":"THE_SILENT","items_purchased":[],"campfire_rested":1,"item_purchase_floors":[],"current_hp_per_floor":[62,61,61,54,54,22,43,11,11,0],"gold":235,"neow_bonus":"RANDOM_COMMON_RELIC","is_prod":false,"is_daily":false,"chose_seed":false,"campfire_upgraded":0,"win_rate":0,"timestamp":1557543150,"path_taken":["M","M","?","?","M","E","R","E","T","E"],"build_version":"2019-01-23","purchased_purges":0,"victory":false,"max_hp_per_floor":[70,70,70,70,70,70,70,70,70,70],"card_choices":[{"not_picked":["Slice","Underhanded Strike"],"picked":"Noxious Fumes","floor":1},{"not_picked":["Bane","Blur"],"picked":"Backflip","floor":2},{"not_picked":["Flechettes","Skewer"],"picked":"Bouncing Flask","floor":5},{"not_picked":["Skewer","Acrobatics"],"picked":"Quick Slash","floor":6},{"not_picked":["Eviscerate","Slice"],"picked":"Flying Knee","floor":8}],"player_experience":233320,"relics_obtained":[{"floor":3,"key":"Whetstone"},{"floor":6,"key":"Centennial Puzzle"},{"floor":8,"key":"Bronze Scales"},{"floor":9,"key":"Shuriken"}],"event_choices":[{"cards_removed":["Strike_G"],"damage_healed":0,"gold_gain":0,"player_choice":"Card Removal","damage_taken":7,"max_hp_gain":0,"max_hp_loss":0,"event_name":"Golden Wing","floor":4,"gold_loss":0}],"is_beta":false,"boss_relics":[],"items_purged_floors":[],"is_endless":false,"potions_floor_spawned":[1,2],"killed_by":"3 Sentries","ascension_level":9}