{"gold_per_floor":[114,38,49,61,61,61,88,88,88,88,103,103,130,141,141,213,213,233,244,117,117],"floor_reached":21,"playtime":625,"items_purged":[],"score":478,"play_id":"65eeda61-acd4-4bad-ad86-54f28669132d","local_time":"20190329215336","is_ascension_mode":true,"campfire_choices":[{"data":"Defragment","floor":6,"key":"SMITH"},{"floor":12,"key":"REST"},{"floor":15,"key":"REST"}],"neow_cost":"TEN_PERCENT_HP_LOSS","seed_source_timestamp":1899890672994,"circlet_count":0,"master_deck":["AscendersBane","Strike_B","Strike_B","Strike_B","Strike_B","Defend_B","Defend_B","Defend_B","Defend_B","Zap","Dualcast","Loop+1","Defragment+1","Heatsinks","Buffer","White Noise","Defragment","Amplify","Leap","Ball Lightning","Capacitor","Skim"],"relics":["Cracked Core","Du-Vu Doll","Bottled Flame","Happy Flower","Omamori","Fusion Hammer"],"potions_floor_usage":[7,14,19],"damage_taken":[{"damage":5,"enemies":"2 Louse","floor":1,"turns":4},{"damage":1,"enemies":"Cultist","floor":3,"turns":3},{"damage":2,"enemies":"Small Slimes","floor":4,"turns":3},{"damage":15,"enemies":"Lagavulin","floor":7,"turns":6},{"damage":8,"enemies":"3 Louse","floor":11,"turns":3},{"damage":40,"enemies":"3 Sentries","floor":13,"turns":6},{"damage":11,"enemies":"Looter","floor":14,"turns":2},{"damage":0,"enemies":"Slime Boss","floor":16,"turns":6},{"damage":31,"enemies":"Chosen","floor":18,"turns":5},{"damage":12,"enemies":"Spheric Guardian","floor":19,"turns":5},{"damage":10,"enemies":"Snake Plant","floor":21,"turns":3}],"seed_played":"-5084555241283530603","potions_obtained":[{"floor":1,"key":"PowerPotion"},{"floor":13,"key":"PowerPotion"},{"floor":16,"key":"Fire Potion"},{"floor":19,"key":"LiquidBronze"}],"is_trial":false,"path_per_floor":["M","$","M","M","?","R","E","?","T","?","M","R","E","M","R","B",null,"M","M","$","M"],"character_chosen":"DEFECT","items_purchased":["Defragment","Capacitor","Skim"],"campfire_rested":2,"item_purchase_floors":[2,20,20],"current_hp_per_floor":[59,59,58,56,56,56,41,41,41,41,33,52,12,1,20,20,53,22,10,10,0],"gold":117,"neow_bonus":"ONE_RARE_RELIC","is_prod":false,"is_daily":false,"chose_seed":false,"campfire_upgraded":1,"win_rate":0,"timestamp":1553914416,"path_taken":["M","$","M","M","?","R","E","?","T","?","M","R","E","M","R","BOSS","M","?","?","M"],"build_version":"2019-01-23","purchased_purges":0,"victory":false,"max_hp_per_floor":[64,64,64,64,64,64,64,64,64,64,64,64,64,64,64,64,64,64,64,64,64],"card_choices":[{"not_picked":["Force Field","Streamline"],"picked":"Loop","floor":1},{"not_picked":["Stack","Consume","Genetic Algorithm"],"picked":"SKIP","floor":3},{"not_picked":["Lockon","Redo","Genetic Algorithm"],"picked":"SKIP","floor":4},{"not_picked":["Steam Power","Coolheaded"],"picked":"Heatsinks","floor":7},{"not_picked":["Stack","Barrage"],"picked":"Buffer","floor":11},{"not_picked":["Go for the Eyes","Darkness"],"picked":"White Noise","floor":13},{"not_picked":["Rip and Tear","Stack"],"picked":"Defragment","floor":14},{"not_picked":["Core Surge","Rainbow"],"picked":"Amplify","floor":16},{"not_picked":["Turbo","Rebound"],"picked":"Leap","floor":18},{"not_picked":["Aggregate","Turbo+1"],"picked":"Ball Lightning","floor":19}],"player_experience":1192257,"relics_obtained":[{"floor":7,"key":"Bottled Flame"},{"floor":9,"key":"Happy Flower"},{"floor":13,"key":"Omamori"}],"event_choices":[{"damage_healed":0,"gold_gain":0,"player_choice":"Ignored","damage_taken":0,"max_hp_gain":0,"max_hp_loss":0,"event_name":"Golden Idol","floor":5,"gold_loss":0},{"damage_healed":0,"gold_gain":0,"player_choice":"Ignored","damage_taken":0,"max_hp_gain":0,"max_hp_loss":0,"event_name":"Liars Game","floor":8,"gold_loss":0},{"damage_healed":0,"gold_gain":0,"player_choice":"Upgraded","damage_taken":0,"max_hp_gain":0,"max_hp_loss":0,"event_name":"Upgrade Shrine","floor":10,"gold_loss":0,"cards_upgraded":["Loop"]}],"is_beta":false,"boss_relics":[{"not_picked":["Astrolabe","Black Star"],"picked":"Fusion Hammer"}],"items_purged_floors":[],"is_endless":false,"potions_floor_spawned":[1,13,16,19],"killed_by":"Snake Plant","ascension_level":20}