{"gold_per_floor":[113,130,130,130,148,181,181,213,213,233,244,244,275,7,7,84,84,94,19,38,49,49,49,59,76,76,76,91,108,108,10,10,83,83,98,98,38,56,56,56,69,69,69,69,81,81,97,19,19,19],"floor_reached":51,"playtime":2209,"items_purged":["Strike_G","Slice"],"score":1133,"play_id":"7b5f446f-ea66-420f-8ff4-c7f55c864039","local_time":"20190123113012","is_ascension_mode":true,"campfire_choices":[{"floor":7,"key":"REST"},{"floor":12,"key":"REST"},{"data":"Glass Knife","floor":15,"key":"SMITH"},{"data":"Catalyst","floor":23,"key":"SMITH"},{"floor":27,"key":"REST"},{"data":"Adrenaline","floor":32,"key":"SMITH"},{"data":"Bouncing Flask","floor":40,"key":"SMITH"},{"data":"Blur","floor":42,"key":"SMITH"},{"floor":44,"key":"REST"},{"data":"Terror","floor":49,"key":"SMITH"}],"neow_cost":"NONE","seed_source_timestamp":4774323135444,"circlet_count":0,"master_deck":["AscendersBane","Defend_G","Defend_G","Defend_G","Defend_G","Strike_G","Strike_G","Survivor","Neutralize+1","Flying Knee","Cloak And Dagger","Glass Knife+1","Flying Knee","Noxious Fumes+1","Bouncing Flask+1","Adrenaline+1","PiercingWail","Catalyst+1","Deadly Poison+1","Blur+1","PiercingWail","Poisoned Stab","Dagger Spray","Bullet Time","Prepared+1","Bullet Time","Footwork+1","Well Laid Plans+1","Backflip+1","Terror+1","Finesse"],"relics":["Ring of the Snake","NeowsBlessing","The Courier","Frozen Egg 2","Pear","Turnip","Pantograph","Sozu","Oddly Smooth Stone","Orrery","Ninja Scroll"],"potions_floor_usage":[6,10,33,33],"damage_taken":[{"damage":0,"enemies":"Jaw Worm","floor":1,"turns":1},{"damage":0,"enemies":"2 Louse","floor":2,"turns":1},{"damage":0,"enemies":"Cultist","floor":5,"turns":1},{"damage":22,"enemies":"Lagavulin","floor":6,"turns":11},{"damage":27,"enemies":"Gremlin Nob","floor":8,"turns":5},{"damage":0,"enemies":"3 Louse","floor":10,"turns":6},{"damage":11,"enemies":"Looter","floor":11,"turns":2},{"damage":15,"enemies":"3 Sentries","floor":13,"turns":8},{"damage":21,"enemies":"The Guardian","floor":16,"turns":10},{"damage":1,"enemies":"3 Byrds","floor":18,"turns":4},{"damage":11,"enemies":"Spheric Guardian","floor":20,"turns":4},{"damage":4,"enemies":"Shelled Parasite and Fungi","floor":21,"turns":5},{"damage":0,"enemies":"Snake Plant","floor":24,"turns":3},{"damage":10,"enemies":"Snecko","floor":25,"turns":4},{"damage":4,"enemies":"Shelled Parasite and Fungi","floor":28,"turns":4},{"damage":5,"enemies":"Snake Plant","floor":29,"turns":4},{"damage":56,"enemies":"Collector","floor":33,"turns":8},{"damage":0,"enemies":"3 Shapes","floor":35,"turns":4},{"damage":0,"enemies":"Orb Walker","floor":38,"turns":3},{"damage":11,"enemies":"3 Darklings","floor":41,"turns":8},{"damage":0,"enemies":"4 Shapes","floor":45,"turns":4},{"damage":11,"enemies":"Sphere and 2 Shapes","floor":47,"turns":5},{"damage":65,"enemies":"Donu and Deca","floor":50,"turns":11}],"seed_played":"8218313447301533776","potions_obtained":[{"floor":2,"key":"Ancient Potion"},{"floor":8,"key":"Regen Potion"},{"floor":10,"key":"GhostInAJar"},{"floor":16,"key":"Explosive Potion"}],"is_trial":false,"path_per_floor":["M","M","?","?","M","E","R","E","T","M","M","R","E","$","R","B",null,"M","?","M","M","?","R","M","M","T","R","M","M","?","$","R","B",null,"M","?","$","M","$","R","M","R","T","R","M","?","M","$","R","B",null],"character_chosen":"THE_SILENT","items_purchased":["Pantograph","Dagger Spray","Well Laid Plans+1","Finesse"],"campfire_rested":4,"item_purchase_floors":[14,31,37,48],"current_hp_per_floor":[59,59,59,52,52,30,49,22,32,47,36,58,43,43,43,47,69,68,68,57,53,53,53,53,43,43,65,61,56,56,56,56,20,62,62,62,62,62,62,62,51,51,51,73,73,73,62,62,62,11],"gold":19,"neow_bonus":"THREE_ENEMY_KILL","is_prod":false,"is_daily":false,"chose_seed":false,"campfire_upgraded":6,"win_rate":0,"timestamp":1548210612,"path_taken":["M","M","?","?","?","E","R","E","T","M","M","R","E","?","R","BOSS","M","?","M","M","?","R","M","M","T","R","M","?","?","?","R","BOSS","M","?","$","?","?","R","M","R","T","R","M","?","M","$","R","BOSS"],"build_version":"2019-01-17v2","purchased_purges":2,"victory":true,"max_hp_per_floor":[66,66,66,66,66,66,66,66,76,76,76,76,76,76,76,76,76,76,76,76,76,76,76,76,76,76,76,76,76,76,76,76,76,76,76,76,76,76,76,76,76,76,76,76,76,76,76,76,76,76],"card_choices":[{"not_picked":["Quick Slash","Sucker Punch"],"picked":"Flying Knee","floor":1},{"not_picked":["Bane","Blade Dance"],"picked":"Slice","floor":2},{"not_picked":["Choke","Sucker Punch"],"picked":"Cloak And Dagger","floor":5},{"not_picked":["Distraction","Deflect"],"picked":"Glass Knife","floor":6},{"not_picked":["Dodge and Roll","Finisher"],"picked":"Flying Knee","floor":8},{"not_picked":["Underhanded Strike","Sucker Punch"],"picked":"Noxious Fumes+1","floor":10},{"not_picked":["Deadly Poison","Infinite Blades+1","Finisher"],"picked":"SKIP","floor":11},{"not_picked":["Predator","Prepared"],"picked":"Bouncing Flask","floor":13},{"not_picked":["Tools of the Trade+1","Die Die Die"],"picked":"Adrenaline","floor":16},{"not_picked":["Reflex","Bane"],"picked":"PiercingWail","floor":18},{"not_picked":["Underhanded Strike","Slice"],"picked":"Catalyst","floor":20},{"not_picked":["Flying Knee","Acrobatics"],"picked":"Deadly Poison+1","floor":21},{"not_picked":["Choke","Outmaneuver"],"picked":"Blur","floor":24},{"not_picked":["Concentrate","Backflip","Underhanded Strike"],"picked":"SKIP","floor":25},{"not_picked":["Flying Knee","Setup","Slice"],"picked":"SKIP","floor":28},{"not_picked":["Deflect","Choke+1"],"picked":"PiercingWail","floor":29},{"not_picked":["Night Terror","A Thousand Cuts+1"],"picked":"Bullet Time","floor":33},{"not_picked":["PiercingWail+1","Sucker Punch"],"picked":"Prepared+1","floor":34},{"not_picked":["Concentrate","Calculated Gamble+1"],"picked":"Bullet Time","floor":34},{"not_picked":["Dodge and Roll","Caltrops+1"],"picked":"Footwork+1","floor":35},{"not_picked":["Sucker Punch","Slice"],"picked":"Backflip+1","floor":38},{"not_picked":["Dagger Spray+1","Skewer","Eviscerate"],"picked":"SKIP","floor":41},{"not_picked":["Blade Dance","Skewer"],"picked":"Terror","floor":45},{"not_picked":["Backflip","Well Laid Plans+1","Cloak And Dagger"],"picked":"SKIP","floor":47}],"player_experience":432947,"relics_obtained":[{"floor":6,"key":"The Courier"},{"floor":8,"key":"Frozen Egg 2"},{"floor":9,"key":"Pear"},{"floor":13,"key":"Turnip"},{"floor":26,"key":"Oddly Smooth Stone"},{"floor":43,"key":"Ninja Scroll"}],"event_choices":[{"damage_healed":0,"gold_gain":0,"player_choice":"Grow","damage_taken":0,"max_hp_gain":0,"max_hp_loss":0,"event_name":"Living Wall","floor":3,"gold_loss":0,"cards_upgraded":["Neutralize"]},{"cards_removed":["Strike_G"],"damage_healed":0,"gold_gain":0,"player_choice":"Card Removal","damage_taken":7,"max_hp_gain":0,"max_hp_loss":0,"event_name":"Golden Wing","floor":4,"gold_loss":0},{"cards_removed":["Strike_G"],"damage_healed":0,"gold_gain":0,"player_choice":"Gave Gold","damage_taken":0,"max_hp_gain":0,"max_hp_loss":0,"event_name":"Beggar","floor":19,"gold_loss":75},{"damage_healed":0,"gold_gain":0,"player_choice":"0 cards matched","damage_taken":0,"max_hp_gain":0,"max_hp_loss":0,"event_name":"Match and Keep!","floor":22,"gold_loss":0,"cards_obtained":[]},{"damage_healed":0,"gold_gain":0,"cards_transformed":["Slice","Defend_G"],"player_choice":"Became Test Subject","damage_taken":0,"max_hp_gain":0,"max_hp_loss":0,"event_name":"Drug Dealer","floor":30,"gold_loss":0,"cards_obtained":["Poisoned Stab","Slice"]},{"damage_healed":0,"gold_gain":0,"player_choice":"Got Potions","damage_taken":0,"max_hp_gain":0,"max_hp_loss":0,"event_name":"Lab","floor":36,"gold_loss":0},{"damage_healed":0,"gold_gain":0,"player_choice":"Ignored","damage_taken":0,"max_hp_gain":0,"max_hp_loss":0,"event_name":"Mysterious Sphere","floor":46,"gold_loss":0}],"is_beta":false,"boss_relics":[{"not_picked":["White Beast Statue","Fusion Hammer"],"picked":"Sozu"},{"not_picked":["Snecko Eye","Black Star"],"picked":"Orrery"}],"items_purged_floors":[14,31],"is_endless":false,"potions_floor_spawned":[2,8,10,16,18,21,25,29,38,41,45],"ascension_level":15}