{"gold_per_floor":[119,136,59,59,59,59,79,107,107,107,122,122,2,2,2,100,100,113,113,113,130,21,21],"floor_reached":23,"playtime":697,"items_purged":["Strike_B"],"score":234,"play_id":"f2e23a19-8bb1-445c-a445-b7332aa18301","local_time":"20181103155204","is_ascension_mode":true,"campfire_choices":[{"data":"Dualcast","floor":6,"key":"SMITH"},{"data":"Rebound","floor":10,"key":"SMITH"},{"data":"Zap","floor":12,"key":"SMITH"},{"floor":15,"key":"REST"}],"neow_cost":"NONE","seed_source_timestamp":341364578286557,"circlet_count":0,"master_deck":["Strike_B","Strike_B","Defend_B","Defend_B","Defend_B","Defend_B","Zap+1","Dualcast+1","FTL","Ball Lightning","Doom and Gloom+1","Rebound+1","Turbo+1","Cold Snap+1","Blizzard","Coolheaded","Creative AI+1","Conserve Battery","Sunder"],"relics":["Cracked Core","Dodecahedron","Bag of Marbles","Velvet Choker"],"potions_floor_usage":[8,23,23],"damage_taken":[{"damage":3,"enemies":"2 Louse","floor":1,"turns":2},{"damage":0,"enemies":"Small Slimes","floor":2,"turns":3},{"damage":0,"enemies":"Cultist","floor":7,"turns":2},{"damage":18,"enemies":"Gremlin Nob","floor":8,"turns":3},{"damage":4,"enemies":"Red Slaver","floor":11,"turns":3},{"damage":14,"enemies":"Slime Boss","floor":16,"turns":7},{"damage":10,"enemies":"Shell Parasite","floor":18,"turns":5},{"damage":2,"enemies":"Spheric Guardian","floor":21,"turns":3},{"damage":65,"enemies":"Book of Stabbing","floor":23,"turns":5}],"seed_played":"5276560798057632600","potions_obtained":[{"floor":2,"key":"FearPotion"},{"floor":7,"key":"FearPotion"},{"floor":8,"key":"GamblersBrew"},{"floor":18,"key":"SpeedPotion"}],"is_trial":false,"path_per_floor":["M","M","$","?","?","R","M","E","T","R","M","R","$","?","R","B",null,"M","?","?","M","$","E"],"character_chosen":"DEFECT","items_purchased":["Doom and Gloom","Blizzard","Coolheaded","Sunder"],"campfire_rested":1,"item_purchase_floors":[3,13,13,22],"current_hp_per_floor":[79,79,79,79,79,79,79,61,61,61,57,57,57,41,65,51,74,64,64,64,62,62,0],"gold":21,"neow_bonus":"TEN_PERCENT_HP_BONUS","is_prod":false,"is_daily":false,"chose_seed":false,"campfire_upgraded":3,"win_rate":0,"timestamp":1541256724,"path_taken":["M","M","$","?","?","R","M","E","T","R","?","R","?","?","R","BOSS","M","?","?","M","$","E"],"build_version":"2018-11-01","purchased_purges":1,"victory":false,"max_hp_per_floor":[82,82,82,82,82,82,82,82,82,82,82,82,82,82,82,82,82,82,82,82,82,82,82],"card_choices":[{"not_picked":["Hologram","Lockon"],"picked":"FTL","floor":1},{"not_picked":["Cold Snap","Skim"],"picked":"Ball Lightning","floor":2},{"not_picked":["Beam Cell","Redo"],"picked":"Rebound","floor":7},{"not_picked":["Ball Lightning","Reprogram"],"picked":"Turbo","floor":8},{"not_picked":["Rebound","Streamline"],"picked":"Cold Snap","floor":11},{"not_picked":["Fission","Reboot"],"picked":"Creative AI","floor":16},{"not_picked":["Ball Lightning","Genetic Algorithm","Turbo"],"picked":"SKIP","floor":18},{"not_picked":["Blizzard","Reprogram+1"],"picked":"Conserve Battery","floor":21}],"player_experience":275701,"relics_obtained":[{"floor":8,"key":"Dodecahedron"},{"floor":9,"key":"Bag of Marbles"}],"event_choices":[{"cards_removed":["Strike_B"],"damage_healed":0,"gold_gain":0,"player_choice":"Forget","damage_taken":0,"max_hp_gain":0,"max_hp_loss":0,"event_name":"Living Wall","floor":4,"gold_loss":0},{"damage_healed":0,"gold_gain":0,"player_choice":"Upgraded","damage_taken":0,"max_hp_gain":0,"max_hp_loss":0,"event_name":"Upgrade Shrine","floor":5,"gold_loss":0,"cards_upgraded":["Doom and Gloom"]},{"damage_healed":0,"gold_gain":0,"player_choice":"Entered Light","damage_taken":16,"max_hp_gain":0,"max_hp_loss":0,"event_name":"Shining Light","floor":14,"gold_loss":0,"cards_upgraded":["Turbo","Cold Snap"]},{"damage_healed":0,"gold_gain":0,"player_choice":"Ignored","damage_taken":0,"max_hp_gain":0,"max_hp_loss":0,"event_name":"Vampires","floor":19,"gold_loss":0},{"damage_healed":0,"gold_gain":0,"player_choice":"Forge","damage_taken":0,"max_hp_gain":0,"max_hp_loss":0,"event_name":"Accursed Blacksmith","floor":20,"gold_loss":0,"cards_upgraded":["Creative AI"]}],"is_beta":false,"boss_relics":[{"not_picked":["Inserter","Pandora\u0027s Box"],"picked":"Velvet Choker"}],"items_purged_floors":[22],"is_endless":false,"potions_floor_spawned":[2,7,8,18],"killed_by":"Book of Stabbing","ascension_level":5}