{"gold_per_floor":[16,36,36,50,69,69,138,177,230,264,264,284,284,209,209,299,299,319,97,97,97,114,128,157,170,170,170,189,189,201,301,301,380,380,391,11,11,28,44,79,79,79,79,79,79,79,179,508,508,508,508,508,508,4,4],"floor_reached":55,"playtime":4313,"items_purged":["Aggregate","Zap+1"],"score":1931,"play_id":"929235df-1f91-42c5-baa4-14060c99aa4c","local_time":"20190508191052","is_ascension_mode":true,"campfire_choices":[{"data":"Zap","floor":6,"key":"SMITH"},{"data":"Go for the Eyes","floor":11,"key":"SMITH"},{"data":"Reinforced Body","floor":13,"key":"SMITH"},{"data":"Conserve Battery","floor":15,"key":"SMITH"},{"data":"Panacea","floor":27,"key":"SMITH"},{"data":"Seek","floor":29,"key":"SMITH"},{"data":"Double Energy","floor":32,"key":"SMITH"},{"floor":41,"key":"RECALL"},{"data":"Apotheosis","floor":42,"key":"SMITH"},{"data":"Echo Form","floor":44,"key":"SMITH"},{"data":"Reboot","floor":46,"key":"SMITH"},{"data":"Hologram","floor":49,"key":"SMITH"},{"data":"Biased Cognition","floor":53,"key":"SMITH"}],"neow_cost":"NO_GOLD","seed_source_timestamp":201976267623500,"circlet_count":0,"master_deck":["AscendersBane","Dualcast","Electrodynamics","Auto Shields","Reinforced Body+1","Conserve Battery+1","Go for the Eyes+1","Reboot+1","Biased Cognition+1","Self Repair","Sweeping Beam","Double Energy+1","Chill+1","Echo Form+1","Doom and Gloom","Panacea+1","Hologram+1","Leap","Seek+1","Conserve Battery+1","Stack","Genetic Algorithm","Biased Cognition","Apotheosis+1","Leap+1","Ball Lightning","Static Discharge"],"relics":["FrozenCore","Bloody Idol","Kunai","Strawberry","Orichalcum","Sundial","Pandora\u0027s Box","Ice Cream","Singing Bowl","WingedGreaves","Dodecahedron","DataDisk","War Paint","Girya","Old Coin","OrangePellets"],"potions_floor_usage":[10,16,16,18,24,24,40,48,55,55],"damage_taken":[{"damage":3,"enemies":"Small Slimes","floor":1,"turns":3},{"damage":0,"enemies":"2 Louse","floor":2,"turns":1},{"damage":7,"enemies":"Jaw Worm","floor":4,"turns":4},{"damage":1,"enemies":"Large Slime","floor":5,"turns":5},{"damage":0,"enemies":"3 Sentries","floor":7,"turns":3},{"damage":19,"enemies":"3 Sentries","floor":8,"turns":5},{"damage":8,"enemies":"Lagavulin","floor":10,"turns":8},{"damage":0,"enemies":"3 Louse","floor":12,"turns":2},{"damage":19,"enemies":"The Guardian","floor":16,"turns":11},{"damage":17,"enemies":"2 Thieves","floor":18,"turns":3},{"damage":1,"enemies":"Chosen","floor":22,"turns":4},{"damage":5,"enemies":"3 Cultists","floor":23,"turns":4},{"damage":11,"enemies":"Slavers","floor":24,"turns":4},{"damage":0,"enemies":"Snake Plant","floor":25,"turns":4},{"damage":4,"enemies":"Centurion and Healer","floor":28,"turns":4},{"damage":5,"enemies":"Snecko","floor":30,"turns":5},{"damage":21,"enemies":"Colosseum Slavers","floor":31,"turns":3},{"damage":18,"enemies":"Colosseum Nobs","floor":31,"turns":5},{"damage":16,"enemies":"Automaton","floor":33,"turns":8},{"damage":6,"enemies":"Orb Walker","floor":35,"turns":6},{"damage":23,"enemies":"3 Shapes","floor":38,"turns":4},{"damage":62,"enemies":"Jaw Worm Horde","floor":39,"turns":6},{"damage":0,"enemies":"Giant Head","floor":40,"turns":17},{"damage":0,"enemies":"Mind Bloom Boss Battle","floor":47,"turns":10},{"damage":22,"enemies":"Reptomancer","floor":48,"turns":10},{"damage":44,"enemies":"Donu and Deca","floor":50,"turns":11},{"damage":16,"enemies":"Awakened One","floor":51,"turns":21},{"damage":87,"enemies":"Shield and Spear","floor":55,"turns":5}],"seed_played":"7726879217742780106","potions_obtained":[{"floor":1,"key":"Fire Potion"},{"floor":4,"key":"SkillPotion"},{"floor":12,"key":"Poison Potion"},{"floor":16,"key":"Weak Potion"},{"floor":23,"key":"PowerPotion"},{"floor":24,"key":"Dexterity Potion"},{"floor":28,"key":"FocusPotion"},{"floor":40,"key":"Weak Potion"}],"is_trial":false,"path_per_floor":["M","M","?","M","M","R","?","E","T","E","R","M","R","?","R","B",null,"M","$","?","?","M","M","E","M","T","R","M","R","M","?","R","B",null,"M","$","?","M","M","E","R","R","T","R","?","R","?","E","R","B","B",null,"R","$","E"],"character_chosen":"DEFECT","items_purchased":["Panacea","Block Potion","DataDisk","Apotheosis","SpeedPotion","OrangePellets","Static Discharge","SkillPotion"],"campfire_rested":0,"item_purchase_floors":[19,19,36,36,54,54,54,54],"current_hp_per_floor":[61,61,61,54,53,53,53,41,41,33,33,33,33,33,33,14,57,47,47,47,47,51,58,59,71,71,71,71,71,71,53,53,49,67,75,75,75,67,26,53,53,53,53,53,53,53,80,81,81,57,61,76,76,76,0],"gold":4,"neow_bonus":"THREE_RARE_CARDS","is_prod":false,"is_daily":false,"chose_seed":false,"campfire_upgraded":12,"win_rate":0,"timestamp":1557310252,"path_taken":["M","M","?","M","M","R","?","E","T","E","R","M","R","?","R","BOSS","M","$","?","?","M","M","E","M","T","R","?","R","M","?","R","BOSS","M","$","?","M","?","E","R","R","T","R","?","R","?","E","R","BOSS","BOSS","R","$","E"],"build_version":"2019-01-23","purchased_purges":2,"victory":false,"max_hp_per_floor":[71,71,64,64,64,64,64,71,71,71,71,71,71,71,71,71,71,71,71,71,71,71,71,71,71,71,71,71,71,71,73,73,73,73,75,75,75,75,77,79,79,79,79,79,79,79,81,81,81,81,81,81,81,81,81],"card_choices":[{"not_picked":["Rainbow","Core Surge"],"picked":"Electrodynamics","floor":0},{"not_picked":["Fusion","Streamline"],"picked":"Auto Shields","floor":1},{"not_picked":["Hello World","Stack"],"picked":"Reinforced Body","floor":2},{"not_picked":["Beam Cell","Aggregate","Turbo"],"picked":"SKIP","floor":4},{"not_picked":["Double Energy","Fusion"],"picked":"Conserve Battery","floor":5},{"not_picked":["Force Field","Static Discharge"],"picked":"Go for the Eyes","floor":8},{"not_picked":["Sunder","Beam Cell"],"picked":"Reboot","floor":10},{"not_picked":["White Noise","Redo","Darkness"],"picked":"SKIP","floor":12},{"not_picked":["Reboot","Rainbow"],"picked":"Biased Cognition","floor":16},{"not_picked":["Gash+1","Fusion"],"picked":"Doom and Gloom","floor":18},{"not_picked":["Static Discharge","Rebound"],"picked":"Hologram","floor":22},{"not_picked":["Double Energy+1","Hologram+1"],"picked":"Leap","floor":23},{"not_picked":["Steam","White Noise"],"picked":"Seek","floor":24},{"not_picked":["Rip and Tear","Sweeping Beam"],"picked":"Conserve Battery","floor":25},{"not_picked":["Chill","Chaos"],"picked":"Stack","floor":28},{"not_picked":["Redo","Beam Cell"],"picked":"Genetic Algorithm","floor":30},{"not_picked":["Melter","Fusion","Barrage"],"picked":"Singing Bowl","floor":31},{"not_picked":["Reboot","Meteor Strike"],"picked":"Biased Cognition","floor":33},{"not_picked":["Recycle","Redo","Steam"],"picked":"Singing Bowl","floor":35},{"not_picked":["Recycle","Lockon"],"picked":"Leap+1","floor":38},{"not_picked":["Streamline+1","Go for the Eyes","Rip and Tear+1"],"picked":"Singing Bowl","floor":39},{"not_picked":["Rebound","Streamline","Recycle+1"],"picked":"Singing Bowl","floor":40},{"not_picked":["Rainbow","Heatsinks","Steam+1"],"picked":"Singing Bowl","floor":47},{"not_picked":["Auto Shields","Undo"],"picked":"Ball Lightning","floor":48}],"player_experience":1286551,"relics_obtained":[{"floor":7,"key":"Kunai"},{"floor":8,"key":"Strawberry"},{"floor":9,"key":"Orichalcum"},{"floor":10,"key":"Sundial"},{"floor":24,"key":"Ice Cream"},{"floor":26,"key":"Singing Bowl"},{"floor":31,"key":"WingedGreaves"},{"floor":31,"key":"Dodecahedron"},{"floor":40,"key":"War Paint"},{"floor":47,"key":"Girya"},{"floor":48,"key":"Old Coin"}],"event_choices":[{"damage_healed":0,"gold_gain":0,"player_choice":"Lose Max HP","damage_taken":0,"relics_obtained":["Golden Idol"],"max_hp_gain":0,"max_hp_loss":7,"event_name":"Golden Idol","floor":3,"gold_loss":0},{"damage_healed":0,"gold_gain":0,"player_choice":"Searched \u00272\u0027 times","damage_taken":0,"max_hp_gain":0,"max_hp_loss":0,"event_name":"Dead Adventurer","floor":7,"gold_loss":0},{"cards_removed":["Strike_B"],"damage_healed":0,"gold_gain":0,"player_choice":"Card Removal","damage_taken":0,"max_hp_gain":0,"max_hp_loss":0,"event_name":"The Cleric","floor":14,"gold_loss":75},{"damage_healed":0,"gold_gain":0,"player_choice":"Ignored","damage_taken":0,"max_hp_gain":0,"max_hp_loss":0,"event_name":"Beggar","floor":20,"gold_loss":0},{"damage_healed":0,"gold_gain":0,"player_choice":"Gave Idol","damage_taken":0,"relics_obtained":["Bloody Idol"],"max_hp_gain":0,"max_hp_loss":0,"event_name":"Forgotten Altar","floor":21,"relics_lost":["Golden Idol"],"gold_loss":0},{"damage_healed":0,"gold_gain":0,"player_choice":"Fight","damage_taken":0,"max_hp_gain":0,"max_hp_loss":0,"event_name":"Colosseum","floor":31,"gold_loss":0},{"damage_healed":0,"gold_gain":0,"player_choice":"Fought Nobs","damage_taken":0,"max_hp_gain":0,"max_hp_loss":0,"event_name":"Colosseum","floor":31,"gold_loss":0},{"cards_removed":["Streamline"],"damage_healed":0,"gold_gain":0,"player_choice":"Purged","damage_taken":0,"max_hp_gain":0,"max_hp_loss":0,"event_name":"Purifier","floor":37,"gold_loss":0},{"damage_healed":0,"gold_gain":0,"player_choice":"Ignored","damage_taken":0,"max_hp_gain":0,"max_hp_loss":0,"event_name":"Mysterious Sphere","floor":45,"gold_loss":0},{"damage_healed":0,"gold_gain":0,"player_choice":"Fight","damage_taken":0,"max_hp_gain":0,"max_hp_loss":0,"event_name":"MindBloom","floor":47,"gold_loss":0}],"is_beta":false,"boss_relics":[{"not_picked":["Busted Crown","Lizard Tail"],"picked":"Pandora\u0027s Box"},{"not_picked":["Astrolabe","Empty Cage"],"picked":"FrozenCore"}],"items_purged_floors":[19,54],"is_endless":false,"potions_floor_spawned":[1,4,8,12,16,23,24,28,30,33,39,40,47],"killed_by":"Shield and Spear","ascension_level":20}