{"gold_per_floor":[116,116,128,128,16,55,20,20,71,71,71,95,118,157,157,255,255,275,275,275,11,29,29,65,65,65,99,113,388,406,406],"floor_reached":31,"playtime":872,"items_purged":["Injury"],"score":612,"play_id":"a3b9948a-636c-4409-9c17-60d42d2ec512","local_time":"20190414234027","is_ascension_mode":true,"campfire_choices":[{"data":"Crippling Poison","floor":8,"key":"SMITH"},{"data":"A Thousand Cuts","floor":11,"key":"SMITH"},{"data":"Well Laid Plans","floor":15,"key":"SMITH"},{"data":"Adrenaline","floor":23,"key":"SMITH"},{"floor":25,"key":"REST"}],"neow_cost":"NONE","seed_source_timestamp":106775705424500,"circlet_count":0,"master_deck":["AscendersBane","Defend_G","Defend_G","Defend_G","Defend_G","Defend_G","Strike_G","Strike_G","Survivor","Neutralize","Crippling Poison+1","Well Laid Plans+1","Caltrops","Bouncing Flask","A Thousand Cuts+1","Noxious Fumes","Cloak And Dagger","Acrobatics","Adrenaline+1","Backstab","Accuracy+1","Cloak And Dagger","Venomology","Prepared","Regret"],"relics":["Ring of the Snake","NeowsBlessing","Sundial","Golden Idol","Paper Crane","Anchor","Regal Pillow","Empty Cage","Frozen Egg 2","Happy Flower","Molten Egg 2","Smiling Mask"],"potions_floor_usage":[24,24,27,28],"damage_taken":[{"damage":0,"enemies":"Cultist","floor":1,"turns":1},{"damage":0,"enemies":"Jaw Worm","floor":3,"turns":1},{"damage":0,"enemies":"Gremlin Nob","floor":6,"turns":1},{"damage":0,"enemies":"Small Slimes","floor":12,"turns":3},{"damage":4,"enemies":"2 Fungi Beasts","floor":13,"turns":3},{"damage":15,"enemies":"Lagavulin","floor":14,"turns":6},{"damage":18,"enemies":"The Guardian","floor":16,"turns":9},{"damage":16,"enemies":"Shell Parasite","floor":18,"turns":6},{"damage":12,"enemies":"3 Byrds","floor":22,"turns":3},{"damage":32,"enemies":"Book of Stabbing","floor":24,"turns":5},{"damage":17,"enemies":"Gremlin Leader","floor":27,"turns":7},{"damage":9,"enemies":"Snake Plant","floor":28,"turns":4},{"damage":15,"enemies":"3 Cultists","floor":30,"turns":5},{"damage":11,"enemies":"Centurion and Healer","floor":31,"turns":3}],"seed_played":"2696568002972039159","potions_obtained":[{"floor":6,"key":"SteroidPotion"},{"floor":14,"key":"LiquidBronze"},{"floor":18,"key":"Regen Potion"},{"floor":24,"key":"Fruit Juice"}],"is_trial":false,"path_per_floor":["M","?","M","?","$","E","?","R","T","?","R","M","M","E","R","B",null,"M","?","?","$","M","R","E","R","T","E","M","?","M","M"],"character_chosen":"THE_SILENT","items_purchased":["Caltrops","Frozen Egg 2"],"campfire_rested":1,"item_purchase_floors":[5,21],"current_hp_per_floor":[59,33,33,33,33,33,49,49,49,49,49,49,45,30,30,12,53,37,37,37,37,25,25,8,42,42,30,21,21,6,0],"gold":406,"neow_bonus":"THREE_ENEMY_KILL","is_prod":false,"is_daily":false,"chose_seed":false,"campfire_upgraded":4,"win_rate":0,"timestamp":1555278027,"path_taken":["M","?","M","?","$","E","?","R","T","?","R","?","M","E","R","BOSS","M","?","?","$","?","R","E","R","T","E","M","?","M","M"],"build_version":"2019-01-23","purchased_purges":1,"victory":false,"max_hp_per_floor":[66,66,66,66,66,66,66,66,66,66,66,66,66,66,66,66,66,66,66,66,66,66,66,66,66,66,71,71,71,71,71],"card_choices":[{"not_picked":["Dodge and Roll","Infinite Blades"],"picked":"Crippling Poison","floor":1},{"not_picked":["Deadly Poison","Acrobatics"],"picked":"Well Laid Plans","floor":3},{"not_picked":["Cloak And Dagger","Escape Plan"],"picked":"Bouncing Flask","floor":6},{"not_picked":["Choke","Backstab"],"picked":"Noxious Fumes","floor":12},{"not_picked":["Phantasmal Killer","Dagger Throw"],"picked":"Cloak And Dagger","floor":13},{"not_picked":["Slice","Crippling Poison"],"picked":"Acrobatics","floor":14},{"not_picked":["Grand Finale","Malaise"],"picked":"Adrenaline","floor":16},{"not_picked":["Eviscerate","Acrobatics+1"],"picked":"Backstab","floor":18},{"not_picked":["Bane","Slice"],"picked":"Accuracy+1","floor":22},{"not_picked":["Catalyst","Dagger Throw"],"picked":"Cloak And Dagger","floor":24},{"not_picked":["Prepared","Bane+1"],"picked":"Venomology","floor":27},{"not_picked":["Quick Slash+1","Distraction"],"picked":"Prepared","floor":28},{"not_picked":["Acrobatics","Predator+1","Dagger Throw+1"],"picked":"SKIP","floor":30}],"player_experience":556789,"relics_obtained":[{"floor":6,"key":"Paper Crane"},{"floor":9,"key":"Anchor"},{"floor":14,"key":"Regal Pillow"},{"floor":24,"key":"Happy Flower"},{"floor":26,"key":"Molten Egg 2"},{"floor":27,"key":"Smiling Mask"}],"event_choices":[{"damage_healed":0,"gold_gain":0,"player_choice":"Success","damage_taken":26,"relics_obtained":["Sundial"],"max_hp_gain":0,"max_hp_loss":0,"event_name":"Scrap Ooze","floor":2,"gold_loss":0},{"damage_healed":0,"gold_gain":0,"player_choice":"Take Wound","damage_taken":0,"relics_obtained":["Golden Idol"],"max_hp_gain":0,"max_hp_loss":0,"event_name":"Golden Idol","floor":4,"gold_loss":0,"cards_obtained":["Injury"]},{"damage_healed":16,"gold_gain":0,"player_choice":"Healed","damage_taken":0,"max_hp_gain":0,"max_hp_loss":0,"event_name":"The Cleric","floor":7,"gold_loss":35},{"damage_healed":0,"gold_gain":0,"player_choice":"1 cards matched","damage_taken":0,"max_hp_gain":0,"max_hp_loss":0,"event_name":"Match and Keep!","floor":10,"gold_loss":0,"cards_obtained":["A Thousand Cuts"]},{"damage_healed":0,"gold_gain":0,"player_choice":"Ignored","damage_taken":0,"max_hp_gain":0,"max_hp_loss":0,"event_name":"Ghosts","floor":19,"gold_loss":0},{"cards_removed":["Strike_G"],"damage_healed":0,"gold_gain":0,"player_choice":"Offered Basic","damage_taken":0,"max_hp_gain":0,"max_hp_loss":0,"event_name":"Bonfire Elementals","floor":20,"gold_loss":0},{"damage_healed":0,"gold_gain":275,"player_choice":"Desecrate","damage_taken":0,"max_hp_gain":0,"max_hp_loss":0,"event_name":"Golden Shrine","floor":29,"gold_loss":0,"cards_obtained":["Regret"]}],"is_beta":false,"boss_relics":[{"not_picked":["Fusion Hammer","Calling Bell"],"picked":"Empty Cage"}],"items_purged_floors":[5],"is_endless":false,"potions_floor_spawned":[6,14,18,24],"killed_by":"Centurion and Healer","ascension_level":20}