{"gold_per_floor":[111,128,147,147,72,72,72,72,72,222,257,257,257,257],"floor_reached":14,"playtime":178,"items_purged":[],"score":172,"play_id":"d666e5b5-e3d5-44ad-9999-2840e3e3fd72","local_time":"20190420015227","is_ascension_mode":true,"campfire_choices":[{"data":"Bash","floor":6,"key":"SMITH"},{"data":"Sword Boomerang","floor":8,"key":"SMITH"},{"data":"Reaper","floor":12,"key":"SMITH"}],"neow_cost":"NONE","seed_source_timestamp":186994878582900,"circlet_count":0,"master_deck":["AscendersBane","Strike_R","Strike_R","Strike_R","Strike_R","Defend_R","Defend_R","Defend_R","Defend_R","Bash+1","Sword Boomerang+1","Thunderclap","Battle Trance","Doubt","Reaper+1","Regret"],"relics":["Burning Blood","NeowsBlessing","Mercury Hourglass","Golden Idol","Letter Opener","PreservedInsect","Dream Catcher"],"potions_floor_usage":[],"damage_taken":[{"damage":0,"enemies":"Jaw Worm","floor":1,"turns":1},{"damage":0,"enemies":"2 Louse","floor":2,"turns":1},{"damage":0,"enemies":"Small Slimes","floor":3,"turns":1},{"damage":40,"enemies":"3 Sentries","floor":11,"turns":7},{"damage":42,"enemies":"Lagavulin","floor":14,"turns":3}],"seed_played":"-7250560853137580684","potions_obtained":[{"floor":11,"key":"GamblersBrew"}],"is_trial":false,"path_per_floor":["M","M","M","?","?","R","?","R","T","?","E","R","?","E"],"character_chosen":"IRONCLAD","items_purchased":[],"campfire_rested":0,"item_purchase_floors":[],"current_hp_per_floor":[74,75,75,70,70,70,68,68,68,68,34,34,34,0],"gold":257,"neow_bonus":"THREE_ENEMY_KILL","is_prod":false,"is_daily":false,"chose_seed":false,"campfire_upgraded":3,"win_rate":0,"timestamp":1555717947,"path_taken":["M","M","M","?","?","R","?","R","T","?","E","R","?","E"],"build_version":"2019-01-23","purchased_purges":0,"victory":false,"max_hp_per_floor":[75,75,75,75,75,75,68,68,68,68,68,68,68,68],"card_choices":[{"not_picked":["Heavy Blade","Anger"],"picked":"Sword Boomerang","floor":1},{"not_picked":["Bloodletting","Whirlwind"],"picked":"Thunderclap","floor":2},{"not_picked":["Dual Wield","Thunderclap"],"picked":"Battle Trance","floor":3},{"not_picked":["Carnage","Hemokinesis"],"picked":"Reaper","floor":11}],"player_experience":573474,"relics_obtained":[{"floor":9,"key":"Letter Opener"},{"floor":11,"key":"PreservedInsect"}],"event_choices":[{"damage_healed":0,"gold_gain":0,"player_choice":"Success","damage_taken":5,"relics_obtained":["Mercury Hourglass"],"max_hp_gain":0,"max_hp_loss":0,"event_name":"Scrap Ooze","floor":4,"gold_loss":0},{"cards_removed":["Strike_R"],"damage_healed":0,"gold_gain":0,"player_choice":"Card Removal","damage_taken":0,"max_hp_gain":0,"max_hp_loss":0,"event_name":"The Cleric","floor":5,"gold_loss":75},{"damage_healed":0,"gold_gain":0,"player_choice":"Lose Max HP","damage_taken":0,"relics_obtained":["Golden Idol"],"max_hp_gain":0,"max_hp_loss":7,"event_name":"Golden Idol","floor":7,"gold_loss":0},{"damage_healed":0,"gold_gain":150,"player_choice":"AGREE","damage_taken":0,"max_hp_gain":0,"max_hp_loss":0,"event_name":"Liars Game","floor":10,"gold_loss":0,"cards_obtained":["Doubt"]},{"damage_healed":0,"gold_gain":0,"player_choice":"Box","damage_taken":0,"relics_obtained":["Dream Catcher"],"max_hp_gain":0,"max_hp_loss":0,"event_name":"Big Fish","floor":13,"gold_loss":0,"cards_obtained":["Regret"]}],"is_beta":false,"boss_relics":[],"items_purged_floors":[],"is_endless":false,"potions_floor_spawned":[11],"killed_by":"Lagavulin","ascension_level":20}