{"gold_per_floor":[114,43,63,138,138,172,172,122,122,122,140,140,152,100,100,200,200,217,231,247,247,257,257,257,268,268,268,22,42,42,59,59,59],"floor_reached":33,"playtime":1379,"items_purged":[],"score":297,"play_id":"ae18e133-3bf3-4a3d-a4dd-0fa2b937be95","local_time":"20181214121757","is_ascension_mode":false,"campfire_choices":[{"data":"Armaments","floor":7,"key":"SMITH"},{"data":"Perfected Strike","floor":10,"key":"SMITH"},{"data":"Bash","floor":12,"key":"SMITH"},{"data":"Armaments","floor":15,"key":"SMITH"},{"data":"Wild Strike","floor":23,"key":"SMITH"},{"data":"Perfected Strike","floor":27,"key":"SMITH"},{"data":"1","floor":32,"key":"LIFT"}],"neow_cost":"NONE","seed_source_timestamp":1335163470639966,"circlet_count":0,"master_deck":["Strike_R","Strike_R","Strike_R","Strike_R","Strike_R","Defend_R","Defend_R","Defend_R","Defend_R","Bash+1","Wild Strike+1","Clothesline","Flex","Armaments+1","Perfected Strike+1","Armaments+1","Cleave","Ghostly","Ghostly","Ghostly","Ghostly","Ghostly","Perfected Strike+1","Thunderclap","Iron Wave"],"relics":["Burning Blood","NeowsBlessing","Sundial","Darkstone Periapt","Blue Candle","Eternal Feather","Girya","Strange Spoon"],"potions_floor_usage":[16,18,22,29,31,33,33,33],"damage_taken":[{"damage":0,"enemies":"2 Louse","floor":1,"turns":1},{"damage":0,"enemies":"Small Slimes","floor":3,"turns":1},{"damage":0,"enemies":"3 Sentries","floor":6,"turns":1},{"damage":6,"enemies":"Jaw Worm","floor":11,"turns":3},{"damage":16,"enemies":"Lots of Slimes","floor":13,"turns":4},{"damage":45,"enemies":"The Guardian","floor":16,"turns":10},{"damage":5,"enemies":"Spheric Guardian","floor":18,"turns":3},{"damage":21,"enemies":"Shell Parasite","floor":19,"turns":5},{"damage":49,"enemies":"Cultist and Chosen","floor":20,"turns":7},{"damage":12,"enemies":"Snake Plant","floor":22,"turns":6},{"damage":3,"enemies":"Centurion and Healer","floor":25,"turns":9},{"damage":13,"enemies":"Chosen and Byrds","floor":29,"turns":6},{"damage":4,"enemies":"Cultist and Chosen","floor":31,"turns":5},{"damage":42,"enemies":"Champ","floor":33,"turns":12}],"seed_played":"2335811523406709999","potions_obtained":[{"floor":1,"key":"Strength Potion"},{"floor":3,"key":"Fire Potion"},{"floor":19,"key":"Energy Potion"},{"floor":25,"key":"Fire Potion"},{"floor":30,"key":"Ancient Potion"},{"floor":30,"key":"FearPotion"},{"floor":30,"key":"Fire Potion"},{"floor":31,"key":"FearPotion"}],"is_trial":false,"path_per_floor":["M","$","M","?","?","E","R","$","T","R","M","R","M","$","R","B",null,"M","M","M","?","M","R","?","M","T","R","$","M","?","M","R","B"],"character_chosen":"IRONCLAD","items_purchased":["Clothesline","Flex","Perfected Strike","Armaments","Thunderclap","Strange Spoon"],"campfire_rested":0,"item_purchase_floors":[2,2,8,14,28,28],"current_hp_per_floor":[80,80,80,69,51,57,57,57,57,57,57,57,47,47,47,8,80,80,65,22,22,16,28,28,31,31,40,40,33,33,35,40,0],"gold":59,"neow_bonus":"THREE_ENEMY_KILL","is_prod":false,"is_daily":false,"chose_seed":false,"campfire_upgraded":6,"win_rate":0,"timestamp":1544757477,"path_taken":["M","$","M","?","?","E","R","?","T","R","?","R","M","$","R","BOSS","M","M","M","?","M","R","?","?","T","R","$","?","?","?","R","BOSS"],"build_version":"2018-12-13","purchased_purges":0,"victory":false,"max_hp_per_floor":[80,80,80,80,80,80,80,80,80,80,80,80,80,80,80,80,80,80,80,80,40,40,40,40,40,40,40,40,40,40,40,40,40],"card_choices":[{"not_picked":["Carnage","Searing Blow"],"picked":"Wild Strike","floor":1},{"not_picked":["Anger","Twin Strike"],"picked":"Armaments","floor":3},{"not_picked":["Disarm","Combust","Blood for Blood"],"picked":"SKIP","floor":6},{"not_picked":["Reaper","Headbutt","Entrench"],"picked":"SKIP","floor":11},{"not_picked":["Havoc","Anger","Heavy Blade"],"picked":"SKIP","floor":13},{"not_picked":["True Grit+1","Havoc","Rage"],"picked":"SKIP","floor":18},{"not_picked":["Sword Boomerang","Wild Strike","Pummel"],"picked":"SKIP","floor":19},{"not_picked":["Ghostly Armor+1","Armaments+1"],"picked":"Cleave","floor":20},{"not_picked":["Sever Soul","Intimidate+1","Cleave"],"picked":"SKIP","floor":22},{"not_picked":["Infernal Blade","Sword Boomerang"],"picked":"Perfected Strike","floor":25},{"not_picked":["Armaments","Sword Boomerang"],"picked":"Iron Wave","floor":29},{"not_picked":["Heavy Blade","Iron Wave","Anger"],"picked":"SKIP","floor":31}],"player_experience":182743,"relics_obtained":[{"floor":6,"key":"Darkstone Periapt"},{"floor":9,"key":"Blue Candle"},{"floor":26,"key":"Girya"}],"event_choices":[{"damage_healed":0,"gold_gain":75,"player_choice":"Gather Gold","damage_taken":11,"max_hp_gain":0,"max_hp_loss":0,"event_name":"World of Goop","floor":4,"gold_loss":0},{"damage_healed":0,"gold_gain":0,"player_choice":"Success","damage_taken":18,"relics_obtained":["Sundial"],"max_hp_gain":0,"max_hp_loss":0,"event_name":"Scrap Ooze","floor":5,"gold_loss":0},{"damage_healed":0,"gold_gain":0,"player_choice":"Became a Ghost","damage_taken":0,"max_hp_gain":0,"max_hp_loss":40,"event_name":"Ghosts","floor":21,"gold_loss":0,"cards_obtained":["Ghostly","Ghostly","Ghostly","Ghostly","Ghostly"]},{"damage_healed":0,"gold_gain":0,"player_choice":"0 cards matched","damage_taken":0,"max_hp_gain":0,"max_hp_loss":0,"event_name":"Match and Keep!","floor":24,"gold_loss":0,"cards_obtained":[]},{"damage_healed":0,"gold_gain":0,"player_choice":"Got Potions","damage_taken":0,"max_hp_gain":0,"max_hp_loss":0,"event_name":"Lab","floor":30,"gold_loss":0}],"is_beta":false,"boss_relics":[{"not_picked":["Ectoplasm","Astrolabe"],"picked":"Eternal Feather"}],"items_purged_floors":[],"is_endless":false,"potions_floor_spawned":[1,3,19,25,31],"killed_by":"Champ","ascension_level":0}