{"gold_per_floor":[114,128,128,141,24,24,24,49,72,72,6,31,46,65,65,161,161,181,199,10,23,33,33,33,33,60,60,60,80,93,112,112,112],"floor_reached":33,"playtime":1454,"items_purged":["Strike_R","Strike_R"],"score":297,"play_id":"5f7f8270-dffe-4861-adb3-f64e97c7f04d","local_time":"20190505000503","is_ascension_mode":true,"campfire_choices":[{"floor":6.0,"key":"REST"},{"floor":15.0,"key":"REST"},{"floor":23,"key":"REST"},{"floor":25,"key":"REST"},{"data":"Limit Break","floor":28,"key":"SMITH"},{"floor":32,"key":"REST"}],"neow_cost":"PERCENT_DAMAGE","seed_source_timestamp":0,"circlet_count":0,"master_deck":["Strike_R","Strike_R","Defend_R","Defend_R","Defend_R","Bash","Pommel Strike","Shrug It Off","Inflame","True Grit","Twin Strike","Limit Break+1","Cleave+1","Rampage+1","Double Tap+1","Carnage","Spot Weakness","Immolate","Shrug It Off+1"],"special_seed":0,"relics":["Burning Blood","Smiling Mask","Ornamental Fan","Centennial Puzzle","Happy Flower","Letter Opener","Astrolabe","GremlinMask","Bronze Scales"],"potions_floor_usage":[33,33,33],"damage_taken":[{"damage":1.0,"enemies":"Cultist","floor":1.0,"turns":4.0},{"damage":5.0,"enemies":"2 Louse","floor":2.0,"turns":4.0},{"damage":12.0,"enemies":"Small Slimes","floor":4.0,"turns":3.0},{"damage":33.0,"enemies":"3 Sentries","floor":8.0,"turns":11.0},{"damage":16.0,"enemies":"Gremlin Nob","floor":12.0,"turns":4.0},{"damage":3.0,"enemies":"2 Fungi Beasts","floor":13.0,"turns":4.0},{"damage":8.0,"enemies":"Gremlin Gang","floor":14.0,"turns":3.0},{"damage":46.0,"enemies":"The Guardian","floor":16.0,"turns":20.0},{"damage":17.0,"enemies":"Spheric Guardian","floor":18.0,"turns":5.0},{"damage":35,"enemies":"2 Thieves","floor":19,"turns":3},{"damage":28,"enemies":"Centurion and Healer","floor":21,"turns":6},{"damage":27,"enemies":"Cultist and Chosen","floor":22,"turns":7},{"damage":35,"enemies":"Shelled Parasite and Fungi","floor":29,"turns":5},{"damage":17,"enemies":"Snecko","floor":30,"turns":4},{"damage":27,"enemies":"Snake Plant","floor":31,"turns":4},{"damage":81,"enemies":"Collector","floor":33,"turns":7}],"seed_played":"4107852398651600906","potions_obtained":[{"floor":1.0,"key":"SpeedPotion"},{"floor":2.0,"key":"Weak Potion"},{"floor":4.0,"key":"BloodPotion"},{"floor":12.0,"key":"BloodPotion"},{"floor":18.0,"key":"Ancient Potion"},{"floor":19,"key":"Regen Potion"}],"is_trial":false,"path_per_floor":["M","M","?","M","$","R","?","E","T","?","?","E","M","M","R","B",null,"M","M","$","M","M","R","?","R","T","$","R","M","M","M","R","B"],"character_chosen":"IRONCLAD","items_purchased":["Inflame","Immolate"],"campfire_rested":5,"item_purchase_floors":[5,20],"current_hp_per_floor":[77,78,26,20,20,48,48,21,21,21,21,11,14,12,40,9,96,85,56,56,34,13,41,41,69,69,69,69,40,29,8,36,0],"gold":112,"neow_bonus":"TWENTY_PERCENT_HP_BONUS","is_prod":false,"is_daily":false,"chose_seed":false,"campfire_upgraded":1,"win_rate":0,"timestamp":1557029103,"path_taken":["M","M","?","M","$","R","?","E","T","?","?","E","M","M","R","BOSS","M","?","$","M","M","R","?","R","T","$","R","M","?","M","R","BOSS"],"build_version":"2019-01-23","purchased_purges":2,"victory":false,"max_hp_per_floor":[96,96,96,96,96,96,96,96,96,96,96,96,96,96,96,96,96,96,96,96,96,96,96,96,96,96,96,96,96,96,96,96,96],"card_choices":[{"not_picked":["Evolve","Corruption","Infernal Blade"],"picked":"SKIP","floor":1.0},{"not_picked":["Dropkick","Flex"],"picked":"Pommel Strike","floor":2.0},{"not_picked":["Thunderclap","Feel No Pain"],"picked":"Shrug It Off","floor":4.0},{"not_picked":["Evolve","Infernal Blade"],"picked":"True Grit","floor":8.0},{"not_picked":["Body Slam","Warcry"],"picked":"Twin Strike","floor":12.0},{"not_picked":["Intimidate","Anger"],"picked":"Clothesline","floor":13.0},{"not_picked":["Sword Boomerang","Headbutt","Body Slam"],"picked":"SKIP","floor":14.0},{"not_picked":["Barricade","Fiend Fire"],"picked":"Limit Break","floor":16.0},{"not_picked":["Anger+1","Cleave"],"picked":"Carnage","floor":18.0},{"not_picked":["Sword Boomerang","Flex"],"picked":"Spot Weakness","floor":19},{"not_picked":["Wild Strike","Sentinel","Heavy Blade"],"picked":"SKIP","floor":21},{"not_picked":["Rupture","Pummel+1","Wild Strike"],"picked":"SKIP","floor":22},{"not_picked":["Evolve","Corruption+1","Cleave"],"picked":"SKIP","floor":29},{"not_picked":["Cleave","Hemokinesis+1","Heavy Blade"],"picked":"SKIP","floor":30},{"not_picked":["Sword Boomerang","Heavy Blade"],"picked":"Shrug It Off+1","floor":31}],"player_experience":182219,"relics_obtained":[{"floor":8.0,"key":"Ornamental Fan"},{"floor":9.0,"key":"Centennial Puzzle"},{"floor":12.0,"key":"Letter Opener"},{"floor":26,"key":"Bronze Scales"}],"event_choices":[{"damage_healed":0.0,"max_hp_gain":0.0,"max_hp_loss":0.0,"gold_gain":0.0,"event_name":"Scrap Ooze","player_choice":"Success","floor":3.0,"gold_loss":0.0,"damage_taken":52.0,"relics_obtained":["Smiling Mask"]},{"damage_healed":0.0,"max_hp_gain":0.0,"max_hp_loss":0.0,"gold_gain":0.0,"event_name":"Shining Light","player_choice":"Ignored","floor":7.0,"gold_loss":0.0,"damage_taken":0.0},{"damage_healed":0.0,"max_hp_gain":0.0,"max_hp_loss":0.0,"gold_gain":0.0,"event_name":"Liars Game","player_choice":"Ignored","floor":10.0,"gold_loss":0.0,"damage_taken":0.0},{"damage_healed":0.0,"max_hp_gain":0.0,"max_hp_loss":0.0,"gold_gain":0.0,"event_name":"WeMeetAgain","player_choice":"Paid Gold","floor":11.0,"gold_loss":66.0,"damage_taken":0.0,"relics_obtained":["Happy Flower"]},{"damage_healed":0,"gold_gain":0,"player_choice":"Trade","damage_taken":0,"relics_obtained":["GremlinMask"],"max_hp_gain":0,"max_hp_loss":0,"event_name":"FaceTrader","floor":24,"gold_loss":0}],"is_beta":false,"boss_relics":[{"not_picked":["Runic Cube","Coffee Dripper"],"picked":"Astrolabe"}],"items_purged_floors":[5,20],"is_endless":false,"potions_floor_spawned":[1,2,4,12,18,19,22],"killed_by":"Collector","ascension_level":1}