{"path_per_floor":["M","M","$","M","?","E","R","E","T","E","M","R","M","$","R","B",null,"M","M","?","M","M","E","R","$","T","R","M","E","$","M","R","B",null,"M","M","?","?","M","E","R","M","T","T","M","R","M","$","R","B"],"character_chosen":"THE_SILENT","items_purchased":["Matryoshka","Deadly Poison","Kunai","Finisher"],"gold_per_floor":[215,231,156,168,168,196,196,229,229,262,282,282,298,13,13,110,110,129,145,145,159,174,207,207,207,207,207,224,256,5,20,20,119,119,138,149,0,0,13,68,68,85,85,85,95,95,113,26,26,26],"floor_reached":51,"campfire_rested":1,"playtime":4768,"item_purchase_floors":[],"current_hp_per_floor":[70,70,70,70,70,58,58,26,26,34,34,58,58,58,58,24,80,74,74,56,56,56,42,42,42,42,42,42,45,45,44,44,17,56,47,51,51,56,56,56,56,56,56,56,56,56,56,56,56,24],"items_purged":["Strike_G","Decay"],"gold":26,"score":1010,"play_id":"99de2fa7-0227-4405-84c8-4be3fff41a00","local_time":"20180614102932","is_prod":false,"is_daily":false,"chose_seed":false,"is_ascension_mode":true,"campfire_upgraded":8,"win_rate":0,"timestamp":1528990172,"campfire_choices":[{"data":"Wraith Form v2","floor":7.0,"key":"SMITH"},{"floor":12.0,"key":"REST"},{"data":"A Thousand Cuts","floor":15.0,"key":"SMITH"},{"data":"Burst","floor":24.0,"key":"SMITH"},{"data":"Crippling Poison","floor":27.0,"key":"SMITH"},{"data":"Cloak And Dagger","floor":32.0,"key":"SMITH"},{"data":"Tools of the Trade","floor":41.0,"key":"SMITH"},{"data":"Backstab","floor":46,"key":"SMITH"},{"data":"Finisher","floor":49,"key":"SMITH"}],"path_taken":["M","M","$","M","?","E","R","E","T","E","M","R","?","$","R","BOSS","M","M","?","M","M","E","R","$","T","R","M","E","$","M","R","BOSS","M","M","?","?","M","E","R","M","T","?","?","R","?","$","R","BOSS"],"build_version":"2018-06-07v3","seed_source_timestamp":0,"purchased_purges":2,"victory":true,"master_deck":["Defend_G","Defend_G","Defend_G","Defend_G+1","Defend_G","Survivor","Neutralize","Backstab+1","Cloak And Dagger+1","Dagger Spray","Wraith Form v2+1","Deflect","Crippling Poison+1","Escape Plan","A Thousand Cuts+1","Deadly Poison+1","Burst+1","Dagger Spray+1","Bite","Bite","Bite","Bite","Bite","Masterful Stab","Prepared+1","Dodge and Roll+1","Slice","Infinite Blades+1","Tools of the Trade+1","Catalyst+1","Blur+1","PiercingWail+1","Masterful Stab","Injury","Slice+1","Masterful Stab+1","Finisher+1"],"max_hp_per_floor":[70,70,70,70,70,70,70,70,70,80,80,80,80,80,80,80,80,80,80,56,56,56,56,56,56,56,56,56,56,56,56,56,56,56,56,56,56,56,56,56,56,56,56,56,56,56,56,56,56,56],"relics":["Ring of the Snake","Centennial Puzzle","Toolbox","Smiling Mask","Pear","Matryoshka","Busted Crown","Letter Opener","Bag of Marbles","Lantern","Bottled Flame","Kunai","Cursed Key","Red Mask","Calipers","Tiny Chest","War Paint","Dodecahedron","Bottled Tornado"],"card_choices":[{"not_picked":["Deadly Poison","Outmaneuver"],"picked":"Backstab","floor":1.0},{"not_picked":["Riddle With Holes","PiercingWail"],"picked":"Cloak And Dagger","floor":2.0},{"not_picked":["Well Laid Plans","Outmaneuver"],"picked":"Dagger Spray","floor":4.0},{"not_picked":["Dash","All Out Attack"],"picked":"Wraith Form v2","floor":6.0},{"not_picked":["Reflex","Flying Knee"],"picked":"Deflect","floor":8.0},{"not_picked":["Footwork","Riddle With Holes"],"picked":"Crippling Poison","floor":10.0},{"not_picked":["Deadly Poison","Outmaneuver"],"picked":"Escape Plan","floor":11.0},{"not_picked":["Poisoned Stab","Acrobatics"],"picked":"A Thousand Cuts","floor":13.0},{"not_picked":["Corpse Explosion","Tools of the Trade"],"picked":"Burst","floor":16.0},{"not_picked":[],"picked":"Dagger Spray+1","floor":18.0},{"not_picked":["Crippling Poison"],"picked":"SKIP","floor":19.0},{"not_picked":["Poisoned Stab"],"picked":"SKIP","floor":21.0},{"not_picked":[],"picked":"Masterful Stab","floor":22.0},{"not_picked":[],"picked":"Prepared+1","floor":23.0},{"not_picked":[],"picked":"Dodge and Roll+1","floor":28.0},{"not_picked":[],"picked":"Slice","floor":29.0},{"not_picked":[],"picked":"Infinite Blades+1","floor":31.0},{"not_picked":[],"picked":"Tools of the Trade","floor":33.0},{"not_picked":["Underhanded Strike"],"picked":"SKIP","floor":35.0},{"not_picked":[],"picked":"Catalyst+1","floor":36.0},{"not_picked":[],"picked":"Blur+1","floor":38.0},{"not_picked":[],"picked":"PiercingWail+1","floor":39.0},{"not_picked":[],"picked":"Masterful Stab","floor":40.0},{"not_picked":["Flying Knee"],"picked":"SKIP","floor":42.0},{"not_picked":[],"picked":"Slice+1","floor":45},{"not_picked":[],"picked":"Masterful Stab+1","floor":47}],"player_experience":110711,"potions_floor_usage":[50],"damage_taken":[{"damage":0.0,"enemies":"2 Louse","floor":1.0,"turns":5.0},{"damage":0.0,"enemies":"Cultist","floor":2.0,"turns":4.0},{"damage":0.0,"enemies":"Small Slimes","floor":4.0,"turns":3.0},{"damage":12.0,"enemies":"3 Sentries","floor":6.0,"turns":9.0},{"damage":32.0,"enemies":"Lagavulin","floor":8.0,"turns":14.0},{"damage":2.0,"enemies":"3 Sentries","floor":10.0,"turns":7.0},{"damage":0.0,"enemies":"2 Fungi Beasts","floor":11.0,"turns":3.0},{"damage":0.0,"enemies":"Looter","floor":13.0,"turns":3.0},{"damage":34.0,"enemies":"The Guardian","floor":16.0,"turns":11.0},{"damage":6.0,"enemies":"2 Thieves","floor":18.0,"turns":3.0},{"damage":0.0,"enemies":"Chosen","floor":19.0,"turns":4.0},{"damage":8.0,"enemies":"Centurion and Healer","floor":21.0,"turns":5.0},{"damage":1.0,"enemies":"Chosen and Byrds","floor":22.0,"turns":5.0},{"damage":18.0,"enemies":"Book of Stabbing","floor":23.0,"turns":6.0},{"damage":0.0,"enemies":"3 Cultists","floor":28.0,"turns":2.0},{"damage":7.0,"enemies":"Gremlin Leader","floor":29.0,"turns":5.0},{"damage":9.0,"enemies":"Sentry and Sphere","floor":31.0,"turns":4.0},{"damage":47.0,"enemies":"Champ","floor":33.0,"turns":12.0},{"damage":11.0,"enemies":"Orb Walker","floor":35.0,"turns":2.0},{"damage":0.0,"enemies":"3 Darklings","floor":36.0,"turns":3.0},{"damage":4.0,"floor":38.0,"turns":6.0},{"damage":0.0,"enemies":"4 Shapes","floor":39.0,"turns":2.0},{"damage":0.0,"enemies":"Nemesis","floor":40.0,"turns":6.0},{"damage":0.0,"enemies":"Sphere and 2 Shapes","floor":42.0,"turns":3.0},{"damage":0,"enemies":"3 Darklings","floor":45,"turns":2},{"damage":6,"enemies":"4 Shapes","floor":47,"turns":1},{"damage":44,"enemies":"Donu and Deca","floor":50,"turns":10}],"relics_obtained":[{"floor":6.0,"key":"Centennial Puzzle"},{"floor":8.0,"key":"Toolbox"},{"floor":9.0,"key":"Smiling Mask"},{"floor":10.0,"key":"Pear"},{"floor":23.0,"key":"Letter Opener"},{"floor":26.0,"key":"Bag of Marbles"},{"floor":26.0,"key":"Lantern"},{"floor":29.0,"key":"Bottled Flame"},{"floor":38.0,"key":"Calipers"},{"floor":40.0,"key":"Tiny Chest"},{"floor":43.0,"key":"War Paint"},{"floor":43.0,"key":"Dodecahedron"},{"floor":44.0,"key":"Bottled Tornado"}],"event_choices":[{"event_name":"The Lab","player_choice":"Got Potions","floor":5.0,"damage_taken":0.0},{"event_name":"Vampires","player_choice":"Became a vampire","floor":20.0,"damage_taken":0.0},{"event_name":"Tomb of Lord Red Mask","player_choice":"Paid","floor":37.0,"damage_taken":0.0},{"event_name":"MindBloom","player_choice":"Fight","floor":38.0,"damage_taken":0.0}],"boss_relics":[{"not_picked":["Astrolabe","Runic Dome"],"picked":"Busted Crown"},{"not_picked":["Lizard Tail","Tiny House"],"picked":"Cursed Key"}],"items_purged_floors":[],"potions_floor_spawned":[2,8,10,13,18,21,28,31,33,38,45,47],"seed_played":"4303085907020827761","ascension_level":1,"potions_obtained":[{"floor":2.0,"key":"GhostInAJar"},{"floor":5.0,"key":"FairyPotion"},{"floor":5.0,"key":"Weak Potion"},{"floor":8.0,"key":"Explosive Potion"},{"floor":10.0,"key":"SkillPotion"},{"floor":13.0,"key":"Ancient Potion"},{"floor":18.0,"key":"Weak Potion"},{"floor":21.0,"key":"SpeedPotion"},{"floor":28.0,"key":"GamblersBrew"},{"floor":31.0,"key":"EssenceOfSteel"},{"floor":33.0,"key":"Energy Potion"},{"floor":38.0,"key":"Weak Potion"},{"floor":45,"key":"FairyPotion"},{"floor":47,"key":"Block Potion"}],"is_trial":false}