{"gold_per_floor":[113,125,105,121,131,162,162,194,219,219,237,265,265,265,265,361,361,380,398,54,64,14,14,14,14],"floor_reached":25,"playtime":1230,"items_purged":["Pain","Strike_B"],"score":354,"play_id":"47775ce2-5221-4c39-ae31-f53ce8ef5fe3","local_time":"20190324164645","is_ascension_mode":true,"campfire_choices":[{"data":"Zap","floor":7.0,"key":"SMITH"},{"floor":10.0,"key":"REST"},{"data":"Echo Form","floor":13.0,"key":"SMITH"},{"data":"Beam Cell","floor":15.0,"key":"SMITH"},{"data":"Leap","floor":23.0,"key":"SMITH"}],"neow_cost":"PERCENT_DAMAGE","seed_source_timestamp":205375020967664,"circlet_count":0,"master_deck":["AscendersBane","Strike_B","Strike_B","Strike_B","Defend_B","Defend_B","Defend_B","Defend_B","Zap+1","Dualcast","Ball Lightning","Cold Snap","Cold Snap","Rip and Tear","Beam Cell+1","Echo Form+1","White Noise","Go for the Eyes","All For One","Cold Snap","Rebound","Zap+1","Self Repair","Rip and Tear","Leap+1"],"special_seed":0,"relics":["Cracked Core","Gremlin Horn","Smiling Mask","Juzu Bracelet","Anchor","WarpedTongs","Sozu","DollysMirror"],"potions_floor_usage":[],"damage_taken":[{"damage":0.0,"enemies":"Jaw Worm","floor":1.0,"turns":3.0},{"damage":0.0,"enemies":"Cultist","floor":2.0,"turns":3.0},{"damage":0.0,"enemies":"2 Louse","floor":4.0,"turns":1.0},{"damage":1.0,"enemies":"2 Fungi Beasts","floor":5.0,"turns":3.0},{"damage":4.0,"enemies":"Gremlin Nob","floor":6.0,"turns":4.0},{"damage":9.0,"enemies":"Lagavulin","floor":8.0,"turns":4.0},{"damage":4.0,"enemies":"Blue Slaver","floor":11.0,"turns":3.0},{"damage":12.0,"enemies":"Gremlin Nob","floor":12.0,"turns":3.0},{"damage":31.0,"enemies":"The Guardian","floor":16.0,"turns":8.0},{"damage":9.0,"enemies":"Chosen","floor":18.0,"turns":4.0},{"damage":10.0,"enemies":"3 Byrds","floor":19.0,"turns":5.0},{"damage":21.0,"enemies":"Snake Plant","floor":21.0,"turns":3.0},{"damage":48,"enemies":"Slavers","floor":25,"turns":3}],"seed_played":"-5646756325242008933","potions_obtained":[{"floor":1.0,"key":"AttackPotion"},{"floor":3.0,"key":"FearPotion"},{"floor":4.0,"key":"Block Potion"},{"floor":11.0,"key":"SteroidPotion"}],"is_trial":false,"path_per_floor":["M","M","?","M","M","E","R","E","T","R","M","E","R","?","R","B",null,"M","M","$","M","$","R","$","E"],"character_chosen":"DEFECT","items_purchased":["DollysMirror","Self Repair","Rip and Tear"],"campfire_rested":1,"item_purchase_floors":[20,20,20],"current_hp_per_floor":[64,64,64,64,63,59,59,50,50,76,72,60,60,60,60,29,74,65,55,55,41,41,41,41,0],"gold":14,"neow_bonus":"TWENTY_PERCENT_HP_BONUS","is_prod":false,"is_daily":false,"chose_seed":false,"campfire_upgraded":4,"win_rate":0,"timestamp":1553471205,"path_taken":["M","M","?","M","?","E","R","E","T","R","M","E","R","?","R","BOSS","M","M","?","M","$","R","$","E"],"build_version":"2019-01-23","purchased_purges":2,"victory":false,"max_hp_per_floor":[89,89,89,89,89,89,89,89,89,89,89,89,89,89,89,89,89,89,89,89,89,89,89,89,89],"card_choices":[{"not_picked":["Hello World","Rebound"],"picked":"Ball Lightning","floor":1.0},{"not_picked":["Compile Driver","Barrage"],"picked":"Cold Snap","floor":2.0},{"not_picked":["Tempest","Go for the Eyes"],"picked":"Cold Snap","floor":4.0},{"not_picked":["Hyperbeam","Double Energy"],"picked":"Rip and Tear","floor":5.0},{"not_picked":["Rip and Tear","Gash"],"picked":"Beam Cell","floor":6.0},{"not_picked":["Go for the Eyes","Ball Lightning"],"picked":"Echo Form","floor":8.0},{"not_picked":["Steam","Turbo"],"picked":"White Noise","floor":11.0},{"not_picked":["Heatsinks","Melter"],"picked":"Go for the Eyes","floor":12.0},{"not_picked":["Seek","Multi-Cast"],"picked":"All For One","floor":16.0},{"not_picked":["Tempest","Stack+1"],"picked":"Cold Snap","floor":18.0},{"not_picked":["Lockon","Turbo"],"picked":"Rebound","floor":19.0},{"not_picked":["Barrage+1","Streamline"],"picked":"Leap","floor":21.0}],"player_experience":534956,"relics_obtained":[{"floor":6.0,"key":"Gremlin Horn"},{"floor":8.0,"key":"Smiling Mask"},{"floor":9.0,"key":"Juzu Bracelet"},{"floor":12.0,"key":"Anchor"}],"event_choices":[{"damage_healed":0.0,"max_hp_gain":0.0,"max_hp_loss":0.0,"gold_gain":0.0,"event_name":"The Woman in Blue","player_choice":"Bought 1 Potion","floor":3.0,"gold_loss":0.0,"damage_taken":0.0},{"damage_healed":0.0,"max_hp_gain":0.0,"max_hp_loss":0.0,"gold_gain":0.0,"event_name":"Accursed Blacksmith","player_choice":"Rummage","floor":14.0,"gold_loss":0.0,"damage_taken":0.0,"relics_obtained":["WarpedTongs"],"cards_obtained":["Pain"]}],"is_beta":false,"boss_relics":[{"not_picked":["FrozenCore","Tiny House"],"picked":"Sozu"}],"items_purged_floors":[20,22],"is_endless":false,"potions_floor_spawned":[1,4,5,11,18],"killed_by":"Slavers","ascension_level":12}