{"gold_per_floor":[117,130,130,2,19,19,39,65,65,65,99,20,55,67,67,146,146,165,115,135,151,165,165,165],"floor_reached":24,"playtime":1391,"items_purged":["Pain"],"score":436,"play_id":"2be9211c-def0-41e9-822a-ba7882943bf9","local_time":"20190503154615","is_ascension_mode":true,"campfire_choices":[{"data":"Doom and Gloom","floor":6,"key":"SMITH"},{"floor":10,"key":"REST"},{"data":"Loop","floor":15,"key":"SMITH"},{"data":"Echo Form","floor":23,"key":"SMITH"}],"neow_cost":"NONE","seed_source_timestamp":383332649033400,"circlet_count":0,"master_deck":["AscendersBane","Strike_B","Defend_B","Defend_B","Defend_B","Defend_B","Zap+1","Dualcast+1","Cold Snap","Doom and Gloom+1","Coolheaded","Cold Snap","Loop+1","Core Surge","Glacier+1","Self Repair","Echo Form+1","Beam Cell+1","Multi-Cast+1","Stack+1","Undo","Conserve Battery","Sweeping Beam+1","Hologram"],"relics":["Cracked Core","WarpedTongs","Blood Vial","Gremlin Horn","Ginger","Ice Cream","Astrolabe"],"potions_floor_usage":[11,13,16,24,24],"damage_taken":[{"damage":7,"enemies":"Jaw Worm","floor":1,"turns":2},{"damage":1,"enemies":"Cultist","floor":2,"turns":3},{"damage":0,"enemies":"Small Slimes","floor":5,"turns":3},{"damage":14,"enemies":"Gremlin Gang","floor":7,"turns":2},{"damage":12,"enemies":"Lagavulin","floor":8,"turns":6},{"damage":28,"enemies":"Gremlin Nob","floor":11,"turns":4},{"damage":3,"enemies":"3 Sentries","floor":13,"turns":5},{"damage":0,"enemies":"Large Slime","floor":14,"turns":4},{"damage":15,"enemies":"Hexaghost","floor":16,"turns":10},{"damage":15,"enemies":"2 Thieves","floor":18,"turns":4},{"damage":10,"enemies":"Spheric Guardian","floor":20,"turns":7},{"damage":16,"enemies":"Shelled Parasite and Fungi","floor":21,"turns":8},{"damage":16,"enemies":"Cultist and Chosen","floor":22,"turns":9},{"damage":47,"enemies":"Slavers","floor":24,"turns":7}],"seed_played":"5724340822830439747","potions_obtained":[{"floor":1,"key":"Strength Potion"},{"floor":7,"key":"Explosive Potion"},{"floor":14,"key":"GamblersBrew"},{"floor":16,"key":"Dexterity Potion"},{"floor":18,"key":"Dexterity Potion"}],"is_trial":false,"path_per_floor":["M","M","?","$","M","R","M","E","T","R","E","$","E","M","R","B",null,"M","?","M","M","M","R","E"],"character_chosen":"DEFECT","items_purchased":["Poison Potion","Core Surge"],"campfire_rested":1,"item_purchase_floors":[4,12],"current_hp_per_floor":[57,56,56,56,56,56,42,30,30,51,25,25,24,26,26,20,58,55,55,61,57,43,43,0],"gold":165,"neow_bonus":"UPGRADE_CARD","is_prod":false,"is_daily":false,"chose_seed":false,"campfire_upgraded":3,"win_rate":0,"timestamp":1556865975,"path_taken":["M","M","?","$","M","R","M","E","T","R","E","?","E","M","R","BOSS","M","?","M","?","M","R","E"],"build_version":"2019-01-23","purchased_purges":1,"victory":false,"max_hp_per_floor":[71,71,71,71,71,71,71,71,71,71,71,71,71,71,71,71,71,71,71,71,71,71,71,71],"card_choices":[{"not_picked":["Streamline","Turbo"],"picked":"Cold Snap","floor":1},{"not_picked":["Steam","Genetic Algorithm"],"picked":"Doom and Gloom","floor":2},{"not_picked":["Capacitor","Steam Power"],"picked":"Coolheaded","floor":5},{"not_picked":["Tempest","FTL"],"picked":"Cold Snap","floor":7},{"not_picked":["Aggregate","Cold Snap","Coolheaded"],"picked":"SKIP","floor":8},{"not_picked":["Storm","Compile Driver"],"picked":"Loop","floor":11},{"not_picked":["Self Repair","Streamline"],"picked":"Glacier","floor":13},{"not_picked":["Steam","Leap"],"picked":"Self Repair","floor":14},{"not_picked":["Multi-Cast","Fission"],"picked":"Echo Form","floor":16},{"not_picked":["Blizzard","Gash"],"picked":"Undo","floor":18},{"not_picked":["Gash+1","Scrape"],"picked":"Conserve Battery","floor":20},{"not_picked":["Consume","Turbo"],"picked":"Sweeping Beam+1","floor":21},{"not_picked":["Auto Shields","Cold Snap"],"picked":"Hologram","floor":22}],"player_experience":1198335,"relics_obtained":[{"floor":8,"key":"Blood Vial"},{"floor":9,"key":"Gremlin Horn"},{"floor":11,"key":"Ginger"},{"floor":13,"key":"Ice Cream"}],"event_choices":[{"damage_healed":0,"gold_gain":0,"player_choice":"Rummage","damage_taken":0,"relics_obtained":["WarpedTongs"],"max_hp_gain":0,"max_hp_loss":0,"event_name":"Accursed Blacksmith","floor":3,"gold_loss":0,"cards_obtained":["Pain"]},{"damage_healed":0,"gold_gain":0,"player_choice":"Upgraded Two","damage_taken":0,"max_hp_gain":0,"max_hp_loss":0,"event_name":"Designer","floor":19,"gold_loss":50,"cards_upgraded":["Dualcast","Glacier"]}],"is_beta":false,"boss_relics":[{"not_picked":["FrozenCore","Ectoplasm"],"picked":"Astrolabe"}],"items_purged_floors":[4],"is_endless":false,"potions_floor_spawned":[1,7,14,16,18],"killed_by":"Slavers","ascension_level":20}