{"gold_per_floor":[118,35,35,52,52,52,7,40,63,73,73,91,16,49,49,150,150,137,14,29,29,40,40,51,84,154,173,173,187,219,232,232,337,337,354,354,74,74,84,84,97,129,181,199,119,144,158,169,169,169],"floor_reached":50,"playtime":4168,"items_purged":["Strike_G","Shame"],"score":659,"play_id":"5d8d0e9a-66f5-445a-b4b9-797d3ec8be04","local_time":"20181209210422","is_ascension_mode":true,"campfire_choices":[{"data":"Neutralize","floor":6.0,"key":"SMITH"},{"data":"Glass Knife","floor":11.0,"key":"SMITH"},{"data":"Footwork","floor":15.0,"key":"SMITH"},{"data":"Malaise","floor":23.0,"key":"SMITH"},{"data":"Dagger Spray","floor":28.0,"key":"SMITH"},{"data":"Malaise","floor":32.0,"key":"SMITH"},{"data":"A Thousand Cuts","floor":40,"key":"SMITH"},{"floor":49,"key":"RECALL"}],"neow_cost":"NONE","seed_source_timestamp":0,"circlet_count":0,"master_deck":["Defend_G+1","Defend_G+1","Defend_G+1","Defend_G+1","Defend_G+1","Strike_G+1","Strike_G+1","Strike_G+1","Survivor","Neutralize+1","Flying Knee","Backstab","Sucker Punch","PiercingWail","Quick Slash","Glass Knife+1","Blur","Footwork+1","Malaise+1","Dagger Spray+1","Caltrops+1","Flechettes+1","Cloak And Dagger+1","Backflip+1","Clumsy","Slice+1","Malaise+1","A Thousand Cuts+1","Parasite","Accuracy+1","Adrenaline","Footwork+1","Die Die Die+1"],"special_seed":0,"relics":["Ring of the Snake","NeowsBlessing","Vajra","Blue Candle","Cursed Key","The Courier","Bottled Tornado","PreservedInsect","Black Star","Bronze Scales","TwistedFunnel","Darkstone Periapt","Pear","Bag of Marbles","Molten Egg 2","Potion Belt"],"potions_floor_usage":[39,42,46,50,50],"damage_taken":[{"damage":0.0,"enemies":"Jaw Worm","floor":1.0,"turns":1.0},{"damage":0.0,"enemies":"Cultist","floor":4.0,"turns":1.0},{"damage":0.0,"enemies":"Lagavulin","floor":8.0,"turns":1.0},{"damage":0.0,"enemies":"Small Slimes","floor":10.0,"turns":1.0},{"damage":2.0,"enemies":"Looter","floor":12.0,"turns":2.0},{"damage":2.0,"enemies":"Gremlin Nob","floor":14.0,"turns":3.0},{"damage":31.0,"enemies":"The Guardian","floor":16.0,"turns":14.0},{"damage":7.0,"enemies":"2 Thieves","floor":18.0,"turns":4.0},{"damage":0.0,"enemies":"3 Byrds","floor":20.0,"turns":5.0},{"damage":1.0,"enemies":"Snecko","floor":22.0,"turns":6.0},{"damage":4.0,"enemies":"Cultist and Chosen","floor":24.0,"turns":6.0},{"damage":2.0,"enemies":"Book of Stabbing","floor":25.0,"turns":5.0},{"damage":9.0,"enemies":"Centurion and Healer","floor":27.0,"turns":4.0},{"damage":0.0,"enemies":"3 Cultists","floor":29.0,"turns":5.0},{"damage":0.0,"enemies":"Slavers","floor":30.0,"turns":4.0},{"damage":4.0,"enemies":"Snake Plant","floor":31.0,"turns":3.0},{"damage":46.0,"enemies":"Collector","floor":33.0,"turns":11.0},{"damage":0.0,"enemies":"Orb Walker","floor":35.0,"turns":3.0},{"damage":7,"enemies":"3 Darklings","floor":39,"turns":6},{"damage":0,"enemies":"Writhing Mass","floor":41,"turns":5},{"damage":30,"enemies":"Nemesis","floor":42,"turns":5},{"damage":10,"enemies":"Maw","floor":44,"turns":8},{"damage":8,"enemies":"Reptomancer","floor":46,"turns":5},{"damage":8,"enemies":"Jaw Worm Horde","floor":47,"turns":4},{"damage":11,"enemies":"Writhing Mass","floor":48,"turns":6},{"damage":44,"enemies":"Donu and Deca","floor":50,"turns":10}],"seed_played":"-4994601483508016963","potions_obtained":[{"floor":8.0,"key":"GamblersBrew"},{"floor":12.0,"key":"Block Potion"},{"floor":18.0,"key":"Regen Potion"},{"floor":22.0,"key":"Poison Potion"},{"floor":29.0,"key":"Energy Potion"},{"floor":30.0,"key":"Ancient Potion"},{"floor":33.0,"key":"Regen Potion"},{"floor":35.0,"key":"Strength Potion"},{"floor":39,"key":"Poison Potion"},{"floor":46,"key":"Ancient Potion"},{"floor":48,"key":"Regen Potion"}],"is_trial":false,"path_per_floor":["M","$","?","M","?","R","$","E","T","M","R","M","$","E","R","B",null,"M","$","M","?","M","R","M","E","T","M","R","M","E","M","R","B",null,"M","?","$","?","M","R","M","E","T","M","$","E","M","M","R","B"],"character_chosen":"THE_SILENT","items_purchased":["Backstab","Sucker Punch","Quick Slash","Footwork","Dagger Spray","Bronze Scales","TwistedFunnel"],"campfire_rested":0,"item_purchase_floors":[2,2,7,13,19,37,37],"current_hp_per_floor":[70,70,70,70,70,70,70,70,70,70,70,68,68,66,66,35,70,63,63,70,70,69,69,65,63,63,54,54,54,54,50,50,4,70,70,70,70,70,70,70,70,50,56,46,46,38,30,19,19,0],"gold":169,"neow_bonus":"THREE_ENEMY_KILL","is_prod":false,"is_daily":false,"chose_seed":false,"campfire_upgraded":7,"win_rate":0,"timestamp":1544411062,"path_taken":["M","$","?","M","?","R","$","E","T","?","R","M","?","E","R","BOSS","M","?","?","?","M","R","M","E","T","M","R","M","E","M","R","BOSS","M","?","$","?","M","R","M","E","T","M","$","E","M","M","R","BOSS"],"build_version":"2018-12-06","purchased_purges":2,"victory":false,"max_hp_per_floor":[70,70,70,70,70,70,70,70,70,70,70,70,70,70,70,70,70,70,70,70,70,70,70,70,70,70,70,70,70,70,70,70,70,70,70,70,70,70,70,70,70,80,86,86,86,86,86,86,86,86],"card_choices":[{"not_picked":["Underhanded Strike","Riddle With Holes"],"picked":"Flying Knee","floor":1.0},{"not_picked":["Bane","Flying Knee"],"picked":"PiercingWail","floor":4.0},{"not_picked":["Cloak And Dagger","Slice"],"picked":"Glass Knife","floor":8.0},{"not_picked":["Eviscerate","Sucker Punch"],"picked":"Blur","floor":10.0},{"not_picked":["Prepared","Eviscerate","Bane"],"picked":"SKIP","floor":12.0},{"not_picked":["Deadly Poison","Poisoned Stab","Outmaneuver"],"picked":"SKIP","floor":14.0},{"not_picked":["Phantasmal Killer","Die Die Die"],"picked":"Malaise","floor":16.0},{"not_picked":["Dash+1","Predator","Bane"],"picked":"SKIP","floor":18.0},{"not_picked":["Infinite Blades","Acrobatics+1"],"picked":"Caltrops+1","floor":20.0},{"not_picked":["Dagger Spray","Blade Dance"],"picked":"Flechettes+1","floor":22.0},{"not_picked":["Prepared","Setup"],"picked":"Cloak And Dagger+1","floor":24.0},{"not_picked":["Underhanded Strike","Deflect"],"picked":"Backflip+1","floor":25.0},{"not_picked":["Flying Knee+1","Setup+1"],"picked":"Slice+1","floor":27.0},{"not_picked":["Deflect","Underhanded Strike","Heel Hook"],"picked":"SKIP","floor":29.0},{"not_picked":["Flechettes+1","Dodge and Roll"],"picked":"Malaise","floor":30.0},{"not_picked":["Outmaneuver","Slice","Flying Knee"],"picked":"SKIP","floor":31.0},{"not_picked":["Corpse Explosion","Night Terror"],"picked":"Adrenaline","floor":33.0},{"not_picked":["Tactician+1","Flying Knee","Blade Dance"],"picked":"SKIP","floor":35.0},{"not_picked":["Dagger Spray","Acrobatics+1"],"picked":"A Thousand Cuts","floor":39},{"not_picked":["Poisoned Stab+1","Bouncing Flask+1"],"picked":"Accuracy+1","floor":41},{"not_picked":["Backflip+1","Dodge and Roll+1"],"picked":"Adrenaline","floor":42},{"not_picked":["Bouncing Flask+1","Bane","Poisoned Stab"],"picked":"SKIP","floor":44},{"not_picked":["Dagger Throw","Well Laid Plans+1"],"picked":"Footwork+1","floor":46},{"not_picked":["Deadly Poison+1","Quick Slash+1"],"picked":"Die Die Die+1","floor":47},{"not_picked":["Bane+1","Catalyst","Slice+1"],"picked":"SKIP","floor":48}],"player_experience":292503,"relics_obtained":[{"floor":8.0,"key":"Vajra"},{"floor":14.0,"key":"Blue Candle"},{"floor":25.0,"key":"The Courier"},{"floor":26.0,"key":"Bottled Tornado"},{"floor":30.0,"key":"PreservedInsect"},{"floor":42,"key":"Darkstone Periapt"},{"floor":42,"key":"Pear"},{"floor":43,"key":"Bag of Marbles"},{"floor":46,"key":"Molten Egg 2"},{"floor":46,"key":"Potion Belt"}],"event_choices":[{"damage_healed":0.0,"max_hp_gain":0.0,"max_hp_loss":0.0,"gold_gain":0.0,"event_name":"The Cleric","player_choice":"Leave","floor":3.0,"gold_loss":0.0,"damage_taken":0.0},{"cards_removed":["Strike_G"],"damage_healed":0.0,"max_hp_gain":0.0,"max_hp_loss":0.0,"gold_gain":0.0,"event_name":"Bonfire Elementals","player_choice":"Offered Basic","floor":5.0,"gold_loss":0.0,"damage_taken":0.0},{"damage_healed":0.0,"max_hp_gain":0.0,"max_hp_loss":0.0,"gold_gain":0.0,"event_name":"Back to Basics","player_choice":"Simplicity","floor":21.0,"gold_loss":0.0,"damage_taken":0.0,"cards_upgraded":["Defend_G","Defend_G","Defend_G","Defend_G","Defend_G","Strike_G","Strike_G","Strike_G"]},{"damage_healed":0.0,"max_hp_gain":0.0,"max_hp_loss":0.0,"gold_gain":0.0,"event_name":"Tomb of Lord Red Mask","player_choice":"Ignored","floor":36.0,"gold_loss":0.0,"damage_taken":0.0},{"cards_removed":["Adrenaline"],"damage_healed":0.0,"max_hp_gain":0.0,"max_hp_loss":0.0,"gold_gain":0.0,"event_name":"Falling","player_choice":"Removed Skill","floor":38.0,"gold_loss":0.0,"damage_taken":0.0}],"is_beta":false,"boss_relics":[{"not_picked":["Pandora\u0027s Box","Empty Cage"],"picked":"Cursed Key"},{"not_picked":["Calling Bell","Sozu"],"picked":"Black Star"}],"items_purged_floors":[19,45],"is_endless":false,"potions_floor_spawned":[8,12,18,22,29,30,33,35,39,46,48],"killed_by":"Donu and Deca","ascension_level":1}