{"gold_per_floor":[116,191,209,209,228,228,238,265,265,19,72,72],"floor_reached":12,"playtime":349,"items_purged":[],"score":156,"play_id":"f505cde4-c5d6-489c-b991-70e6ce33f23e","local_time":"20190409071848","is_ascension_mode":true,"campfire_choices":[{"data":"Bash","floor":6,"key":"SMITH"}],"neow_cost":"NONE","seed_source_timestamp":946198014936231,"circlet_count":0,"master_deck":["AscendersBane","Strike_R","Strike_R","Strike_R","Strike_R","Strike_R","Defend_R","Defend_R","Defend_R","Defend_R","Bash+1","Warcry","Shrug It Off","Seeing Red","Sword Boomerang","Demon Form","Disarm"],"relics":["Burning Blood","NeowsBlessing","Darkstone Periapt","PreservedInsect","Molten Egg 2","Ancient Tea Set"],"potions_floor_usage":[8,8,12],"damage_taken":[{"damage":0,"enemies":"Jaw Worm","floor":1,"turns":1},{"damage":0,"enemies":"2 Louse","floor":3,"turns":1},{"damage":0,"enemies":"Small Slimes","floor":5,"turns":1},{"damage":10,"enemies":"Looter","floor":7,"turns":4},{"damage":52,"enemies":"3 Sentries","floor":8,"turns":15},{"damage":42,"enemies":"Gremlin Gang","floor":12,"turns":3}],"seed_played":"5056794884722779051","potions_obtained":[{"floor":3,"key":"Poison Potion"},{"floor":5,"key":"EssenceOfSteel"},{"floor":8,"key":"Poison Potion"}],"is_trial":false,"path_per_floor":["M","?","M","?","M","R","M","E","T","$","T","M"],"character_chosen":"IRONCLAD","items_purchased":["Demon Form","Disarm"],"campfire_rested":0,"item_purchase_floors":[10,10],"current_hp_per_floor":[74,63,69,58,64,64,60,14,14,14,14,0],"gold":72,"neow_bonus":"THREE_ENEMY_KILL","is_prod":false,"is_daily":false,"chose_seed":false,"campfire_upgraded":1,"win_rate":0,"timestamp":1554761928,"path_taken":["M","?","M","?","M","R","M","E","T","$","?","M"],"build_version":"2019-01-23","purchased_purges":0,"victory":false,"max_hp_per_floor":[75,75,75,75,75,75,75,75,75,75,75,75],"card_choices":[{"not_picked":["Armaments","Rupture"],"picked":"Warcry","floor":1},{"not_picked":["Anger","Sword Boomerang"],"picked":"Shrug It Off","floor":3},{"not_picked":["Wild Strike","Rampage"],"picked":"Seeing Red","floor":5},{"not_picked":["Armaments","Bloodletting","Body Slam"],"picked":"SKIP","floor":7},{"not_picked":["Clash","Dual Wield"],"picked":"Sword Boomerang","floor":8}],"player_experience":872244,"relics_obtained":[{"floor":8,"key":"PreservedInsect"},{"floor":9,"key":"Molten Egg 2"},{"floor":11,"key":"Ancient Tea Set"}],"event_choices":[{"damage_healed":0,"gold_gain":75,"player_choice":"Gather Gold","damage_taken":11,"max_hp_gain":0,"max_hp_loss":0,"event_name":"World of Goop","floor":2,"gold_loss":0},{"damage_healed":0,"gold_gain":0,"player_choice":"Success","damage_taken":11,"relics_obtained":["Darkstone Periapt"],"max_hp_gain":0,"max_hp_loss":0,"event_name":"Scrap Ooze","floor":4,"gold_loss":0}],"is_beta":false,"boss_relics":[],"items_purged_floors":[],"is_endless":false,"potions_floor_spawned":[3,5,7,8],"killed_by":"Gremlin Gang","ascension_level":20}