{"gold_per_floor":[109,109,156,174,189,189,220,220,245,245,266,20,58,79,79,169,169,185,41,56,80,179,179,220,220,220,241,255,280,280,301,301,301],"floor_reached":33,"playtime":1310,"items_purged":[],"score":474,"play_id":"a6c6ac9b-2abd-4022-9923-861e0fde9d7b","local_time":"20190123142947","is_ascension_mode":true,"campfire_choices":[{"data":"Streamline","floor":6.0,"key":"SMITH"},{"floor":10.0,"key":"REST"},{"data":"Defragment","floor":15.0,"key":"SMITH"},{"floor":23.0,"key":"REST"},{"data":"Tempest","floor":25.0,"key":"SMITH"},{"floor":32.0,"key":"REST"}],"neow_cost":"NONE","seed_source_timestamp":16291957977046,"circlet_count":0,"master_deck":["AscendersBane","Strike_B+1","Strike_B+1","Strike_B+1","Strike_B+1","Defend_B+1","Defend_B+1","Defend_B+1","Defend_B+1","Zap+1","Dualcast","Rainbow","Melter","White Noise","Streamline+1","Barrage","Conserve Battery","Cold Snap","Defragment+1","Tempest+1","Thunder Strike","Genetic Algorithm+1","Rainbow","Conserve Battery"],"special_seed":0,"relics":["Cracked Core","Golden Idol","DataDisk","Lantern","Bag of Marbles","Anchor","War Paint","Inserter","Regal Pillow","Orichalcum","Du-Vu Doll"],"potions_floor_usage":[33],"damage_taken":[{"damage":10.0,"enemies":"Small Slimes","floor":1.0,"turns":3.0},{"damage":7.0,"enemies":"Jaw Worm","floor":4.0,"turns":2.0},{"damage":3.0,"enemies":"Cultist","floor":5.0,"turns":3.0},{"damage":24.0,"enemies":"Lagavulin","floor":7.0,"turns":5.0},{"damage":0.0,"enemies":"Exordium Thugs","floor":11.0,"turns":1.0},{"damage":7.0,"enemies":"3 Sentries","floor":13.0,"turns":4.0},{"damage":0.0,"enemies":"2 Fungi Beasts","floor":14.0,"turns":2.0},{"damage":13.0,"enemies":"Hexaghost","floor":16.0,"turns":9.0},{"damage":11.0,"enemies":"Shell Parasite","floor":18.0,"turns":3.0},{"damage":1.0,"enemies":"3 Byrds","floor":20.0,"turns":3.0},{"damage":7.0,"enemies":"Cultist and Chosen","floor":21.0,"turns":5.0},{"damage":22.0,"enemies":"Book of Stabbing","floor":24.0,"turns":6.0},{"damage":10.0,"enemies":"Chosen and Byrds","floor":27.0,"turns":5.0},{"damage":15.0,"enemies":"Snake Plant","floor":28.0,"turns":3.0},{"damage":16.0,"enemies":"Shelled Parasite and Fungi","floor":29.0,"turns":5.0},{"damage":0.0,"enemies":"Centurion and Healer","floor":31.0,"turns":4.0},{"damage":37,"enemies":"Champ","floor":33,"turns":9}],"seed_played":"8883912326811294831","potions_obtained":[{"floor":5.0,"key":"Strength Potion"},{"floor":7.0,"key":"AttackPotion"},{"floor":11.0,"key":"SneckoOil"},{"floor":13.0,"key":"Block Potion"},{"floor":14.0,"key":"SpeedPotion"},{"floor":18.0,"key":"Swift Potion"},{"floor":27.0,"key":"EssenceOfSteel"},{"floor":29.0,"key":"SteroidPotion"},{"floor":31.0,"key":"SteroidPotion"}],"is_trial":false,"path_per_floor":["M","?","T","M","M","R","E","?","T","R","M","$","E","M","R","B",null,"M","$","M","M","?","R","E","R","T","M","M","M","?","M","R","B"],"character_chosen":"DEFECT","items_purchased":["Anchor","Conserve Battery","Cold Snap","Regal Pillow"],"campfire_rested":3,"item_purchase_floors":[12,12,12,19],"current_hp_per_floor":[54,54,54,47,44,44,20,20,20,39,39,39,32,32,32,19,54,43,43,42,35,35,66,44,44,44,34,19,3,3,3,37,0],"gold":301,"neow_bonus":"ONE_RANDOM_RARE_CARD","is_prod":false,"is_daily":false,"chose_seed":false,"campfire_upgraded":3,"win_rate":0,"timestamp":1548221387,"path_taken":["M","?","?","M","M","R","E","?","T","R","?","$","E","M","R","BOSS","M","$","M","M","?","R","E","R","T","M","M","M","?","M","R","BOSS"],"build_version":"2019-01-17v2","purchased_purges":0,"victory":false,"max_hp_per_floor":[71,66,66,66,66,66,66,66,66,66,66,66,66,66,66,66,66,66,66,66,66,66,66,66,66,66,66,66,66,66,66,66,66],"card_choices":[{"not_picked":["Barrage","Compile Driver"],"picked":"Melter","floor":1.0},{"not_picked":["Storm","Turbo"],"picked":"White Noise","floor":4.0},{"not_picked":["Hologram","Coolheaded"],"picked":"Streamline","floor":5.0},{"not_picked":["Coolheaded","Heatsinks","Gash"],"picked":"SKIP","floor":7.0},{"not_picked":["Loop","Thunder Strike"],"picked":"Barrage","floor":11.0},{"not_picked":["Barrage","Ball Lightning"],"picked":"Defragment","floor":13.0},{"not_picked":["Double Energy","Steam"],"picked":"Tempest","floor":14.0},{"not_picked":["Meteor Strike","Core Surge"],"picked":"Thunder Strike","floor":16.0},{"not_picked":["Darkness","Beam Cell+1"],"picked":"Genetic Algorithm+1","floor":18.0},{"not_picked":["Turbo","Gash","Redo"],"picked":"SKIP","floor":20.0},{"not_picked":["Rebound","Coolheaded","Redo"],"picked":"SKIP","floor":21.0},{"not_picked":["Lockon","Barrage"],"picked":"Rainbow","floor":24.0},{"not_picked":["Doom and Gloom","Turbo"],"picked":"Conserve Battery","floor":27.0},{"not_picked":["Lockon","Leap","Coolheaded"],"picked":"SKIP","floor":28.0},{"not_picked":["Steam Power","Go for the Eyes","Barrage"],"picked":"SKIP","floor":29.0},{"not_picked":["Doom and Gloom","Go for the Eyes","Beam Cell"],"picked":"SKIP","floor":31.0}],"player_experience":435156,"relics_obtained":[{"floor":3.0,"key":"DataDisk"},{"floor":7.0,"key":"Lantern"},{"floor":9.0,"key":"Bag of Marbles"},{"floor":13.0,"key":"War Paint"},{"floor":24.0,"key":"Orichalcum"},{"floor":26.0,"key":"Du-Vu Doll"}],"event_choices":[{"damage_healed":0.0,"max_hp_gain":0.0,"max_hp_loss":5.0,"gold_gain":0.0,"event_name":"Golden Idol","player_choice":"Lose Max HP","floor":2.0,"gold_loss":0.0,"damage_taken":0.0,"relics_obtained":["Golden Idol"]},{"damage_healed":0.0,"max_hp_gain":0.0,"max_hp_loss":0.0,"gold_gain":0.0,"event_name":"Accursed Blacksmith","player_choice":"Forge","floor":8.0,"gold_loss":0.0,"damage_taken":0.0,"cards_upgraded":["Zap"]},{"damage_healed":0.0,"max_hp_gain":0.0,"max_hp_loss":0.0,"gold_gain":99.0,"event_name":"Nest","player_choice":"Stole From Cult","floor":22.0,"gold_loss":0.0,"damage_taken":0.0},{"damage_healed":0.0,"max_hp_gain":0.0,"max_hp_loss":0.0,"gold_gain":0.0,"event_name":"Back to Basics","player_choice":"Simplicity","floor":30.0,"gold_loss":0.0,"damage_taken":0.0,"cards_upgraded":["Strike_B","Strike_B","Strike_B","Strike_B","Defend_B","Defend_B"]}],"is_beta":false,"boss_relics":[{"not_picked":["Ectoplasm","Tiny House"],"picked":"Inserter"}],"items_purged_floors":[],"is_endless":false,"potions_floor_spawned":[5,7,11,13,14,18,27,29,31],"killed_by":"Champ","ascension_level":14}