{"gold_per_floor":[111,111,129,54,69,69,19,19,44,44,54,54,64,77,77,179,179,189,189,200,232,68,68,94,105,105,5,5],"floor_reached":28,"playtime":1669,"items_purged":["Strike_R","Strike_R"],"score":228,"play_id":"dce29f8c-d3dc-4bd2-b066-5120b637a573","local_time":"20181116200654","is_ascension_mode":false,"campfire_choices":[{"data":"Inflame","floor":6,"key":"SMITH"},{"data":"Cleave","floor":8,"key":"SMITH"},{"data":"Reaper","floor":10,"key":"SMITH"},{"data":"Shrug It Off","floor":12,"key":"SMITH"},{"data":"Clothesline","floor":15,"key":"SMITH"},{"data":"Apotheosis","floor":23,"key":"SMITH"}],"neow_cost":"","seed_source_timestamp":177888728278401,"circlet_count":0,"master_deck":["Strike_R","Strike_R","Defend_R","Defend_R","Defend_R","Defend_R+1","Inflame+1","Reaper+1","Cleave+1","Shrug It Off+1","Clothesline+1","Brutality","Sword Boomerang+1","Armaments+1","Warcry","Apotheosis+1","Rage+1","Battle Trance"],"relics":["Burning Blood","Bag of Marbles","Runic Dome","Red Mask","War Paint","Darkstone Periapt"],"potions_floor_usage":[24],"damage_taken":[{"damage":2,"enemies":"Small Slimes","floor":1,"turns":4},{"damage":12,"enemies":"Cultist","floor":3,"turns":5},{"damage":0,"enemies":"2 Louse","floor":5,"turns":2},{"damage":14,"enemies":"Large Slime","floor":11,"turns":5},{"damage":1,"enemies":"Blue Slaver","floor":13,"turns":2},{"damage":6,"enemies":"Exordium Wildlife","floor":14,"turns":3},{"damage":34,"enemies":"The Guardian","floor":16,"turns":12},{"damage":15,"enemies":"Shell Parasite","floor":18,"turns":6},{"damage":6,"enemies":"Spheric Guardian","floor":20,"turns":4},{"damage":37,"enemies":"Masked Bandits","floor":21,"turns":4},{"damage":29,"enemies":"Book of Stabbing","floor":24,"turns":6},{"damage":7,"enemies":"Shelled Parasite and Fungi","floor":25,"turns":5},{"damage":12,"enemies":"Colosseum Slavers","floor":28,"turns":5},{"damage":89,"enemies":"Colosseum Nobs","floor":28,"turns":4}],"seed_played":"1042840112858202799","potions_obtained":[{"floor":1,"key":"SpeedPotion"},{"floor":3,"key":"FearPotion"},{"floor":11,"key":"Regen Potion"},{"floor":18,"key":"EssenceOfSteel"},{"floor":24,"key":"SkillPotion"}],"is_trial":false,"path_per_floor":["M","?","M","$","M","R","?","R","T","R","M","R","M","M","R","B",null,"M","?","M","?","$","R","E","M","T","$","?"],"character_chosen":"IRONCLAD","items_purchased":["Apotheosis"],"campfire_rested":0,"item_purchase_floors":[22],"current_hp_per_floor":[80,80,74,74,80,80,80,80,80,80,72,72,77,77,77,57,80,76,76,80,50,50,50,49,62,62,62,0],"gold":5,"neow_bonus":"","is_prod":false,"is_daily":false,"chose_seed":false,"campfire_upgraded":6,"win_rate":0.0,"timestamp":1542416814,"path_taken":["M","?","M","?","?","R","?","R","T","R","M","R","M","M","R","BOSS","M","?","M","?","$","R","E","M","T","$","?"],"build_version":"2018-11-15","purchased_purges":2,"victory":false,"max_hp_per_floor":[80,80,80,80,80,80,80,80,80,80,80,80,80,80,80,80,80,80,80,80,80,80,80,80,80,80,80,80],"card_choices":[{"not_picked":["Fire Breathing","Shockwave"],"picked":"Inflame","floor":1},{"not_picked":["True Grit","Searing Blow"],"picked":"Cleave","floor":3},{"not_picked":["Cleave","Intimidate","Clash"],"picked":"SKIP","floor":5},{"not_picked":["Berserk","Flex"],"picked":"Shrug It Off","floor":11},{"not_picked":["Feel No Pain","Thunderclap","Corruption"],"picked":"SKIP","floor":13},{"not_picked":["Twin Strike","Thunderclap"],"picked":"Clothesline","floor":14},{"not_picked":["Impervious","Feed"],"picked":"Brutality","floor":16},{"not_picked":["Body Slam","Combust"],"picked":"Sword Boomerang+1","floor":18},{"not_picked":["Cleave","Clothesline+1"],"picked":"Warcry","floor":20},{"not_picked":["Warcry+1","Anger"],"picked":"Rage+1","floor":24},{"not_picked":["Combust","Hemokinesis+1"],"picked":"Battle Trance","floor":25}],"player_experience":437916,"relics_obtained":[{"floor":9,"key":"Bag of Marbles"},{"floor":21,"key":"Red Mask"},{"floor":24,"key":"War Paint"},{"floor":26,"key":"Darkstone Periapt"}],"event_choices":[{"damage_healed":0,"gold_gain":0,"cards_transformed":["Bash"],"player_choice":"Transformed","damage_taken":0,"max_hp_gain":0,"max_hp_loss":0,"event_name":"Transmorgrifier","floor":2,"gold_loss":0,"cards_obtained":["Reaper"]},{"cards_removed":["Strike_R"],"damage_healed":0,"gold_gain":0,"player_choice":"Card Removal","damage_taken":0,"max_hp_gain":0,"max_hp_loss":0,"event_name":"The Cleric","floor":7,"gold_loss":50},{"damage_healed":0,"gold_gain":0,"player_choice":"Read","damage_taken":0,"max_hp_gain":0,"max_hp_loss":0,"event_name":"The Library","floor":19,"gold_loss":0,"cards_obtained":["Armaments"]},{"damage_healed":0,"gold_gain":0,"player_choice":"Fought Bandits","damage_taken":0,"max_hp_gain":0,"max_hp_loss":0,"event_name":"Masked Bandits","floor":21,"gold_loss":0},{"damage_healed":0,"gold_gain":0,"player_choice":"Fight","damage_taken":0,"max_hp_gain":0,"max_hp_loss":0,"event_name":"Colosseum","floor":28,"gold_loss":0},{"damage_healed":0,"gold_gain":0,"player_choice":"Fought Nobs","damage_taken":0,"max_hp_gain":0,"max_hp_loss":0,"event_name":"Colosseum","floor":28,"gold_loss":0}],"is_beta":false,"boss_relics":[{"not_picked":["Philosopher\u0027s Stone","Velvet Choker"],"picked":"Runic Dome"}],"items_purged_floors":[4,27],"is_endless":false,"potions_floor_spawned":[1,3,11,13,18,24,28],"killed_by":"Colosseum Nobs","ascension_level":0}