{"gold_per_floor":[116,41,58,72,72,72,22,22,49,49,63,98,113,129,129,228,228,241,141,141,153,169,195,195],"floor_reached":24,"playtime":855,"items_purged":["Strike_B","Strike_B"],"score":218,"play_id":"a2005f0b-aa1b-4aa8-bf6e-cb4f3a3e0ee3","local_time":"20190418215221","is_ascension_mode":false,"campfire_choices":[{"data":"Hologram","floor":6.0,"key":"SMITH"},{"data":"Zap","floor":8.0,"key":"SMITH"},{"data":"Streamline","floor":10.0,"key":"SMITH"},{"data":"Reboot","floor":15.0,"key":"SMITH"}],"neow_cost":"NONE","seed_source_timestamp":0,"circlet_count":0,"master_deck":["Strike_B+1","Defend_B","Defend_B","Defend_B+1","Defend_B","Zap+1","Dualcast","Streamline+1","Hologram+1","Hologram","Reboot+1","Core Surge","Gash","Machine Learning","BootSequence+1","Capacitor","Biased Cognition"],"special_seed":0,"relics":["Cracked Core","DataDisk","Sozu","Letter Opener"],"potions_floor_usage":[23],"damage_taken":[{"damage":0.0,"enemies":"2 Louse","floor":1.0,"turns":1.0},{"damage":2.0,"enemies":"Small Slimes","floor":3.0,"turns":3.0},{"damage":3.0,"enemies":"Cultist","floor":4.0,"turns":3.0},{"damage":7.0,"enemies":"Blue Slaver","floor":11.0,"turns":3.0},{"damage":23.0,"enemies":"Lagavulin","floor":12.0,"turns":4.0},{"damage":6.0,"enemies":"2 Fungi Beasts","floor":13.0,"turns":2.0},{"damage":0.0,"enemies":"Red Slaver","floor":14.0,"turns":2.0},{"damage":5.0,"enemies":"Hexaghost","floor":16.0,"turns":6.0},{"damage":2,"enemies":"Chosen","floor":18,"turns":3},{"damage":5,"enemies":"3 Byrds","floor":21,"turns":3},{"damage":1,"enemies":"Centurion and Healer","floor":22,"turns":3},{"damage":64,"enemies":"Gremlin Leader","floor":23,"turns":7},{"damage":10,"enemies":"Shelled Parasite and Fungi","floor":24,"turns":2}],"seed_played":"-6936110426425186704","potions_obtained":[{"floor":3.0,"key":"FearPotion"},{"floor":12.0,"key":"FocusPotion"},{"floor":13.0,"key":"LiquidBronze"},{"floor":16.0,"key":"SneckoOil"}],"is_trial":false,"path_per_floor":["M","$","M","M","?","R","?","R","T","R","M","E","M","M","R","B",null,"M","$","?","M","M","E","M"],"character_chosen":"DEFECT","items_purchased":[],"campfire_rested":0,"item_purchase_floors":[],"current_hp_per_floor":[75,75,73,70,55,55,55,55,55,55,48,25,19,19,19,14,75,73,73,73,68,67,3,0],"gold":195,"neow_bonus":"THREE_CARDS","is_prod":false,"is_daily":false,"chose_seed":false,"campfire_upgraded":4,"win_rate":0,"timestamp":1555595541,"path_taken":["M","$","M","M","?","R","?","R","T","R","M","E","M","M","R","BOSS","M","$","?","?","M","E","M"],"build_version":"2019-01-23","purchased_purges":2,"victory":false,"max_hp_per_floor":[75,75,75,75,75,75,75,75,75,75,75,75,75,75,75,75,75,75,75,75,75,75,75,75],"card_choices":[{"not_picked":["Heatsinks","Sunder"],"picked":"Streamline","floor":0.0},{"not_picked":["Rebound","Steam","Melter"],"picked":"SKIP","floor":1.0},{"not_picked":["Rebound","Streamline"],"picked":"Hologram","floor":3.0},{"not_picked":["Stack","Coolheaded"],"picked":"Hologram","floor":4.0},{"not_picked":["Melter","Rebound"],"picked":"Reboot","floor":11.0},{"not_picked":["Cold Snap","Beam Cell"],"picked":"Core Surge","floor":12.0},{"not_picked":["Storm","Beam Cell","Cold Snap"],"picked":"SKIP","floor":13.0},{"not_picked":["Rebound","Go for the Eyes"],"picked":"Gash","floor":14.0},{"not_picked":["Buffer","Amplify"],"picked":"Machine Learning","floor":16.0},{"not_picked":["Leap","Blizzard","Doom and Gloom"],"picked":"SKIP","floor":18},{"not_picked":["Compile Driver","White Noise"],"picked":"BootSequence+1","floor":21},{"not_picked":["Tempest","Turbo+1"],"picked":"Capacitor","floor":22},{"not_picked":["Steam","Buffer"],"picked":"Biased Cognition","floor":23}],"player_experience":446224,"relics_obtained":[{"floor":12.0,"key":"DataDisk"},{"floor":23,"key":"Letter Opener"}],"event_choices":[{"damage_healed":0.0,"max_hp_gain":0.0,"max_hp_loss":0.0,"gold_gain":0.0,"event_name":"Shining Light","player_choice":"Entered Light","floor":5.0,"gold_loss":0.0,"damage_taken":15.0,"cards_upgraded":["Strike_B","Defend_B"]},{"cards_removed":["Strike_B"],"damage_healed":0.0,"max_hp_gain":0.0,"max_hp_loss":0.0,"gold_gain":0.0,"event_name":"The Cleric","player_choice":"Card Removal","floor":7.0,"gold_loss":50.0,"damage_taken":0.0},{"damage_healed":0,"gold_gain":0,"player_choice":"Got Potions","damage_taken":0,"max_hp_gain":0,"max_hp_loss":0,"event_name":"Lab","floor":20,"gold_loss":0}],"is_beta":false,"boss_relics":[{"not_picked":["Busted Crown","Pandora\u0027s Box"],"picked":"Sozu"}],"items_purged_floors":[2,19],"is_endless":false,"potions_floor_spawned":[3,12,13,16,18,21],"killed_by":"Shelled Parasite and Fungi","ascension_level":0}