{"gold_per_floor":[114,39,39,51,61,61,73,73,373,386,386,397,397,412,412,412],"floor_reached":16,"playtime":561,"items_purged":["Defend_R"],"score":94,"play_id":"1b6b0697-feba-44a5-b7e9-39d1d0a7fa24","local_time":"20180810011943","is_ascension_mode":false,"campfire_choices":[{"data":"Bash","floor":6,"key":"SMITH"},{"data":"Defend_R","floor":8,"key":"SMITH"},{"data":"Strike_R","floor":15,"key":"SMITH"}],"neow_cost":"NONE","seed_source_timestamp":95853855829003,"circlet_count":0,"master_deck":["Strike_R","Strike_R","Strike_R","Strike_R+1","Defend_R","Defend_R","Defend_R+1","Bash+1"],"relics":["Burning Blood","Old Coin","StoneCalendar"],"potions_floor_usage":[7,10,16],"damage_taken":[{"damage":14,"enemies":"2 Louse","floor":1,"turns":3},{"damage":10,"enemies":"Small Slimes","floor":4,"turns":3},{"damage":6,"enemies":"Cultist","floor":5,"turns":3},{"damage":12,"enemies":"Blue Slaver","floor":7,"turns":2},{"damage":11,"enemies":"Exordium Thugs","floor":10,"turns":6},{"damage":10,"enemies":"3 Louse","floor":12,"turns":4},{"damage":7,"enemies":"Blue Slaver","floor":14,"turns":4},{"damage":79,"enemies":"Hexaghost","floor":16,"turns":9}],"seed_played":"937301873008322069","potions_obtained":[{"floor":4,"key":"Poison Potion"},{"floor":5,"key":"AttackPotion"},{"floor":7,"key":"BloodPotion"},{"floor":14,"key":"Weak Potion"}],"is_trial":false,"path_per_floor":["M","$","?","M","M","R","M","R","T","M","?","M","?","M","R"],"character_chosen":"IRONCLAD","items_purchased":[],"campfire_rested":0,"item_purchase_floors":[],"current_hp_per_floor":[72,72,72,68,68,68,62,62,62,57,57,53,79,78,78,0],"gold":412,"neow_bonus":"REMOVE_CARD","is_prod":false,"is_daily":false,"chose_seed":false,"campfire_upgraded":3,"win_rate":0,"timestamp":1533835183,"path_taken":["M","$","?","?","M","R","M","R","T","M","?","M","?","M","R","BOSS"],"build_version":"2018-08-02","purchased_purges":1,"victory":false,"max_hp_per_floor":[80,80,80,80,80,80,80,80,80,80,80,80,80,80,80,80],"card_choices":[{"not_picked":["Shrug It Off","Havoc","True Grit"],"picked":"SKIP","floor":1},{"not_picked":["Wild Strike","Body Slam","Armaments"],"picked":"SKIP","floor":4},{"not_picked":["Rupture","Clash","Body Slam"],"picked":"SKIP","floor":5},{"not_picked":["True Grit","Twin Strike","Infernal Blade"],"picked":"SKIP","floor":7},{"not_picked":["Entrench","Cleave","Flex"],"picked":"SKIP","floor":10},{"not_picked":["Body Slam","Anger","Armaments"],"picked":"SKIP","floor":12},{"not_picked":["Sever Soul","Rupture","Clothesline"],"picked":"SKIP","floor":14}],"player_experience":298939,"relics_obtained":[{"floor":9,"key":"Old Coin"}],"event_choices":[{"event_name":"The Cleric","player_choice":"Leave","floor":3,"damage_taken":0},{"event_name":"WeMeetAgain","player_choice":"Potion","floor":11,"damage_taken":0},{"event_name":"Big Fish","player_choice":"Banana","floor":13,"damage_taken":0}],"is_beta":false,"boss_relics":[],"items_purged_floors":[2],"is_endless":false,"potions_floor_spawned":[4,5,7,14],"killed_by":"Hexaghost","ascension_level":0}