{"gold_per_floor":[209,209,224,6,6,6,30,66,93,136,152,193,211,230,230,230],"floor_reached":16,"playtime":685,"items_purged":[],"score":244,"play_id":"14a066ae-d1d2-4a2f-b3be-7b6d82be2ca8","local_time":"20190329235349","is_ascension_mode":true,"campfire_choices":[{"data":"Loop","floor":6,"key":"SMITH"},{"floor":15,"key":"REST"}],"neow_cost":"NONE","seed_source_timestamp":9053290300387,"circlet_count":0,"master_deck":["AscendersBane","Strike_B","Strike_B","Strike_B","Defend_B","Defend_B","Defend_B","Defend_B","Zap","Dualcast","Loop+1","Injury","Conserve Battery","Capacitor","Rebound","Coolheaded","Sweeping Beam","Coolheaded","Cold Snap","Machine Learning","Go for the Eyes"],"relics":["Cracked Core","Golden Idol","Toolbox","Lantern","Oddly Smooth Stone","Bird Faced Urn","Letter Opener"],"potions_floor_usage":[8,8,11,13],"damage_taken":[{"damage":2,"enemies":"Jaw Worm","floor":1,"turns":4},{"damage":5,"enemies":"Small Slimes","floor":3,"turns":3},{"damage":0,"enemies":"Cultist","floor":7,"turns":3},{"damage":11,"enemies":"Lagavulin","floor":8,"turns":7},{"damage":28,"enemies":"Gremlin Nob","floor":10,"turns":4},{"damage":4,"enemies":"Lots of Slimes","floor":11,"turns":3},{"damage":10,"enemies":"3 Sentries","floor":12,"turns":13},{"damage":9,"enemies":"Exordium Wildlife","floor":13,"turns":6},{"damage":4,"enemies":"Looter","floor":14,"turns":3},{"damage":32,"enemies":"The Guardian","floor":16,"turns":2}],"seed_played":"-6404153080121637330","potions_obtained":[{"floor":3,"key":"SteroidPotion"},{"floor":7,"key":"SteroidPotion"},{"floor":8,"key":"SpeedPotion"},{"floor":11,"key":"GamblersBrew"}],"is_trial":false,"path_per_floor":["M","?","M","$","?","R","M","E","T","E","M","E","M","M","R","B"],"character_chosen":"DEFECT","items_purchased":["Toolbox"],"campfire_rested":1,"item_purchase_floors":[4],"current_hp_per_floor":[62,62,57,57,57,57,57,46,46,18,16,10,5,5,26,0],"gold":230,"neow_bonus":"HUNDRED_GOLD","is_prod":false,"is_daily":false,"chose_seed":false,"campfire_upgraded":1,"win_rate":0,"timestamp":1553921629,"path_taken":["M","?","M","$","?","R","M","E","T","E","M","E","M","M","R","BOSS"],"build_version":"2019-01-23","purchased_purges":0,"victory":false,"max_hp_per_floor":[71,71,71,71,71,71,71,71,71,71,71,71,71,71,71,71],"card_choices":[{"not_picked":["Stack","Steam Power"],"picked":"Loop","floor":1},{"not_picked":["Barrage","Aggregate"],"picked":"Conserve Battery","floor":3},{"not_picked":["Reprogram","Scrape"],"picked":"Rebound","floor":7},{"not_picked":["Darkness","Steam"],"picked":"Coolheaded","floor":8},{"not_picked":["Streamline","Hologram"],"picked":"Sweeping Beam","floor":10},{"not_picked":["Rebound","Turbo"],"picked":"Coolheaded","floor":11},{"not_picked":["Turbo","Leap"],"picked":"Cold Snap","floor":12},{"not_picked":["Leap","Hologram"],"picked":"Machine Learning","floor":13},{"not_picked":["Beam Cell","Aggregate"],"picked":"Go for the Eyes","floor":14}],"player_experience":1194596,"relics_obtained":[{"floor":8,"key":"Lantern"},{"floor":9,"key":"Oddly Smooth Stone"},{"floor":10,"key":"Bird Faced Urn"},{"floor":12,"key":"Letter Opener"}],"event_choices":[{"damage_healed":0,"gold_gain":0,"player_choice":"Take Wound","damage_taken":0,"relics_obtained":["Golden Idol"],"max_hp_gain":0,"max_hp_loss":0,"event_name":"Golden Idol","floor":2,"gold_loss":0,"cards_obtained":["Injury"]},{"damage_healed":0,"gold_gain":0,"cards_transformed":["Strike_B"],"player_choice":"Transformed","damage_taken":0,"max_hp_gain":0,"max_hp_loss":0,"event_name":"Transmorgrifier","floor":5,"gold_loss":0,"cards_obtained":["Capacitor"]}],"is_beta":false,"boss_relics":[],"items_purged_floors":[],"is_endless":false,"potions_floor_spawned":[3,7,8,11],"killed_by":"The Guardian","ascension_level":20}