{"gold_per_floor":[116,116,136,136,136,164,181,181,181,181,192,192,267,95,95,171,171,187,206,206,206,206,206,238,249,249,249],"floor_reached":27,"playtime":930,"items_purged":["Strike_B"],"score":401,"play_id":"c4ee5242-20d6-4459-abeb-9a7415e1caaf","local_time":"20190415185918","is_ascension_mode":true,"campfire_choices":[{"floor":8,"key":"REST"},{"floor":10,"key":"DIG"},{"floor":12,"key":"DIG"},{"floor":15,"key":"DIG"},{"data":"Blind","floor":23,"key":"SMITH"}],"neow_cost":"NONE","seed_source_timestamp":447532238807360,"circlet_count":0,"master_deck":["AscendersBane","Strike_B+1","Strike_B","Strike_B+1","Defend_B","Defend_B","Defend_B","Zap+1","Dualcast","Conserve Battery","Ball Lightning","Reboot","Coolheaded","Loop","Steam","Blind+1","Buffer","Leap","Ghostly","Ghostly","Ghostly","Stack+1"],"relics":["Cracked Core","Shovel","Bronze Scales","Darkstone Periapt","Ginger","Cables","Whetstone","Coffee Dripper","Smiling Mask","DataDisk"],"potions_floor_usage":[6,18,19,24],"damage_taken":[{"damage":7,"enemies":"Jaw Worm","floor":1,"turns":3},{"damage":7,"enemies":"Small Slimes","floor":3,"turns":3},{"damage":18,"enemies":"Lagavulin","floor":6,"turns":5},{"damage":3,"enemies":"2 Louse","floor":7,"turns":2},{"damage":5,"enemies":"2 Fungi Beasts","floor":11,"turns":3},{"damage":17,"enemies":"The Guardian","floor":16,"turns":9},{"damage":6,"enemies":"2 Thieves","floor":18,"turns":4},{"damage":6,"enemies":"3 Byrds","floor":19,"turns":3},{"damage":23,"enemies":"Book of Stabbing","floor":24,"turns":6},{"damage":0,"enemies":"Cultist and Chosen","floor":25,"turns":8},{"damage":17,"enemies":"Snecko","floor":27,"turns":4}],"seed_played":"5108503053920411558","potions_obtained":[{"floor":3,"key":"FearPotion"},{"floor":7,"key":"GamblersBrew"},{"floor":11,"key":"Weak Potion"},{"floor":19,"key":"SpeedPotion"}],"is_trial":false,"path_per_floor":["M","?","M","T","?","E","M","R","T","R","M","R","?","$","R","B",null,"M","M","?","?","?","R","E","M","T","M"],"character_chosen":"DEFECT","items_purchased":["Blind"],"campfire_rested":1,"item_purchase_floors":[14],"current_hp_per_floor":[57,57,50,50,50,32,29,50,50,50,45,45,34,34,34,17,58,52,46,26,26,26,26,3,3,3,0],"gold":249,"neow_bonus":"UPGRADE_CARD","is_prod":false,"is_daily":false,"chose_seed":false,"campfire_upgraded":1,"win_rate":0,"timestamp":1555347558,"path_taken":["M","?","M","?","?","E","M","R","T","R","M","R","?","?","R","BOSS","M","M","?","?","?","R","E","M","T","M"],"build_version":"2019-01-23","purchased_purges":1,"victory":false,"max_hp_per_floor":[71,71,71,71,71,71,71,71,71,71,71,71,71,71,71,71,71,71,71,76,76,38,38,38,38,38,38],"card_choices":[{"not_picked":["Gash","Beam Cell"],"picked":"Conserve Battery","floor":1},{"not_picked":["Loop","Double Energy"],"picked":"Ball Lightning","floor":3},{"not_picked":["Force Field","Conserve Battery"],"picked":"Coolheaded","floor":6},{"not_picked":["Barrage","White Noise"],"picked":"Loop","floor":7},{"not_picked":["Barrage","Static Discharge"],"picked":"Steam","floor":11},{"not_picked":["Amplify","Seek"],"picked":"Buffer","floor":16},{"not_picked":["Hello World","Blizzard"],"picked":"Leap","floor":18},{"not_picked":["Barrage","Steam","Turbo+1"],"picked":"SKIP","floor":19},{"not_picked":["Barrage","Rebound","Steam"],"picked":"SKIP","floor":24},{"not_picked":["Turbo","Melter"],"picked":"Stack+1","floor":25}],"player_experience":634691,"relics_obtained":[{"floor":4,"key":"Shovel"},{"floor":6,"key":"Bronze Scales"},{"floor":9,"key":"Darkstone Periapt"},{"floor":10,"key":"Ginger"},{"floor":12,"key":"Cables"},{"floor":15,"key":"Whetstone"},{"floor":24,"key":"Smiling Mask"},{"floor":26,"key":"DataDisk"}],"event_choices":[{"damage_healed":0,"gold_gain":0,"player_choice":"Ignored","damage_taken":0,"max_hp_gain":0,"max_hp_loss":0,"event_name":"Liars Game","floor":2,"gold_loss":0},{"damage_healed":0,"gold_gain":0,"cards_transformed":["Defend_B"],"player_choice":"Change","damage_taken":0,"max_hp_gain":0,"max_hp_loss":0,"event_name":"Living Wall","floor":5,"gold_loss":0,"cards_obtained":["Reboot"]},{"damage_healed":0,"gold_gain":75,"player_choice":"Gather Gold","damage_taken":11,"max_hp_gain":0,"max_hp_loss":0,"event_name":"World of Goop","floor":13,"gold_loss":0},{"damage_healed":0,"gold_gain":0,"player_choice":"Shed Blood","damage_taken":25,"max_hp_gain":5,"max_hp_loss":0,"event_name":"Forgotten Altar","floor":20,"gold_loss":0},{"damage_healed":0,"gold_gain":0,"player_choice":"Ignored","damage_taken":0,"max_hp_gain":0,"max_hp_loss":0,"event_name":"The Mausoleum","floor":21,"gold_loss":0},{"damage_healed":0,"gold_gain":0,"player_choice":"Became a Ghost","damage_taken":0,"max_hp_gain":0,"max_hp_loss":38,"event_name":"Ghosts","floor":22,"gold_loss":0,"cards_obtained":["Ghostly","Ghostly","Ghostly"]}],"is_beta":false,"boss_relics":[{"not_picked":["Runic Pyramid","Ectoplasm"],"picked":"Coffee Dripper"}],"items_purged_floors":[14],"is_endless":false,"potions_floor_spawned":[3,7,11,19],"killed_by":"Snecko","ascension_level":15}