{"gold_per_floor":[13,13,13,13,26,26,26,26,99,99,128,140,140,150,150,247,247,262,276,276,276,43,43,55,55,79,104,104,29,29,29,29,129,129,145,145,162,0,0,0,20,20,44,61,21,32,132,151,151,151],"floor_reached":51,"playtime":2489,"items_purged":[],"score":839,"play_id":"c077e1df-8464-412f-8fe9-561f73480e47","local_time":"20181231223304","is_ascension_mode":true,"campfire_choices":[{"data":"Zap","floor":6.0,"key":"SMITH"},{"data":"Dualcast","floor":8.0,"key":"SMITH"},{"data":"Chaos","floor":15.0,"key":"SMITH"},{"data":"Consume","floor":23.0,"key":"SMITH"},{"floor":28,"key":"REST"},{"floor":30,"key":"REST"},{"data":"Thunder Strike","floor":32,"key":"SMITH"},{"data":"Hologram","floor":40,"key":"SMITH"},{"data":"Defend_B","floor":42,"key":"SMITH"},{"floor":49,"key":"REST"}],"neow_cost":"NO_GOLD","seed_source_timestamp":508605235169215,"circlet_count":0,"master_deck":["Strike_B+1","Defend_B","Defend_B","Defend_B+1","Zap+1","Dualcast+1","Hologram+1","Hello World","Ball Lightning+1","Chaos+1","BootSequence","Thunder Strike+1","Barrage+1","Consume+1","Self Repair","Reinforced Body+1","Amplify","Undo+1","Barrage+1","Leap+1","Sweeping Beam+1","Coolheaded"],"special_seed":0,"relics":["Cracked Core","Turnip","The Courier","Bottled Tornado","Blue Candle","Inserter","Bag of Preparation","PreservedInsect","Symbiotic Virus","Philosopher\u0027s Stone","Red Mask","Omamori","Torii"],"potions_floor_usage":[27,27,27,50,50,50],"damage_taken":[{"damage":2.0,"enemies":"Small Slimes","floor":1.0,"turns":3.0},{"damage":4.0,"enemies":"Jaw Worm","floor":5.0,"turns":3.0},{"damage":1.0,"enemies":"3 Sentries","floor":11.0,"turns":6.0},{"damage":0.0,"enemies":"Cultist","floor":12.0,"turns":2.0},{"damage":3.0,"enemies":"3 Louse","floor":14.0,"turns":2.0},{"damage":13.0,"enemies":"The Guardian","floor":16.0,"turns":9.0},{"damage":0.0,"enemies":"Chosen","floor":18.0,"turns":4.0},{"damage":10.0,"enemies":"2 Thieves","floor":19.0,"turns":3.0},{"damage":24.0,"enemies":"Colosseum Slavers","floor":20.0,"turns":4.0},{"damage":19.0,"enemies":"Sentry and Sphere","floor":24.0,"turns":4.0},{"damage":15,"enemies":"Slavers","floor":27,"turns":4},{"damage":55,"enemies":"Collector","floor":33,"turns":11},{"damage":2,"enemies":"3 Shapes","floor":35,"turns":7},{"damage":14,"enemies":"3 Darklings","floor":37,"turns":6},{"damage":5,"enemies":"Maw","floor":41,"turns":7},{"damage":5,"enemies":"Spire Growth","floor":44,"turns":5},{"damage":36,"enemies":"Writhing Mass","floor":46,"turns":5},{"damage":0,"enemies":"Mind Bloom Boss Battle","floor":47,"turns":4},{"damage":26,"enemies":"Jaw Worm Horde","floor":48,"turns":4},{"damage":38,"enemies":"Awakened One","floor":50,"turns":12}],"seed_played":"4632457109708829469","potions_obtained":[{"floor":1.0,"key":"Block Potion"},{"floor":5.0,"key":"SkillPotion"},{"floor":14.0,"key":"Ancient Potion"},{"floor":16.0,"key":"Strength Potion"},{"floor":33,"key":"Energy Potion"},{"floor":37,"key":"LiquidBronze"},{"floor":41,"key":"Strength Potion"}],"is_trial":false,"path_per_floor":["M","?","?","$","M","R","?","R","T","T","E","M","?","M","R","B",null,"M","M","?","?","$","R","M","?","T","E","R","?","R","$","R","B",null,"M","?","M","?","$","R","M","R","T","M","$","M","?","M","R","B",null],"character_chosen":"DEFECT","items_purchased":["Consume","Bag of Preparation","Self Repair","Dexterity Potion"],"campfire_rested":3,"item_purchase_floors":[22,22,22,45],"current_hp_per_floor":[73,66,66,66,62,62,67,67,67,67,66,66,50,47,47,34,69,69,59,35,35,35,35,16,16,16,8,32,32,56,56,56,8,62,74,74,67,67,67,67,69,69,69,78,78,49,56,30,54,30],"gold":151,"neow_bonus":"ONE_RARE_RELIC","is_prod":false,"is_daily":false,"chose_seed":false,"campfire_upgraded":7,"win_rate":0,"timestamp":1546263184,"path_taken":["M","?","?","$","?","R","?","R","T","?","E","M","?","M","R","BOSS","M","M","?","?","$","R","?","?","T","E","R","?","R","?","R","BOSS","M","?","M","?","?","R","?","R","T","M","$","M","?","M","R","BOSS"],"build_version":"2018-12-20","purchased_purges":0,"victory":true,"max_hp_per_floor":[75,75,75,75,75,75,80,80,80,80,80,80,80,80,80,80,80,80,80,80,80,80,80,80,80,80,80,80,80,80,80,80,80,80,80,80,80,80,80,80,80,80,80,80,80,80,80,80,80,80],"card_choices":[{"not_picked":["Sunder","Go for the Eyes"],"picked":"Hologram","floor":1.0},{"not_picked":["Double Energy","Compile Driver"],"picked":"Ball Lightning","floor":5.0},{"not_picked":["Cold Snap","Steam"],"picked":"Chaos","floor":11.0},{"not_picked":["Aggregate","Sunder","Machine Learning"],"picked":"SKIP","floor":12.0},{"not_picked":["Compile Driver","Steam"],"picked":"BootSequence","floor":14.0},{"not_picked":["Creative AI","All For One"],"picked":"Thunder Strike","floor":16.0},{"not_picked":["Chill","Sweeping Beam","Gash"],"picked":"SKIP","floor":18.0},{"not_picked":["Rebound","Redo"],"picked":"Barrage+1","floor":19.0},{"not_picked":["Hologram","Sweeping Beam+1","Redo"],"picked":"SKIP","floor":24.0},{"not_picked":["Redo","Leap"],"picked":"Reinforced Body+1","floor":27},{"not_picked":["Core Surge","Multi-Cast"],"picked":"Amplify","floor":33},{"not_picked":["Steam Power+1","Conserve Battery"],"picked":"Undo+1","floor":35},{"not_picked":["Coolheaded","Rebound+1"],"picked":"Barrage+1","floor":37},{"not_picked":["FTL+1","Streamline"],"picked":"Leap+1","floor":41},{"not_picked":["Biased Cognition","Beam Cell","Steam+1"],"picked":"SKIP","floor":44},{"not_picked":["Steam","Melter+1"],"picked":"Sweeping Beam+1","floor":46},{"not_picked":["Darkness","Redo"],"picked":"Coolheaded","floor":47},{"not_picked":["Turbo+1","Reprogram+1","Compile Driver+1"],"picked":"SKIP","floor":48}],"player_experience":291065,"relics_obtained":[{"floor":9.0,"key":"The Courier"},{"floor":10.0,"key":"Bottled Tornado"},{"floor":11.0,"key":"Blue Candle"},{"floor":26.0,"key":"PreservedInsect"},{"floor":27,"key":"Symbiotic Virus"},{"floor":43,"key":"Omamori"},{"floor":47,"key":"Torii"}],"event_choices":[{"cards_removed":["Strike_B"],"damage_healed":0.0,"max_hp_gain":0.0,"max_hp_loss":0.0,"gold_gain":0.0,"event_name":"Golden Wing","player_choice":"Card Removal","floor":2.0,"gold_loss":0.0,"damage_taken":7.0},{"damage_healed":0.0,"max_hp_gain":0.0,"max_hp_loss":0.0,"gold_gain":0.0,"cards_transformed":["Defend_B"],"event_name":"Transmorgrifier","player_choice":"Transformed","floor":3.0,"gold_loss":0.0,"damage_taken":0.0,"cards_obtained":["Hello World"]},{"damage_healed":0.0,"max_hp_gain":5.0,"max_hp_loss":0.0,"gold_gain":0.0,"event_name":"Big Fish","player_choice":"Donut","floor":7.0,"gold_loss":0.0,"damage_taken":0.0},{"damage_healed":0.0,"max_hp_gain":0.0,"max_hp_loss":0.0,"gold_gain":0.0,"event_name":"Shining Light","player_choice":"Entered Light","floor":13.0,"gold_loss":0.0,"damage_taken":16.0,"cards_upgraded":["Ball Lightning","Strike_B"]},{"damage_healed":0.0,"max_hp_gain":0.0,"max_hp_loss":0.0,"gold_gain":0.0,"event_name":"Colosseum","player_choice":"Fight","floor":20.0,"gold_loss":0.0,"damage_taken":0.0},{"damage_healed":0.0,"max_hp_gain":0.0,"max_hp_loss":0.0,"gold_gain":0.0,"event_name":"Colosseum","player_choice":"Fled From Nobs","floor":20.0,"gold_loss":0.0,"damage_taken":0.0},{"cards_removed":["Strike_B"],"damage_healed":0.0,"max_hp_gain":0.0,"max_hp_loss":0.0,"gold_gain":0.0,"event_name":"Purifier","player_choice":"Purged","floor":21.0,"gold_loss":0.0,"damage_taken":0.0},{"damage_healed":0.0,"max_hp_gain":0.0,"max_hp_loss":0.0,"gold_gain":0.0,"event_name":"The Mausoleum","player_choice":"Ignored","floor":25.0,"gold_loss":0.0,"damage_taken":0.0},{"cards_removed":["Strike_B"],"damage_healed":0,"gold_gain":0,"player_choice":"Gave Gold","damage_taken":0,"max_hp_gain":0,"max_hp_loss":0,"event_name":"Beggar","floor":29,"gold_loss":75},{"damage_healed":0,"gold_gain":0,"player_choice":"Ignored","damage_taken":0,"max_hp_gain":0,"max_hp_loss":0,"event_name":"Mysterious Sphere","floor":36,"gold_loss":0},{"damage_healed":0,"gold_gain":0,"player_choice":"Paid","damage_taken":0,"relics_obtained":["Red Mask"],"max_hp_gain":0,"max_hp_loss":0,"event_name":"Tomb of Lord Red Mask","floor":38,"gold_loss":162},{"damage_healed":0,"gold_gain":0,"player_choice":"Fight","damage_taken":0,"max_hp_gain":0,"max_hp_loss":0,"event_name":"MindBloom","floor":47,"gold_loss":0}],"is_beta":false,"boss_relics":[{"not_picked":["Lizard Tail","Runic Dome"],"picked":"Inserter"},{"not_picked":["Coffee Dripper","Calling Bell"],"picked":"Philosopher\u0027s Stone"}],"items_purged_floors":[],"is_endless":false,"potions_floor_spawned":[1,5,14,16,19,24,33,37,41],"ascension_level":5}