{"gold_per_floor":[114,128,138,150,150,150,163,176,176,205,231,241,241,191,191,287,287,298,223,233,233,251,251,270,270],"floor_reached":25,"playtime":997,"items_purged":[],"score":371,"play_id":"2855f20b-0017-4505-9fba-c6f3bbe7291a","local_time":"20190412021034","is_ascension_mode":true,"campfire_choices":[{"data":"Zap","floor":6,"key":"SMITH"},{"data":"Dualcast","floor":13,"key":"SMITH"},{"data":"Go for the Eyes","floor":15,"key":"SMITH"},{"floor":23,"key":"REST"}],"neow_cost":"TEN_PERCENT_HP_LOSS","seed_source_timestamp":127735711025280,"circlet_count":0,"master_deck":["AscendersBane","Strike_B","Strike_B","Defend_B","Defend_B","Defend_B","Defend_B","Zap+1","Dualcast+1","All For One","Ball Lightning","Hologram","Beam Cell","White Noise","Go for the Eyes+1","Chill","Streamline","Turbo+1","All For One","Redo+1","Gash+1","Hologram+1","Hologram+1"],"relics":["Cracked Core","Mercury Hourglass","Shuriken","Toxic Egg 2","Art of War","Cursed Key","Enchiridion"],"potions_floor_usage":[10,10,16,20,25],"damage_taken":[{"damage":1,"enemies":"Cultist","floor":1,"turns":3},{"damage":2,"enemies":"Jaw Worm","floor":2,"turns":3},{"damage":0,"enemies":"2 Louse","floor":3,"turns":2},{"damage":8,"enemies":"Blue Slaver","floor":4,"turns":2},{"damage":14,"enemies":"Exordium Wildlife","floor":7,"turns":3},{"damage":0,"enemies":"3 Louse","floor":8,"turns":2},{"damage":0,"enemies":"Lagavulin","floor":10,"turns":4},{"damage":1,"enemies":"Gremlin Gang","floor":12,"turns":3},{"damage":21,"enemies":"Hexaghost","floor":16,"turns":8},{"damage":0,"enemies":"Chosen","floor":18,"turns":3},{"damage":8,"enemies":"Shell Parasite","floor":20,"turns":4},{"damage":3,"enemies":"Snecko","floor":22,"turns":4},{"damage":18,"enemies":"Snake Plant","floor":24,"turns":3},{"damage":32,"enemies":"Gremlin Leader","floor":25,"turns":4}],"seed_played":"-8159911617691166794","potions_obtained":[{"floor":1,"key":"Poison Potion"},{"floor":7,"key":"AttackPotion"},{"floor":10,"key":"Poison Potion"},{"floor":12,"key":"Weak Potion"},{"floor":24,"key":"Fire Potion"}],"is_trial":false,"path_per_floor":["M","M","M","M","T","R","M","M","T","E","T","M","R","?","R","B",null,"M","?","M","?","M","R","M","E"],"character_chosen":"DEFECT","items_purchased":[],"campfire_rested":1,"item_purchase_floors":[],"current_hp_per_floor":[67,65,65,57,57,57,43,43,43,43,43,42,42,42,42,21,56,56,56,48,32,29,49,31,0],"gold":270,"neow_bonus":"THREE_RARE_CARDS","is_prod":false,"is_daily":false,"chose_seed":false,"campfire_upgraded":3,"win_rate":0,"timestamp":1555027834,"path_taken":["M","M","M","M","?","R","?","M","T","E","?","M","R","?","R","BOSS","M","?","M","?","M","R","M","E"],"build_version":"2019-01-23","purchased_purges":0,"victory":false,"max_hp_per_floor":[68,68,68,68,68,68,68,68,68,68,68,68,68,68,68,68,68,68,68,68,68,68,68,68,68],"card_choices":[{"not_picked":["Buffer","Echo Form"],"picked":"All For One","floor":0},{"not_picked":["Self Repair","Force Field"],"picked":"Ball Lightning","floor":1},{"not_picked":["Conserve Battery","Tempest"],"picked":"Hologram","floor":2},{"not_picked":["Barrage","Sweeping Beam"],"picked":"Beam Cell","floor":3},{"not_picked":["Storm","Sweeping Beam"],"picked":"White Noise","floor":4},{"not_picked":["Redo","Darkness"],"picked":"Go for the Eyes","floor":7},{"not_picked":["Rebound","Self Repair"],"picked":"Chill","floor":8},{"not_picked":["Meteor Strike","Genetic Algorithm"],"picked":"Streamline","floor":10},{"not_picked":["Melter","Stack+1"],"picked":"Turbo+1","floor":12},{"not_picked":["Reboot+1","Buffer"],"picked":"All For One","floor":16},{"not_picked":["Sweeping Beam","Turbo+1"],"picked":"Redo+1","floor":18},{"not_picked":["Conserve Battery+1","Go for the Eyes"],"picked":"Gash+1","floor":20},{"not_picked":["Streamline","Multi-Cast+1"],"picked":"Hologram+1","floor":22},{"not_picked":["Stack+1","Rebound"],"picked":"Hologram+1","floor":24}],"player_experience":543688,"relics_obtained":[{"floor":5,"key":"Mercury Hourglass"},{"floor":9,"key":"Shuriken"},{"floor":10,"key":"Toxic Egg 2"},{"floor":11,"key":"Art of War"},{"floor":21,"key":"Enchiridion"}],"event_choices":[{"cards_removed":["Strike_B"],"damage_healed":0,"gold_gain":0,"player_choice":"Card Removal","damage_taken":0,"max_hp_gain":0,"max_hp_loss":0,"event_name":"The Cleric","floor":14,"gold_loss":50},{"cards_removed":["Strike_B"],"damage_healed":0,"gold_gain":0,"player_choice":"Gave Gold","damage_taken":0,"max_hp_gain":0,"max_hp_loss":0,"event_name":"Beggar","floor":19,"gold_loss":75},{"damage_healed":0,"gold_gain":0,"player_choice":"Obtained Book","damage_taken":16,"max_hp_gain":0,"max_hp_loss":0,"event_name":"Cursed Tome","floor":21,"gold_loss":0}],"is_beta":false,"boss_relics":[{"not_picked":["Black Star","Velvet Choker"],"picked":"Cursed Key"}],"items_purged_floors":[],"is_endless":false,"potions_floor_spawned":[1,7,10,12,24],"killed_by":"Gremlin Leader","ascension_level":12}