{"gold_per_floor":[115,26,26,26,26,100,119,119,119,135,178,24,24,47,47,145,145,161,161,61,79,113,113,134,59,59,80,50,89,110,124,124,124],"floor_reached":33,"playtime":1852,"items_purged":["Regret","Pain"],"score":683,"play_id":"e2ad315b-f624-42b5-9402-8c8b647ab6f7","local_time":"20190409200410","is_ascension_mode":true,"campfire_choices":[{"data":"Hologram","floor":8.0,"key":"SMITH"},{"floor":15.0,"key":"REST"},{"data":"Zap","floor":23.0,"key":"SMITH"},{"floor":32.0,"key":"REST"}],"neow_cost":"NONE","seed_source_timestamp":850756470368200,"circlet_count":0,"master_deck":["AscendersBane","Strike_B","Strike_B","Strike_B","Strike_B","Defend_B","Defend_B","Defend_B","Defend_B","Zap+1","Dualcast","Hologram+1","FTL","Chill","Leap","Go for the Eyes","Rebound","All For One","Beam Cell","Hologram+1","Beam Cell","Steam Power","Tempest","Chill","Fission","Leap+1"],"special_seed":0,"relics":["Cracked Core","NeowsBlessing","Golden Idol","Centennial Puzzle","Bag of Preparation","Tiny Chest","Ice Cream","Vajra","WarpedTongs","Runic Dome","Pear","Red Mask","DataDisk","Oddly Smooth Stone"],"potions_floor_usage":[33],"damage_taken":[{"damage":0.0,"enemies":"Small Slimes","floor":1.0,"turns":1.0},{"damage":0.0,"enemies":"Gremlin Nob","floor":6.0,"turns":1.0},{"damage":0.0,"enemies":"2 Louse","floor":7.0,"turns":1.0},{"damage":5.0,"enemies":"Jaw Worm","floor":10.0,"turns":4.0},{"damage":39.0,"enemies":"3 Sentries","floor":11.0,"turns":12.0},{"damage":0.0,"enemies":"3 Louse","floor":14.0,"turns":4.0},{"damage":40.0,"enemies":"Slime Boss","floor":16.0,"turns":11.0},{"damage":19.0,"enemies":"Shell Parasite","floor":18.0,"turns":4.0},{"damage":2.0,"enemies":"2 Thieves","floor":21.0,"turns":2.0},{"damage":11.0,"enemies":"Masked Bandits","floor":22.0,"turns":3.0},{"damage":19.0,"enemies":"Sentry and Sphere","floor":24.0,"turns":5.0},{"damage":10.0,"enemies":"Chosen and Byrds","floor":27.0,"turns":6.0},{"damage":0.0,"enemies":"Gremlin Leader","floor":29.0,"turns":3.0},{"damage":0.0,"enemies":"Snake Plant","floor":30.0,"turns":3.0},{"damage":0.0,"enemies":"Centurion and Healer","floor":31.0,"turns":4.0},{"damage":38,"enemies":"Collector","floor":33,"turns":8}],"seed_played":"6427727626981724425","potions_obtained":[{"floor":10.0,"key":"EssenceOfSteel"},{"floor":14.0,"key":"Regen Potion"},{"floor":21.0,"key":"Explosive Potion"},{"floor":22.0,"key":"LiquidBronze"},{"floor":28.0,"key":"FocusPotion"},{"floor":28.0,"key":"SpeedPotion"},{"floor":30.0,"key":"Fruit Juice"},{"floor":31.0,"key":"Weak Potion"}],"is_trial":false,"path_per_floor":["M","$","?","?","?","E","M","R","T","M","E","$","?","M","R","B",null,"M","T","$","M","?","R","M","?","T","M","?","E","M","M","R","B"],"character_chosen":"DEFECT","items_purchased":["FTL","FocusPotion"],"campfire_rested":2,"item_purchase_floors":[2,12],"current_hp_per_floor":[64,64,64,53,53,53,53,53,53,48,9,9,9,9,30,5,55,36,46,46,44,33,33,14,14,14,4,4,4,4,9,34,0],"gold":124,"neow_bonus":"THREE_ENEMY_KILL","is_prod":false,"is_daily":false,"chose_seed":false,"campfire_upgraded":2,"win_rate":0,"timestamp":1554833050,"path_taken":["M","$","?","?","?","E","M","R","T","?","E","$","?","M","R","BOSS","M","?","$","M","?","R","M","?","T","M","?","E","?","M","R","BOSS"],"build_version":"2019-01-23","purchased_purges":2,"victory":false,"max_hp_per_floor":[71,71,71,71,71,71,71,71,71,71,71,71,71,71,71,71,71,71,81,81,81,81,81,81,81,81,81,81,81,81,86,86,86],"card_choices":[{"not_picked":["Stack","Rip and Tear"],"picked":"Hologram","floor":1.0},{"not_picked":["Reprogram","Hello World"],"picked":"Chill","floor":6.0},{"not_picked":["Go for the Eyes","Cold Snap"],"picked":"Leap","floor":7.0},{"not_picked":["Stack","Hello World"],"picked":"Go for the Eyes","floor":10.0},{"not_picked":["Melter","All For One"],"picked":"Rebound","floor":11.0},{"not_picked":["Cold Snap","Sweeping Beam","Blizzard"],"picked":"SKIP","floor":14.0},{"not_picked":["Biased Cognition","Thunder Strike"],"picked":"All For One","floor":16.0},{"not_picked":["Rebound","Steam Power"],"picked":"Beam Cell","floor":18.0},{"not_picked":["Force Field","Compile Driver"],"picked":"Hologram+1","floor":21.0},{"not_picked":["Stack","Sunder"],"picked":"Beam Cell","floor":22.0},{"not_picked":["Rebound","Hologram"],"picked":"Steam Power","floor":24.0},{"not_picked":["Turbo","Force Field"],"picked":"Tempest","floor":27.0},{"not_picked":["Hologram","Melter"],"picked":"Chill","floor":29.0},{"not_picked":["Rip and Tear","Turbo"],"picked":"Fission","floor":30.0},{"not_picked":["Beam Cell","Genetic Algorithm"],"picked":"Leap+1","floor":31.0}],"player_experience":521849,"relics_obtained":[{"floor":6.0,"key":"Tiny Chest"},{"floor":9.0,"key":"Ice Cream"},{"floor":11.0,"key":"Vajra"},{"floor":19.0,"key":"Pear"},{"floor":22.0,"key":"Red Mask"},{"floor":26.0,"key":"DataDisk"},{"floor":29.0,"key":"Oddly Smooth Stone"}],"event_choices":[{"damage_healed":0.0,"max_hp_gain":0.0,"max_hp_loss":0.0,"gold_gain":0.0,"event_name":"Golden Idol","player_choice":"Take Wound","floor":3.0,"gold_loss":0.0,"damage_taken":0.0,"relics_obtained":["Golden Idol"],"cards_obtained":["Injury"]},{"damage_healed":0.0,"max_hp_gain":0.0,"max_hp_loss":0.0,"gold_gain":0.0,"event_name":"Scrap Ooze","player_choice":"Success","floor":4.0,"gold_loss":0.0,"damage_taken":11.0,"relics_obtained":["Centennial Puzzle"]},{"damage_healed":0.0,"max_hp_gain":0.0,"max_hp_loss":0.0,"gold_gain":0.0,"event_name":"Big Fish","player_choice":"Box","floor":5.0,"gold_loss":0.0,"damage_taken":0.0,"relics_obtained":["Bag of Preparation"],"cards_obtained":["Regret"]},{"damage_healed":0.0,"max_hp_gain":0.0,"max_hp_loss":0.0,"gold_gain":0.0,"event_name":"Accursed Blacksmith","player_choice":"Rummage","floor":13.0,"gold_loss":0.0,"damage_taken":0.0,"relics_obtained":["WarpedTongs"],"cards_obtained":["Pain"]},{"damage_healed":0.0,"max_hp_gain":0.0,"max_hp_loss":0.0,"gold_gain":0.0,"event_name":"Masked Bandits","player_choice":"Fought Bandits","floor":22.0,"gold_loss":0.0,"damage_taken":0.0},{"cards_removed":["Injury"],"damage_healed":0.0,"max_hp_gain":0.0,"max_hp_loss":0.0,"gold_gain":0.0,"event_name":"Beggar","player_choice":"Gave Gold","floor":25.0,"gold_loss":75.0,"damage_taken":0.0},{"damage_healed":0.0,"max_hp_gain":0.0,"max_hp_loss":0.0,"gold_gain":0.0,"event_name":"The Woman in Blue","player_choice":"Bought 2 Potions","floor":28.0,"gold_loss":0.0,"damage_taken":0.0}],"is_beta":false,"boss_relics":[{"not_picked":["Orrery","Snecko Eye"],"picked":"Runic Dome"}],"items_purged_floors":[12,20],"is_endless":false,"potions_floor_spawned":[10,14,21,22,30,31],"killed_by":"Collector","ascension_level":19}