{"gold_per_floor":[109,125,125,136,150,150,177,177,177,177,10,22,22,55,55,55],"floor_reached":16,"playtime":667,"items_purged":[],"score":220,"play_id":"7fe2d22a-c21c-41d0-b93a-0697f364360a","local_time":"20190429141646","is_ascension_mode":true,"campfire_choices":[{"floor":6,"key":"REST"},{"floor":10,"key":"REST"},{"data":"Terror","floor":13,"key":"SMITH"},{"data":"Bane","floor":15,"key":"SMITH"}],"neow_cost":"NONE","seed_source_timestamp":33085464213300,"circlet_count":0,"master_deck":["AscendersBane","Defend_G","Defend_G","Defend_G","Defend_G","Defend_G","Strike_G","Strike_G","Strike_G","Strike_G","Strike_G","Survivor","Neutralize","Quick Slash","Terror+1","Deadly Poison","Sucker Punch","Backflip","Bane+1","Dagger Spray","Glass Knife"],"relics":["Ring of the Snake","Bag of Preparation","Regal Pillow","WingedGreaves","Matryoshka","Nunchaku"],"potions_floor_usage":[7,16,16],"damage_taken":[{"damage":0,"enemies":"2 Louse","floor":1,"turns":5},{"damage":16,"enemies":"Jaw Worm","floor":2,"turns":6},{"damage":3,"enemies":"Small Slimes","floor":4,"turns":4},{"damage":0,"enemies":"Looter","floor":5,"turns":4},{"damage":51,"enemies":"Gremlin Nob","floor":7,"turns":5},{"damage":0,"enemies":"Exordium Wildlife","floor":12,"turns":3},{"damage":15,"enemies":"Lagavulin","floor":14,"turns":6},{"damage":41,"enemies":"Slime Boss","floor":16,"turns":6}],"seed_played":"2588770969894520475","potions_obtained":[{"floor":5,"key":"Swift Potion"},{"floor":12,"key":"Dexterity Potion"}],"is_trial":false,"path_per_floor":["M","M","?","M","M","R","E","?","T","R","$","M","R","E","R","B"],"character_chosen":"THE_SILENT","items_purchased":["Backflip","Bane","Energy Potion"],"campfire_rested":2,"item_purchase_floors":[11,11,11],"current_hp_per_floor":[59,43,25,22,22,56,5,5,5,39,39,39,39,24,24,0],"gold":55,"neow_bonus":"RANDOM_COMMON_RELIC","is_prod":false,"is_daily":false,"chose_seed":false,"campfire_upgraded":2,"win_rate":0,"timestamp":1556515006,"path_taken":["M","M","?","M","M","R","E","?","T","R","$","M","R","E","R","BOSS"],"build_version":"2019-01-23","purchased_purges":0,"victory":false,"max_hp_per_floor":[66,66,66,66,66,66,66,66,66,66,66,66,66,66,66,66],"card_choices":[{"not_picked":["Backflip","Bane"],"picked":"Quick Slash","floor":1},{"not_picked":["Cloak And Dagger","Outmaneuver"],"picked":"Terror","floor":2},{"not_picked":["Escape Plan","Prepared"],"picked":"Deadly Poison","floor":4},{"not_picked":["Concentrate","Accuracy","Outmaneuver"],"picked":"SKIP","floor":5},{"not_picked":["Deadly Poison","Deflect"],"picked":"Sucker Punch","floor":7},{"not_picked":["Infinite Blades","Dodge and Roll"],"picked":"Dagger Spray","floor":12},{"not_picked":["Blade Dance","Sucker Punch"],"picked":"Glass Knife","floor":14}],"player_experience":1145185,"relics_obtained":[{"floor":7,"key":"WingedGreaves"},{"floor":9,"key":"Matryoshka"},{"floor":14,"key":"Nunchaku"}],"event_choices":[{"damage_healed":0,"gold_gain":0,"player_choice":"Success","damage_taken":18,"relics_obtained":["Regal Pillow"],"max_hp_gain":0,"max_hp_loss":0,"event_name":"Scrap Ooze","floor":3,"gold_loss":0},{"damage_healed":0,"gold_gain":0,"player_choice":"Searched \u00270\u0027 times","damage_taken":0,"max_hp_gain":0,"max_hp_loss":0,"event_name":"Dead Adventurer","floor":8,"gold_loss":0}],"is_beta":false,"boss_relics":[],"items_purged_floors":[],"is_endless":false,"potions_floor_spawned":[5,12],"killed_by":"Slime Boss","ascension_level":20}