{"gold_per_floor":[215,227,44,60,78,78,111,111,189,189,208,224,224,32,32,106,106,106,106,106,106,106,106,106,106,106,106,106,6,6,6,6,6],"floor_reached":33,"playtime":1869,"items_purged":["Strike_R","Pain"],"score":570,"play_id":"d12485e7-1457-4d75-8516-7df8b461b0c9","local_time":"20190421194529","is_ascension_mode":true,"campfire_choices":[{"data":"Bash","floor":6,"key":"SMITH"},{"data":"Whirlwind","floor":8,"key":"SMITH"},{"floor":10,"key":"REST"},{"data":"Uppercut","floor":15,"key":"SMITH"},{"data":"True Grit","floor":23,"key":"SMITH"},{"floor":25,"key":"REST"},{"floor":30,"key":"REST"},{"floor":32,"key":"REST"}],"neow_cost":"NONE","seed_source_timestamp":212829766251450,"circlet_count":0,"master_deck":["AscendersBane","Strike_R","Strike_R","Strike_R","Defend_R","Defend_R","Defend_R","Defend_R","Bash+1","Whirlwind+1","Double Tap","Headbutt","Shrug It Off","Disarm","Uppercut+1","Clothesline","Spot Weakness","Feel No Pain","Limit Break","Flame Barrier","True Grit+1","Heavy Blade","Ghostly Armor"],"relics":["Burning Blood","Gambling Chip","Letter Opener","Ectoplasm","WarpedTongs","MawBank","Mummified Hand","Art of War"],"potions_floor_usage":[5,11,16,24,24,24,24,27,33,33],"damage_taken":[{"damage":2,"enemies":"Cultist","floor":1,"turns":4},{"damage":9,"enemies":"2 Louse","floor":2,"turns":2},{"damage":14,"enemies":"Jaw Worm","floor":4,"turns":4},{"damage":0,"enemies":"Gremlin Gang","floor":5,"turns":3},{"damage":58,"enemies":"Lagavulin","floor":7,"turns":7},{"damage":2,"enemies":"Blue Slaver","floor":11,"turns":5},{"damage":2,"enemies":"Red Slaver","floor":12,"turns":3},{"damage":28,"enemies":"Slime Boss","floor":16,"turns":6},{"damage":0,"enemies":"3 Byrds","floor":18,"turns":5},{"damage":2,"enemies":"Chosen","floor":20,"turns":4},{"damage":29,"enemies":"Shelled Parasite and Fungi","floor":22,"turns":5},{"damage":37,"enemies":"Book of Stabbing","floor":24,"turns":6},{"damage":6,"enemies":"Centurion and Healer","floor":27,"turns":8},{"damage":34,"enemies":"Gremlin Leader","floor":28,"turns":6},{"damage":73,"enemies":"Automaton","floor":33,"turns":8}],"seed_played":"-1436356788531225573","potions_obtained":[{"floor":1,"key":"GamblersBrew"},{"floor":4,"key":"EssenceOfSteel"},{"floor":13,"key":"Strength Potion"},{"floor":13,"key":"EntropicBrew"},{"floor":20,"key":"FearPotion"},{"floor":24,"key":"Strength Potion"},{"floor":27,"key":"Swift Potion"},{"floor":28,"key":"Strength Potion"}],"is_trial":false,"path_per_floor":["M","M","$","M","M","R","E","R","T","R","M","M","?","$","R","B",null,"M","?","M","?","M","R","E","R","T","M","E","$","R","?","R","B"],"character_chosen":"IRONCLAD","items_purchased":["Double Tap","Headbutt","Spot Weakness","Feel No Pain"],"campfire_rested":4,"item_purchase_floors":[3,3,14,14],"current_hp_per_floor":[72,69,69,61,67,67,15,15,15,37,41,45,45,45,45,23,62,68,68,72,72,49,49,25,47,47,47,19,19,41,41,63,0],"gold":6,"neow_bonus":"HUNDRED_GOLD","is_prod":false,"is_daily":false,"chose_seed":false,"campfire_upgraded":4,"win_rate":0,"timestamp":1555843529,"path_taken":["M","M","$","?","M","R","E","R","T","R","M","M","?","?","R","BOSS","M","?","?","?","M","R","E","R","T","?","E","$","R","?","R","BOSS"],"build_version":"2019-01-23","purchased_purges":2,"victory":false,"max_hp_per_floor":[75,75,75,75,75,75,75,75,75,75,75,75,75,75,75,75,75,75,75,75,75,75,75,75,75,75,75,75,75,75,75,75,75],"card_choices":[{"not_picked":["Cleave","True Grit"],"picked":"Whirlwind","floor":1},{"not_picked":["Clash","Thunderclap","Bloodletting"],"picked":"SKIP","floor":2},{"not_picked":["Iron Wave","Corruption"],"picked":"Shrug It Off","floor":4},{"not_picked":["Clash","Warcry"],"picked":"Disarm","floor":5},{"not_picked":["Sentinel","Rage","Juggernaut"],"picked":"SKIP","floor":7},{"not_picked":["Wild Strike","Headbutt"],"picked":"Uppercut","floor":11},{"not_picked":["Flex","True Grit"],"picked":"Clothesline","floor":12},{"not_picked":["Double Tap","Brutality"],"picked":"Limit Break","floor":16},{"not_picked":["Clash","Body Slam","Twin Strike"],"picked":"SKIP","floor":18},{"not_picked":["Rampage","Whirlwind"],"picked":"Flame Barrier","floor":20},{"not_picked":["Sword Boomerang","Fire Breathing"],"picked":"True Grit","floor":22},{"not_picked":["Bloodletting","Sentinel"],"picked":"Heavy Blade","floor":24},{"not_picked":["Anger","Heavy Blade","Clothesline"],"picked":"SKIP","floor":27},{"not_picked":["Sever Soul+1","Whirlwind"],"picked":"Ghostly Armor","floor":28}],"player_experience":1021682,"relics_obtained":[{"floor":7,"key":"Gambling Chip"},{"floor":9,"key":"Letter Opener"},{"floor":24,"key":"MawBank"},{"floor":26,"key":"Mummified Hand"},{"floor":28,"key":"Art of War"}],"event_choices":[{"damage_healed":0,"gold_gain":0,"player_choice":"Got Potions","damage_taken":0,"max_hp_gain":0,"max_hp_loss":0,"event_name":"Lab","floor":13,"gold_loss":0},{"damage_healed":0,"gold_gain":0,"player_choice":"Rummage","damage_taken":0,"relics_obtained":["WarpedTongs"],"max_hp_gain":0,"max_hp_loss":0,"event_name":"Accursed Blacksmith","floor":19,"gold_loss":0,"cards_obtained":["Pain"]},{"damage_healed":0,"gold_gain":0,"player_choice":"Ignored","damage_taken":0,"max_hp_gain":0,"max_hp_loss":0,"event_name":"N\u0027loth","floor":21,"gold_loss":0},{"cards_removed":["Strike_R"],"damage_healed":0,"gold_gain":0,"player_choice":"Offered Basic","damage_taken":0,"max_hp_gain":0,"max_hp_loss":0,"event_name":"Bonfire Elementals","floor":31,"gold_loss":0}],"is_beta":false,"boss_relics":[{"not_picked":["Tiny House","Empty Cage"],"picked":"Ectoplasm"}],"items_purged_floors":[14,29],"is_endless":false,"potions_floor_spawned":[1,4,20,24,27,28],"killed_by":"Automaton","ascension_level":20}