{"gold_per_floor":[114,39,54,69,84,84,99,99,99,99,99,114,129,144,144,244,294,309,309,40,115,115],"floor_reached":22,"playtime":910,"items_purged":["Strike_B","Strike_G"],"score":178,"play_id":"5f64607d-ca62-4941-b5fe-947177e6546d","local_time":"20181102205350","daily_mods":["Chimera","Green Cards","Careless"],"is_ascension_mode":false,"campfire_choices":[{"data":"Anger","floor":6.0,"key":"SMITH"},{"data":"Twin Strike","floor":8.0,"key":"SMITH"},{"data":"Zap","floor":10.0,"key":"SMITH"},{"data":"Inflame","floor":15.0,"key":"SMITH"}],"neow_cost":"","seed_source_timestamp":0,"circlet_count":0,"master_deck":["Survivor","Zap+1","Strike_R","Defend_R","Defend_G","Defend_B+1","Anger+1","Twin Strike+1","Offering","Inflame+1","Flex","Deflect","Demon Form","Metallicize","Footwork"],"special_seed":17834,"relics":["Burning Blood","Blue Candle","Tiny House","Question Card"],"potions_floor_usage":[],"damage_taken":[{"damage":10.0,"enemies":"Small Slimes","floor":1.0,"turns":3.0},{"damage":1.0,"enemies":"Cultist","floor":3.0,"turns":3.0},{"damage":2.0,"enemies":"2 Louse","floor":4.0,"turns":3.0},{"damage":18.0,"enemies":"Lots of Slimes","floor":5.0,"turns":4.0},{"damage":4.0,"enemies":"Gremlin Gang","floor":7.0,"turns":5.0},{"damage":0.0,"enemies":"Large Slime","floor":12.0,"turns":3.0},{"damage":4.0,"enemies":"2 Fungi Beasts","floor":13.0,"turns":3.0},{"damage":5.0,"enemies":"Looter","floor":14.0,"turns":3.0},{"damage":76.0,"enemies":"Hexaghost","floor":16.0,"turns":10.0},{"damage":26.0,"enemies":"Spheric Guardian","floor":18.0,"turns":5.0},{"damage":0,"enemies":"3 Byrds","floor":22,"turns":1}],"seed_played":"-1635922721403175301","potions_obtained":[{"floor":1.0,"key":"GamblersBrew"},{"floor":3.0,"key":"AttackPotion"},{"floor":16.0,"key":"Weak Potion"},{"floor":17.0,"key":"AttackPotion"}],"is_trial":false,"path_per_floor":["M","$","M","M","M","R","M","R","T","R","?","M","M","M","R","B",null,"M","?","$","T","M"],"character_chosen":"IRONCLAD","items_purchased":["Footwork","FairyPotion"],"campfire_rested":0,"item_purchase_floors":[20,20],"current_hp_per_floor":[76,76,80,80,68,68,70,70,70,70,70,76,78,79,79,9,85,65,49,49,49,49],"gold":115,"neow_bonus":"","is_prod":false,"is_daily":true,"chose_seed":false,"campfire_upgraded":4,"win_rate":0,"timestamp":1541188430,"path_taken":["M","$","M","M","M","R","M","R","T","R","?","?","?","?","R","BOSS","M","?","$","?","M"],"build_version":"2018-11-01","purchased_purges":2,"victory":false,"max_hp_per_floor":[80,80,80,80,80,80,80,80,80,80,80,80,80,80,80,80,85,85,90,90,90,90],"card_choices":[{"not_picked":["Reflex","Bane"],"picked":"Anger","floor":1.0},{"not_picked":["Armaments","Dropkick","Infernal Blade"],"picked":"SKIP","floor":3.0},{"not_picked":["Dagger Throw","Blade Dance"],"picked":"Twin Strike","floor":4.0},{"not_picked":["Underhanded Strike","Havoc","Thunderclap"],"picked":"SKIP","floor":5.0},{"not_picked":["Poisoned Stab","Fiend Fire","Cloak And Dagger"],"picked":"SKIP","floor":7.0},{"not_picked":["Sucker Punch","Poisoned Stab"],"picked":"Inflame","floor":12.0},{"not_picked":["Corruption","Twin Strike"],"picked":"Flex","floor":13.0},{"not_picked":["Flex","Evolve"],"picked":"Deflect","floor":14.0},{"not_picked":["Die Die Die","Impervious"],"picked":"Demon Form","floor":16.0},{"not_picked":["Flying Knee","Blade Dance"],"picked":"Metallicize","floor":17.0},{"not_picked":["Headbutt","Thunderclap","Hemokinesis"],"picked":"SKIP","floor":18.0}],"player_experience":264129,"relics_obtained":[{"floor":9.0,"key":"Blue Candle"},{"floor":21.0,"key":"Question Card"}],"event_choices":[{"damage_healed":0.0,"max_hp_gain":0.0,"max_hp_loss":0.0,"gold_gain":0.0,"cards_transformed":["Bash"],"event_name":"Transmorgrifier","player_choice":"Transformed","floor":11.0,"gold_loss":0.0,"damage_taken":0.0,"cards_obtained":["Offering"]},{"damage_healed":0.0,"max_hp_gain":5.0,"max_hp_loss":0.0,"gold_gain":0.0,"event_name":"Forgotten Altar","player_choice":"Shed Blood","floor":19.0,"gold_loss":0.0,"damage_taken":21.0}],"is_beta":false,"boss_relics":[{"not_picked":["Fusion Hammer","Philosopher\u0027s Stone"],"picked":"Tiny House"}],"items_purged_floors":[2,20],"is_endless":false,"potions_floor_spawned":[1,3,16],"killed_by":"3 Byrds","ascension_level":0}