{"gold_per_floor":[117,135,60,60,80,80,108,125,125,135,155,166,166,11,11,109,109,126,76,96,96,195,195,221,234,234,234,253,253,263,278,278],"floor_reached":32,"playtime":1232,"items_purged":["Strike_R"],"score":306,"play_id":"1e4cb659-4cc8-43fb-a638-c163cdb037c8","local_time":"20181214184647","is_ascension_mode":false,"campfire_choices":[{"data":"Thunderclap","floor":6.0,"key":"SMITH"},{"data":"Armaments","floor":15.0,"key":"SMITH"},{"data":"Impervious","floor":23.0,"key":"SMITH"},{"floor":27,"key":"REST"},{"floor":32,"key":"REST"}],"neow_cost":"NONE","seed_source_timestamp":0,"circlet_count":0,"master_deck":["Strike_R","Strike_R","Strike_R","Strike_R","Defend_R","Defend_R","Defend_R","Defend_R","Bash","Body Slam+1","Impervious+1","Thunderclap+1","Armaments+1","Spot Weakness","Fiend Fire+1","Cleave","Flex","Armaments+1","Offering","Flex","Power Through+1","Flame Barrier","Entrench","Shockwave","Rampage+1"],"special_seed":0,"relics":["Cursed Key","Nilry\u0027s Codex"],"potions_floor_usage":[30],"damage_taken":[{"damage":6.0,"enemies":"Jaw Worm","floor":1.0,"turns":3.0},{"damage":1.0,"enemies":"Cultist","floor":2.0,"turns":3.0},{"damage":0.0,"enemies":"2 Louse","floor":5.0,"turns":2.0},{"damage":2.0,"enemies":"The Mushroom Lair","floor":7.0,"turns":4.0},{"damage":0.0,"enemies":"Gremlin Gang","floor":8.0,"turns":3.0},{"damage":2.0,"enemies":"Blue Slaver","floor":10.0,"turns":2.0},{"damage":0.0,"enemies":"Exordium Wildlife","floor":11.0,"turns":3.0},{"damage":0.0,"enemies":"Exordium Thugs","floor":12.0,"turns":3.0},{"damage":0.0,"enemies":"Hexaghost","floor":16.0,"turns":6.0},{"damage":6.0,"enemies":"Chosen","floor":18.0,"turns":3.0},{"damage":6.0,"enemies":"Spheric Guardian","floor":20.0,"turns":2.0},{"damage":28.0,"enemies":"Slavers","floor":24.0,"turns":3.0},{"damage":20.0,"enemies":"Centurion and Healer","floor":25.0,"turns":6.0},{"damage":18,"enemies":"Snake Plant","floor":28,"turns":4},{"damage":2,"enemies":"Shelled Parasite and Fungi","floor":30,"turns":5},{"damage":6,"enemies":"Sentry and Sphere","floor":31,"turns":4}],"seed_played":"2939209981005887772","potions_obtained":[{"floor":2.0,"key":"Dexterity Potion"},{"floor":7.0,"key":"EssenceOfSteel"},{"floor":8.0,"key":"EssenceOfSteel"},{"floor":16.0,"key":"Poison Potion"},{"floor":20.0,"key":"PowerPotion"},{"floor":28,"key":"Poison Potion"}],"is_trial":false,"path_per_floor":["M","M","$","?","M","R","?","?","M","T","M","M","M","?","$","R","B",null,"M","?","M","$","?","R","E","M","T","R","M","?","M","M","R"],"character_chosen":"IRONCLAD","items_purchased":["Impervious","Flex","Armaments"],"campfire_rested":2,"item_purchase_floors":[3,14,14],"current_hp_per_floor":[74,73,73,73,73,73,71,71,71,69,69,69,69,69,69,69,80,74,74,68,68,68,68,40,20,20,44,26,10,8,2,26],"gold":278,"neow_bonus":"BOSS_RELIC","is_prod":false,"is_daily":false,"chose_seed":false,"campfire_upgraded":3,"win_rate":0,"timestamp":1544780807,"path_taken":["M","M","$","?","?","R","?","M","T","M","?","M","?","?","R","BOSS","M","?","M","?","?","R","E","M","T","R","M","?","M","M","R"],"build_version":"2018-12-13","purchased_purges":1,"victory":false,"max_hp_per_floor":[80,80,80,80,80,80,80,80,80,80,80,80,80,80,80,80,80,80,80,80,80,80,80,80,80,80,80,80,80,80,80,80],"card_choices":[{"not_picked":["Thunderclap","Blood for Blood"],"picked":"Body Slam","floor":1.0},{"not_picked":["Twin Strike","Anger","Pommel Strike"],"picked":"SKIP","floor":2.0},{"not_picked":["Clothesline","Warcry"],"picked":"Thunderclap","floor":5.0},{"not_picked":["Flex","Feel No Pain"],"picked":"Armaments","floor":7.0},{"not_picked":["Evolve","Clothesline"],"picked":"Spot Weakness","floor":8.0},{"not_picked":["Headbutt","Inflame"],"picked":"Fiend Fire","floor":10.0},{"not_picked":["Wild Strike","Sword Boomerang","Corruption"],"picked":"SKIP","floor":11.0},{"not_picked":["Iron Wave","Rupture"],"picked":"Cleave","floor":12.0},{"not_picked":["Fiend Fire","Exhume"],"picked":"Offering","floor":16.0},{"not_picked":["Armaments","Clothesline+1"],"picked":"Flex","floor":18.0},{"not_picked":["Dropkick","Perfected Strike+1"],"picked":"Power Through+1","floor":20.0},{"not_picked":["Uppercut","Inflame","Fire Breathing"],"picked":"SKIP","floor":24.0},{"not_picked":["Heavy Blade","Sword Boomerang"],"picked":"Flame Barrier","floor":25.0},{"not_picked":["Spot Weakness","Rampage"],"picked":"Entrench","floor":28},{"not_picked":["Clash+1","Dropkick"],"picked":"Shockwave","floor":30},{"not_picked":["Clothesline","Twin Strike"],"picked":"Rampage+1","floor":31}],"player_experience":194730,"relics_obtained":[{"floor":29,"key":"Nilry\u0027s Codex"}],"event_choices":[{"damage_healed":0.0,"max_hp_gain":0.0,"max_hp_loss":0.0,"gold_gain":0.0,"event_name":"Upgrade Shrine","player_choice":"Upgraded","floor":4.0,"gold_loss":0.0,"damage_taken":0.0,"cards_upgraded":["Body Slam"]},{"damage_healed":0.0,"max_hp_gain":0.0,"max_hp_loss":0.0,"gold_gain":0.0,"event_name":"Mushrooms","player_choice":"Fought Mushrooms","floor":7.0,"gold_loss":0.0,"damage_taken":0.0},{"damage_healed":0.0,"max_hp_gain":0.0,"max_hp_loss":0.0,"gold_gain":0.0,"event_name":"Upgrade Shrine","player_choice":"Upgraded","floor":7.0,"gold_loss":0.0,"damage_taken":0.0,"cards_upgraded":["Armaments"]},{"damage_healed":0.0,"max_hp_gain":0.0,"max_hp_loss":0.0,"gold_gain":0.0,"event_name":"Living Wall","player_choice":"Grow","floor":13.0,"gold_loss":0.0,"damage_taken":0.0,"cards_upgraded":["Fiend Fire"]},{"damage_healed":0.0,"max_hp_gain":0.0,"max_hp_loss":0.0,"gold_gain":0.0,"event_name":"The Joust","player_choice":"Bet on Owner","floor":19.0,"gold_loss":50.0,"damage_taken":0.0},{"damage_healed":0.0,"max_hp_gain":0.0,"max_hp_loss":0.0,"gold_gain":99.0,"event_name":"Nest","player_choice":"Stole From Cult","floor":22.0,"gold_loss":0.0,"damage_taken":0.0},{"damage_healed":0,"gold_gain":0,"player_choice":"Obtained Book","damage_taken":16,"max_hp_gain":0,"max_hp_loss":0,"event_name":"Cursed Tome","floor":29,"gold_loss":0}],"is_beta":false,"boss_relics":[{"not_picked":[]}],"items_purged_floors":[14],"is_endless":false,"potions_floor_spawned":[2,7,8,16,20,28],"ascension_level":0}