{"gold_per_floor":[116,132,82,82,82,113,113,124,178,178,212,89,104,136,148,263,325,356,381,172,172,185,185,185],"floor_reached":24,"playtime":1375,"items_purged":["Strike_B","Defend_B"],"score":367,"play_id":"f38a67be-6fc8-4640-85d9-b8d498f8b390","local_time":"20190412080047","is_ascension_mode":true,"campfire_choices":[{"data":"Barrage","floor":7,"key":"SMITH"},{"data":"Dualcast","floor":10,"key":"SMITH"},{"data":"Buffer","floor":15,"key":"SMITH"},{"data":"Go for the Eyes","floor":23,"key":"SMITH"}],"neow_cost":"NONE","seed_source_timestamp":148369713504960,"circlet_count":0,"master_deck":["AscendersBane","Strike_B","Strike_B","Defend_B","Defend_B+1","Defend_B","Zap+1","Dualcast+1","Rebound","Cold Snap","Barrage+1","Glacier","Cold Snap","Buffer+1","Go for the Eyes+1","Loop","Capacitor","Glacier","Capacitor"],"relics":["Cracked Core","Pen Nib","Ancient Tea Set","Art of War","Gambling Chip","MawBank","Tiny House"],"potions_floor_usage":[19,22,24],"damage_taken":[{"damage":4,"enemies":"2 Louse","floor":1,"turns":3},{"damage":2,"enemies":"Jaw Worm","floor":2,"turns":3},{"damage":11,"enemies":"3 Sentries","floor":6,"turns":6},{"damage":0,"enemies":"Small Slimes","floor":8,"turns":2},{"damage":5,"enemies":"Lagavulin","floor":11,"turns":8},{"damage":2,"enemies":"Looter","floor":13,"turns":2},{"damage":7,"enemies":"3 Sentries","floor":14,"turns":9},{"damage":8,"enemies":"The Guardian","floor":16,"turns":14},{"damage":0,"enemies":"Spheric Guardian","floor":18,"turns":4},{"damage":0,"enemies":"3 Byrds","floor":19,"turns":7},{"damage":16,"enemies":"Centurion and Healer","floor":22,"turns":6},{"damage":49,"enemies":"Slavers","floor":24,"turns":3}],"seed_played":"1534787917169319","potions_obtained":[{"floor":6,"key":"GamblersBrew"},{"floor":11,"key":"AttackPotion"},{"floor":17,"key":"Fruit Juice"},{"floor":19,"key":"EssenceOfSteel"},{"floor":22,"key":"Strength Potion"}],"is_trial":false,"path_per_floor":["M","M","?","?","?","E","R","M","T","R","E","$","M","E","R","B",null,"M","M","$","?","M","R","E"],"character_chosen":"DEFECT","items_purchased":["Cold Snap","Capacitor","Glacier"],"campfire_rested":0,"item_purchase_floors":[12,20,20],"current_hp_per_floor":[64,62,62,62,62,51,51,51,51,51,46,46,44,37,37,29,69,69,74,74,58,42,42,0],"gold":185,"neow_bonus":"RANDOM_COMMON_RELIC","is_prod":false,"is_daily":false,"chose_seed":false,"campfire_upgraded":4,"win_rate":0,"timestamp":1555048847,"path_taken":["M","M","?","?","?","E","R","M","T","R","E","$","M","E","R","BOSS","M","M","$","?","M","R","E"],"build_version":"2019-01-23","purchased_purges":2,"victory":false,"max_hp_per_floor":[75,75,75,75,75,75,75,75,75,75,75,75,75,75,75,75,80,80,85,85,90,90,90,90],"card_choices":[{"not_picked":["Heatsinks","Turbo"],"picked":"Rebound","floor":1},{"not_picked":["Compile Driver","Streamline"],"picked":"Cold Snap","floor":2},{"not_picked":["Turbo","Recycle"],"picked":"Barrage","floor":6},{"not_picked":["Doom and Gloom","Ball Lightning"],"picked":"Glacier","floor":8},{"not_picked":["Recycle","Beam Cell","Turbo"],"picked":"SKIP","floor":11},{"not_picked":["Lockon","Turbo","Coolheaded"],"picked":"SKIP","floor":13},{"not_picked":["Hyperbeam","Rebound"],"picked":"Buffer","floor":14},{"not_picked":["Ball Lightning","Leap"],"picked":"Go for the Eyes","floor":17},{"not_picked":["Gash","Auto Shields"],"picked":"Loop","floor":18},{"not_picked":["Gash","Beam Cell","Go for the Eyes"],"picked":"SKIP","floor":19},{"not_picked":["Redo","Scrape"],"picked":"Capacitor","floor":22}],"player_experience":556123,"relics_obtained":[{"floor":6,"key":"Ancient Tea Set"},{"floor":9,"key":"Art of War"},{"floor":11,"key":"Gambling Chip"},{"floor":14,"key":"MawBank"}],"event_choices":[{"cards_removed":["Strike_B"],"damage_healed":0,"gold_gain":0,"player_choice":"Card Removal","damage_taken":0,"max_hp_gain":0,"max_hp_loss":0,"event_name":"The Cleric","floor":3,"gold_loss":50},{"damage_healed":0,"gold_gain":0,"player_choice":"Grow","damage_taken":0,"max_hp_gain":0,"max_hp_loss":0,"event_name":"Living Wall","floor":4,"gold_loss":0,"cards_upgraded":["Zap"]},{"damage_healed":0,"gold_gain":0,"player_choice":"Ignored","damage_taken":0,"max_hp_gain":0,"max_hp_loss":0,"event_name":"Liars Game","floor":5,"gold_loss":0},{"damage_healed":0,"gold_gain":0,"player_choice":"Shed Blood","damage_taken":21,"max_hp_gain":5,"max_hp_loss":0,"event_name":"Forgotten Altar","floor":21,"gold_loss":0}],"is_beta":false,"boss_relics":[{"not_picked":["Snecko Eye","Nuclear Battery"],"picked":"Tiny House"}],"items_purged_floors":[12,20],"is_endless":false,"potions_floor_spawned":[6,11,14,18,19,22],"killed_by":"Slavers","ascension_level":12}