{"gold_per_floor":[119,135,135,152,7,7,26,46,46,46,23,23,38,58,58,178,178,202,202,142,67,90,90,113,127,153,153,186,199,124,148,148,274,274,294,11,31,31,31],"floor_reached":39,"playtime":1836,"items_purged":["Strike_B"],"score":470,"play_id":"d85d2af4-8763-49aa-b7c0-319c37348a0b","local_time":"20190406003802","is_ascension_mode":false,"campfire_choices":[{"data":"Defragment","floor":10,"key":"SMITH"},{"data":"Go for the Eyes","floor":12,"key":"SMITH"},{"data":"Barrage","floor":15,"key":"SMITH"},{"data":"Buffer","floor":23,"key":"SMITH"},{"data":"Barrage","floor":27,"key":"SMITH"},{"floor":32,"key":"REST"}],"neow_cost":"NONE","seed_source_timestamp":8279322873486,"circlet_count":0,"master_deck":["Strike_B","Strike_B","Defend_B","Defend_B","Defend_B","Defend_B","Zap+1","Leap","Go for the Eyes+1","Defragment+1","Coolheaded","Barrage+1","Barrage+1","Buffer+1","BootSequence+1","Conserve Battery","Glacier","Capacitor","Cold Snap","Capacitor+1","Barrage+1","FTL","Tempest","Storm+1","Darkness"],"relics":["Runic Dome","Golden Idol","Dodecahedron","Sozu","Blood Vial","Gremlin Horn","Velvet Choker","OrangePellets","NlothsMask"],"potions_floor_usage":[7,16],"damage_taken":[{"damage":1,"enemies":"Jaw Worm","floor":1,"turns":4},{"damage":0,"enemies":"Cultist","floor":2,"turns":4},{"damage":0,"enemies":"2 Louse","floor":4,"turns":3},{"damage":8,"enemies":"Exordium Thugs","floor":7,"turns":4},{"damage":0,"enemies":"Red Slaver","floor":8,"turns":4},{"damage":0,"enemies":"3 Louse","floor":13,"turns":3},{"damage":0,"enemies":"Large Slime","floor":14,"turns":6},{"damage":14,"enemies":"Slime Boss","floor":16,"turns":10},{"damage":7,"enemies":"Shell Parasite","floor":18,"turns":8},{"damage":5,"enemies":"2 Thieves","floor":20,"turns":4},{"damage":19,"enemies":"Chosen and Byrds","floor":22,"turns":10},{"damage":0,"enemies":"Sentry and Sphere","floor":24,"turns":10},{"damage":4,"enemies":"Snecko","floor":25,"turns":7},{"damage":0,"enemies":"Book of Stabbing","floor":28,"turns":6},{"damage":0,"enemies":"Snake Plant","floor":29,"turns":5},{"damage":5,"enemies":"Centurion and Healer","floor":31,"turns":7},{"damage":0,"enemies":"Automaton","floor":33,"turns":6},{"damage":30,"enemies":"3 Shapes","floor":35,"turns":4},{"damage":28,"enemies":"3 Darklings","floor":37,"turns":5},{"damage":19,"enemies":"4 Shapes","floor":39,"turns":3}],"seed_played":"3508095366557022024","potions_obtained":[{"floor":2,"key":"Fire Potion"},{"floor":7,"key":"Energy Potion"},{"floor":8,"key":"Block Potion"},{"floor":16,"key":"SteroidPotion"}],"is_trial":false,"path_per_floor":["M","M","?","M","$","?","M","M","T","R","$","R","M","M","R","B",null,"M","?","M","$","M","R","M","M","T","R","E","M","?","M","R","B",null,"M","$","M","?","M"],"character_chosen":"DEFECT","items_purchased":["Defragment","Barrage","Capacitor","OrangePellets","Darkness"],"campfire_rested":1,"item_purchase_floors":[5,11,21,36,36],"current_hp_per_floor":[74,74,74,74,74,69,61,61,61,61,61,61,61,61,61,47,69,62,62,57,57,38,38,38,34,34,34,36,38,38,35,55,57,69,39,39,13,13,0],"gold":31,"neow_bonus":"BOSS_RELIC","is_prod":false,"is_daily":false,"chose_seed":false,"campfire_upgraded":5,"win_rate":0,"timestamp":1554503882,"path_taken":["M","M","?","?","$","?","M","M","T","R","$","R","M","M","R","BOSS","M","?","M","$","M","R","?","M","T","R","E","M","?","M","R","BOSS","M","$","M","?","M"],"build_version":"2019-01-23","purchased_purges":1,"victory":false,"max_hp_per_floor":[75,75,75,75,75,69,69,69,69,69,69,69,69,69,69,69,69,69,69,69,69,69,69,69,69,69,69,69,69,69,69,69,69,69,69,69,69,69,69],"card_choices":[{"not_picked":["Turbo","Gash"],"picked":"Leap","floor":1},{"not_picked":["Streamline","Rebound","Reinforced Body"],"picked":"SKIP","floor":2},{"not_picked":["Ball Lightning","Steam"],"picked":"Go for the Eyes","floor":4},{"not_picked":["Cold Snap","Sweeping Beam"],"picked":"Coolheaded","floor":7},{"not_picked":["Ball Lightning","Steam","Redo"],"picked":"SKIP","floor":8},{"not_picked":["Conserve Battery","Beam Cell","Leap"],"picked":"SKIP","floor":13},{"not_picked":["Sweeping Beam","Undo"],"picked":"Barrage","floor":14},{"not_picked":["Rainbow","Creative AI"],"picked":"Buffer","floor":16},{"not_picked":["Steam+1","Turbo+1"],"picked":"BootSequence+1","floor":18},{"not_picked":["Fusion","Streamline"],"picked":"Glacier","floor":20},{"not_picked":["Conserve Battery","Meteor Strike"],"picked":"Cold Snap","floor":22},{"not_picked":["Gash+1","Blizzard"],"picked":"Capacitor+1","floor":24},{"not_picked":["Sweeping Beam+1","Stack"],"picked":"Barrage+1","floor":25},{"not_picked":["Capacitor","Reinforced Body"],"picked":"FTL","floor":28},{"not_picked":["Auto Shields","Turbo"],"picked":"Tempest","floor":29},{"not_picked":["Sweeping Beam","Streamline"],"picked":"Storm+1","floor":31},{"not_picked":["Aggregate+1","Tempest","Redo"],"picked":"SKIP","floor":35},{"not_picked":["Beam Cell","Streamline+1","Stack"],"picked":"SKIP","floor":37}],"player_experience":429433,"relics_obtained":[{"floor":9,"key":"Dodecahedron"},{"floor":26,"key":"Blood Vial"},{"floor":28,"key":"Gremlin Horn"}],"event_choices":[{"damage_healed":0,"gold_gain":0,"player_choice":"Forge","damage_taken":0,"max_hp_gain":0,"max_hp_loss":0,"event_name":"Accursed Blacksmith","floor":3,"gold_loss":0,"cards_upgraded":["Zap"]},{"damage_healed":0,"gold_gain":0,"player_choice":"Lose Max HP","damage_taken":0,"relics_obtained":["Golden Idol"],"max_hp_gain":0,"max_hp_loss":6,"event_name":"Golden Idol","floor":6,"gold_loss":0},{"damage_healed":0,"gold_gain":0,"cards_transformed":["Strike_B"],"player_choice":"Transformed","damage_taken":0,"max_hp_gain":0,"max_hp_loss":0,"event_name":"Transmorgrifier","floor":19,"gold_loss":0,"cards_obtained":["Conserve Battery"]},{"cards_removed":["Dualcast"],"damage_healed":0,"gold_gain":0,"player_choice":"Gave Gold","damage_taken":0,"max_hp_gain":0,"max_hp_loss":0,"event_name":"Beggar","floor":30,"gold_loss":75},{"damage_healed":0,"gold_gain":0,"player_choice":"Trade","damage_taken":0,"relics_obtained":["NlothsMask"],"max_hp_gain":0,"max_hp_loss":0,"event_name":"FaceTrader","floor":38,"gold_loss":0}],"is_beta":false,"boss_relics":[{"not_picked":["Philosopher\u0027s Stone","Ectoplasm"],"picked":"Sozu"},{"not_picked":["Cursed Key","Nuclear Battery"],"picked":"Velvet Choker"}],"items_purged_floors":[5],"is_endless":false,"potions_floor_spawned":[2,7,8,16,18,22,31,35],"killed_by":"4 Shapes","ascension_level":0}