{"gold_per_floor":[119,134,151,8,19,19,53,53,80,93,109,123,123,143,143,247,247,263,44,56,71,90,90,102,120,120,120],"floor_reached":27,"playtime":2501,"items_purged":["Strike_R"],"score":301,"play_id":"a7e682f6-132a-455f-bd34-2b4f7d9c1ea6","local_time":"20181215130120","is_ascension_mode":true,"campfire_choices":[{"data":"Uppercut","floor":6.0,"key":"SMITH"},{"data":"Twin Strike","floor":8.0,"key":"SMITH"},{"data":"Clothesline","floor":15.0,"key":"SMITH"},{"floor":23.0,"key":"REST"}],"neow_cost":"NONE","seed_source_timestamp":0,"circlet_count":0,"master_deck":["Strike_R","Strike_R","Strike_R","Strike_R","Defend_R","Defend_R","Defend_R","Defend_R","Bash","Twin Strike+1","Clothesline+1","Clothesline","Uppercut+1","Anger","Shrug It Off","Havoc","Offering","True Grit","Flex","Cleave","Rampage+1","Rampage+1","Armaments","Burning Pact+1","Shrug It Off"],"special_seed":0,"relics":["Burning Blood","NeowsBlessing","Dream Catcher","Bag of Preparation","Fusion Hammer","ClockworkSouvenir","Shuriken"],"potions_floor_usage":[],"damage_taken":[{"damage":0.0,"enemies":"Cultist","floor":1.0,"turns":1.0},{"damage":0.0,"enemies":"Small Slimes","floor":2.0,"turns":1.0},{"damage":0.0,"enemies":"2 Louse","floor":3.0,"turns":1.0},{"damage":4.0,"enemies":"Lots of Slimes","floor":5.0,"turns":5.0},{"damage":37.0,"enemies":"3 Sentries","floor":7.0,"turns":8.0},{"damage":2.0,"enemies":"Blue Slaver","floor":10.0,"turns":4.0},{"damage":2.0,"enemies":"Exordium Wildlife","floor":11.0,"turns":3.0},{"damage":5.0,"enemies":"3 Louse","floor":12.0,"turns":3.0},{"damage":7.0,"enemies":"Blue Slaver","floor":14.0,"turns":4.0},{"damage":25.0,"enemies":"Hexaghost","floor":16.0,"turns":10.0},{"damage":9.0,"enemies":"Chosen","floor":18.0,"turns":4.0},{"damage":24.0,"enemies":"2 Thieves","floor":20.0,"turns":3.0},{"damage":24.0,"enemies":"Snake Plant","floor":21.0,"turns":4.0},{"damage":10.0,"enemies":"Chosen and Byrds","floor":22.0,"turns":4.0},{"damage":35.0,"enemies":"3 Cultists","floor":24.0,"turns":5.0},{"damage":11,"enemies":"Centurion and Healer","floor":25,"turns":5},{"damage":21,"enemies":"Gremlin Leader","floor":27,"turns":2}],"seed_played":"5111099844085868028","potions_obtained":[{"floor":1.0,"key":"Block Potion"},{"floor":2.0,"key":"Fire Potion"},{"floor":3.0,"key":"LiquidBronze"},{"floor":11.0,"key":"Energy Potion"},{"floor":16.0,"key":"FearPotion"},{"floor":18.0,"key":"Energy Potion"},{"floor":21.0,"key":"Strength Potion"}],"is_trial":false,"path_per_floor":["M","M","M","$","M","R","E","R","T","M","M","M","?","M","R","B",null,"M","$","M","M","M","R","M","M","M","T","E"],"character_chosen":"IRONCLAD","items_purchased":["Uppercut","Flex","ClockworkSouvenir"],"campfire_rested":1,"item_purchase_floors":[4,19,19],"current_hp_per_floor":[78,80,80,80,80,80,49,49,49,53,57,58,58,57,57,38,70,67,67,49,31,27,51,22,17,17,0],"gold":120,"neow_bonus":"THREE_ENEMY_KILL","is_prod":false,"is_daily":false,"chose_seed":false,"campfire_upgraded":3,"win_rate":0,"timestamp":1544900480,"path_taken":["M","?","M","$","M","R","E","R","T","M","?","M","?","M","R","BOSS","M","$","M","M","M","R","M","M","T","E"],"build_version":"2018-12-13","purchased_purges":1,"victory":false,"max_hp_per_floor":[80,80,80,80,80,80,80,80,80,80,80,80,80,80,80,80,80,80,80,80,80,80,80,80,80,80,80],"card_choices":[{"not_picked":["Burning Pact","Searing Blow"],"picked":"Twin Strike","floor":1.0},{"not_picked":["Sentinel","Pommel Strike"],"picked":"Clothesline","floor":2.0},{"not_picked":["Cleave","Dropkick"],"picked":"Clothesline","floor":3.0},{"not_picked":["Headbutt","Clothesline","Warcry"],"picked":"SKIP","floor":5.0},{"not_picked":["Wild Strike","Searing Blow"],"picked":"Anger","floor":7.0},{"not_picked":["Fire Breathing","Thunderclap","Wild Strike"],"picked":"SKIP","floor":10.0},{"not_picked":["Uppercut","Berserk"],"picked":"Shrug It Off","floor":11.0},{"not_picked":["Dual Wield","Evolve"],"picked":"Havoc","floor":12.0},{"not_picked":["Perfected Strike","Headbutt","Carnage"],"picked":"SKIP","floor":14.0},{"not_picked":["Immolate","Bludgeon"],"picked":"Offering","floor":16.0},{"not_picked":["Carnage","Heavy Blade"],"picked":"True Grit","floor":18.0},{"not_picked":["Heavy Blade","Twin Strike"],"picked":"Cleave","floor":20.0},{"not_picked":["Heavy Blade","Cleave"],"picked":"Rampage+1","floor":21.0},{"not_picked":["Sever Soul","Barricade"],"picked":"Rampage+1","floor":22.0},{"not_picked":["Whirlwind+1","Iron Wave"],"picked":"Armaments","floor":23.0},{"not_picked":["Twin Strike+1","Disarm"],"picked":"Burning Pact+1","floor":24.0},{"not_picked":["Spot Weakness","Rampage"],"picked":"Shrug It Off","floor":25}],"player_experience":303585,"relics_obtained":[{"floor":7.0,"key":"Dream Catcher"},{"floor":9.0,"key":"Bag of Preparation"},{"floor":26,"key":"Shuriken"}],"event_choices":[{"damage_healed":0.0,"max_hp_gain":0.0,"max_hp_loss":0.0,"gold_gain":0.0,"event_name":"Scrap Ooze","player_choice":"Fled","floor":13.0,"gold_loss":0.0,"damage_taken":0.0}],"is_beta":false,"boss_relics":[{"not_picked":["Pandora\u0027s Box","Runic Dome"],"picked":"Fusion Hammer"}],"items_purged_floors":[4],"is_endless":false,"potions_floor_spawned":[1,2,3,11,16,18,21],"killed_by":"Gremlin Leader","ascension_level":7}