{"gold_per_floor":[118,118,118,43,118,143,158,158,158,158,215,215,230,288,288,288],"floor_reached":16,"playtime":719,"items_purged":["Regret"],"score":127,"play_id":"e0aed2f2-288a-4907-b5f0-ee4a34659e90","local_time":"20181230210859","is_ascension_mode":true,"campfire_choices":[{"data":"Uppercut","floor":8,"key":"SMITH"},{"data":"Havoc","floor":10,"key":"SMITH"},{"floor":12,"key":"REST"},{"data":"True Grit","floor":15,"key":"SMITH"}],"neow_cost":"NONE","seed_source_timestamp":12913400953505,"circlet_count":0,"master_deck":["Strike_R","Strike_R","Strike_R","Strike_R","Defend_R","Defend_R","Defend_R","Defend_R","Bash","Havoc+1","Uppercut+1","True Grit+1"],"relics":["Burning Blood","Oddly Smooth Stone","Strawberry","Incense Burner","Blue Candle","Tiny Chest"],"potions_floor_usage":[],"damage_taken":[{"damage":0,"enemies":"Small Slimes","floor":1,"turns":3},{"damage":64,"enemies":"Lagavulin","floor":6,"turns":9},{"damage":0,"enemies":"2 Louse","floor":7,"turns":2},{"damage":0,"enemies":"Jaw Worm","floor":13,"turns":3},{"damage":18,"enemies":"Gremlin Nob","floor":14,"turns":4},{"damage":39,"enemies":"Slime Boss","floor":16,"turns":12}],"seed_played":"4274920084568740086","potions_obtained":[],"is_trial":false,"path_per_floor":["M","?","?","$","?","E","M","R","T","R","?","R","M","E","R","B"],"character_chosen":"IRONCLAD","items_purchased":[],"campfire_rested":1,"item_purchase_floors":[],"current_hp_per_floor":[80,80,80,80,69,11,17,17,17,17,17,43,49,37,37,0],"gold":288,"neow_bonus":"REMOVE_CARD","is_prod":false,"is_daily":false,"chose_seed":false,"campfire_upgraded":3,"win_rate":0,"timestamp":1546175339,"path_taken":["M","?","?","$","?","E","M","R","T","R","?","R","?","E","R","BOSS"],"build_version":"2018-12-20","purchased_purges":1,"victory":false,"max_hp_per_floor":[80,80,87,87,87,87,87,87,87,87,87,87,87,87,87,87],"card_choices":[{"not_picked":["Heavy Blade","Shrug It Off"],"picked":"Havoc","floor":1},{"not_picked":["Twin Strike","Searing Blow"],"picked":"Uppercut","floor":6},{"not_picked":["Dual Wield","Clash","Anger"],"picked":"SKIP","floor":7},{"not_picked":["Sword Boomerang","Body Slam","Headbutt"],"picked":"SKIP","floor":13},{"not_picked":["Offering","Uppercut"],"picked":"True Grit","floor":14}],"player_experience":366746,"relics_obtained":[{"floor":6,"key":"Incense Burner"},{"floor":9,"key":"Blue Candle"},{"floor":14,"key":"Tiny Chest"}],"event_choices":[{"damage_healed":0,"gold_gain":0,"player_choice":"Box","damage_taken":0,"relics_obtained":["Oddly Smooth Stone"],"max_hp_gain":0,"max_hp_loss":0,"event_name":"Big Fish","floor":2,"gold_loss":0,"cards_obtained":["Regret"]},{"damage_healed":0,"gold_gain":0,"player_choice":"Success","damage_taken":7,"relics_obtained":["Strawberry"],"max_hp_gain":0,"max_hp_loss":0,"event_name":"Scrap Ooze","floor":3,"gold_loss":0},{"damage_healed":0,"gold_gain":75,"player_choice":"Gather Gold","damage_taken":11,"max_hp_gain":0,"max_hp_loss":0,"event_name":"World of Goop","floor":5,"gold_loss":0},{"damage_healed":0,"gold_gain":57,"player_choice":"Gained Gold","damage_taken":0,"max_hp_gain":0,"max_hp_loss":0,"event_name":"Golden Wing","floor":11,"gold_loss":0}],"is_beta":false,"boss_relics":[],"items_purged_floors":[4],"is_endless":false,"potions_floor_spawned":[],"killed_by":"Slime Boss","ascension_level":4}