{"gold_per_floor":[215,4,4,4,21,21,31,31,54,67,17,45,45,58,58,58],"floor_reached":16,"playtime":842,"items_purged":["Strike_G"],"score":125,"play_id":"7ee3fe14-c9f7-46c0-af28-50ab8b2ad7af","local_time":"20181102214229","is_ascension_mode":true,"campfire_choices":[{"data":"Deadly Poison","floor":6,"key":"SMITH"},{"data":"Neutralize","floor":8,"key":"SMITH"},{"floor":15,"key":"REST"}],"neow_cost":"NONE","seed_source_timestamp":275843452091597,"circlet_count":0,"master_deck":["Defend_G","Defend_G","Defend_G","Defend_G","Defend_G","Strike_G","Strike_G","Strike_G","Strike_G","Survivor","Neutralize+1","Footwork+1","Well Laid Plans","Deadly Poison+1","Dash","Deflect"],"relics":["Ring of the Snake","Art of War","Smiling Mask","Regal Pillow","Dream Catcher"],"potions_floor_usage":[12,14,16],"damage_taken":[{"damage":3,"enemies":"Cultist","floor":1,"turns":5},{"damage":1,"enemies":"Jaw Worm","floor":5,"turns":5},{"damage":0,"enemies":"2 Louse","floor":7,"turns":2},{"damage":24,"enemies":"Gremlin Gang","floor":10,"turns":6},{"damage":19,"enemies":"3 Sentries","floor":12,"turns":13},{"damage":8,"enemies":"Lots of Slimes","floor":14,"turns":6},{"damage":78,"enemies":"Slime Boss","floor":16,"turns":14}],"seed_played":"-525277467888734257","potions_obtained":[{"floor":1,"key":"Regen Potion"},{"floor":10,"key":"Block Potion"},{"floor":14,"key":"LiquidBronze"}],"is_trial":false,"path_per_floor":["M","$","?","?","M","R","M","R","T","M","$","E","T","M","R","B"],"character_chosen":"THE_SILENT","items_purchased":["Art of War","Well Laid Plans"],"campfire_rested":1,"item_purchase_floors":[2,2],"current_hp_per_floor":[67,67,72,72,71,71,71,71,71,47,47,28,28,35,72,0],"gold":58,"neow_bonus":"HUNDRED_GOLD","is_prod":false,"is_daily":false,"chose_seed":false,"campfire_upgraded":2,"win_rate":0,"timestamp":1541191349,"path_taken":["M","$","?","?","M","R","M","R","T","?","$","E","?","?","R","BOSS"],"build_version":"2018-11-01","purchased_purges":1,"victory":false,"max_hp_per_floor":[70,70,75,75,75,75,75,75,75,75,75,75,75,75,75,75],"card_choices":[{"not_picked":["Underhanded Strike","Flechettes"],"picked":"Footwork","floor":1},{"not_picked":["Eviscerate","Quick Slash"],"picked":"Deadly Poison","floor":5},{"not_picked":["Acrobatics","Dagger Spray","Cloak And Dagger"],"picked":"SKIP","floor":7},{"not_picked":["Dagger Spray","Dagger Throw","Riddle With Holes"],"picked":"SKIP","floor":10},{"not_picked":["Slice","Concentrate"],"picked":"Dash","floor":12},{"not_picked":["Bouncing Flask","Quick Slash"],"picked":"Deflect","floor":14}],"player_experience":267083,"relics_obtained":[{"floor":9,"key":"Smiling Mask"},{"floor":12,"key":"Regal Pillow"},{"floor":13,"key":"Dream Catcher"}],"event_choices":[{"damage_healed":0,"gold_gain":0,"player_choice":"Donut","damage_taken":0,"max_hp_gain":5,"max_hp_loss":0,"event_name":"Big Fish","floor":3,"gold_loss":0},{"damage_healed":0,"gold_gain":0,"player_choice":"Upgraded","damage_taken":0,"max_hp_gain":0,"max_hp_loss":0,"event_name":"Upgrade Shrine","floor":4,"gold_loss":0,"cards_upgraded":["Footwork"]}],"is_beta":false,"boss_relics":[],"items_purged_floors":[11],"is_endless":false,"potions_floor_spawned":[1,10,14],"killed_by":"Slime Boss","ascension_level":5}