{"gold_per_floor":[110,130,146,146,156,156,189,189,214,227,227,243,271,288,288,362,362,375,391,15,15,15,15,35,67,144,144,144,160,160,191,191,266,266,280,280,298,298,379,379],"floor_reached":40,"playtime":2570,"items_purged":[],"score":922,"play_id":"61a2013d-6e18-4e5c-80ce-6b378d9b0b16","local_time":"20190511202949","is_ascension_mode":true,"campfire_choices":[{"data":"Zap","floor":6,"key":"SMITH"},{"data":"White Noise","floor":8,"key":"SMITH"},{"data":"Undo","floor":15,"key":"SMITH"},{"data":"Creative AI","floor":23,"key":"SMITH"},{"floor":28,"key":"REST"},{"data":"Self Repair","floor":30,"key":"SMITH"},{"floor":32,"key":"REST"}],"neow_cost":"NONE","seed_source_timestamp":0,"circlet_count":0,"master_deck":["AscendersBane","Strike_B","Defend_B","Defend_B","Defend_B","Defend_B","Zap+1","Dualcast","Conserve Battery","Coolheaded","Conserve Battery","White Noise+1","Undo+1","Ball Lightning","Rebound","Ball Lightning","FTL","Creative AI+1","Capacitor+1","Reboot+1","Meteor Strike+1","Reinforced Body+1","Glacier","Ball Lightning","Self Repair+1","Electrodynamics","Conserve Battery","BootSequence","Doom and Gloom","Genetic Algorithm","Finesse"],"special_seed":0,"relics":["Cracked Core","NeowsBlessing","CultistMask","Oddly Smooth Stone","Anchor","Boot","Astrolabe","OrangePellets","Ginger","Bottled Lightning","Dodecahedron","Velvet Choker","Mercury Hourglass"],"potions_floor_usage":[7,13,13,24,25,27],"damage_taken":[{"damage":0,"enemies":"Small Slimes","floor":1,"turns":1},{"damage":0,"enemies":"Cultist","floor":2,"turns":1},{"damage":0,"enemies":"Jaw Worm","floor":3,"turns":1},{"damage":21,"enemies":"Lots of Slimes","floor":5,"turns":6},{"damage":15,"enemies":"3 Sentries","floor":7,"turns":7},{"damage":0,"enemies":"Large Slime","floor":10,"turns":4},{"damage":1,"enemies":"Blue Slaver","floor":12,"turns":3},{"damage":4,"enemies":"Lagavulin","floor":13,"turns":6},{"damage":1,"enemies":"Looter","floor":14,"turns":3},{"damage":11,"enemies":"The Guardian","floor":16,"turns":12},{"damage":4,"enemies":"2 Thieves","floor":18,"turns":4},{"damage":0,"enemies":"3 Byrds","floor":19,"turns":3},{"damage":10,"enemies":"3 Cultists","floor":24,"turns":7},{"damage":28,"enemies":"Book of Stabbing","floor":25,"turns":6},{"damage":10,"enemies":"Colosseum Slavers","floor":27,"turns":5},{"damage":6,"enemies":"Shelled Parasite and Fungi","floor":29,"turns":13},{"damage":0,"enemies":"Gremlin Leader","floor":31,"turns":7},{"damage":65,"enemies":"Automaton","floor":33,"turns":14},{"damage":20,"enemies":"3 Darklings","floor":35,"turns":7},{"damage":6,"enemies":"Orb Walker","floor":37,"turns":5},{"damage":75,"enemies":"Nemesis","floor":40,"turns":9}],"seed_played":"4695178068398879128","potions_obtained":[{"floor":2,"key":"Strength Potion"},{"floor":7,"key":"SpeedPotion"},{"floor":11,"key":"FocusPotion"},{"floor":11,"key":"Explosive Potion"},{"floor":12,"key":"Regen Potion"},{"floor":19,"key":"Swift Potion"},{"floor":24,"key":"Ancient Potion"},{"floor":33,"key":"SteroidPotion"},{"floor":37,"key":"Ancient Potion"}],"is_trial":false,"path_per_floor":["M","M","M","?","M","R","E","R","T","M","?","M","E","M","R","B",null,"M","M","$","?","?","R","M","E","T","?","R","M","R","E","R","B",null,"M","?","M","?","T","E"],"character_chosen":"DEFECT","items_purchased":["OrangePellets","Ball Lightning","Self Repair","Fire Potion"],"campfire_rested":2,"item_purchase_floors":[20,20,20,20],"current_hp_per_floor":[64,64,64,64,43,43,28,28,28,28,28,27,38,37,37,26,60,56,56,56,36,36,36,33,12,12,9,31,39,39,49,71,16,61,51,51,55,55,55,0],"gold":379,"neow_bonus":"THREE_ENEMY_KILL","is_prod":false,"is_daily":false,"chose_seed":false,"campfire_upgraded":5,"win_rate":0,"timestamp":1557574189,"path_taken":["M","M","M","?","M","R","E","R","T","?","?","M","E","M","R","BOSS","M","?","$","?","?","R","M","E","T","?","R","M","R","E","R","BOSS","M","?","?","?","?","E"],"build_version":"2019-01-23","purchased_purges":0,"victory":false,"max_hp_per_floor":[71,71,71,71,71,71,71,71,71,71,71,71,71,71,71,71,71,71,71,71,76,76,76,76,76,76,76,76,76,76,76,76,76,76,76,76,76,76,76,76],"card_choices":[{"not_picked":["Hologram","Blizzard"],"picked":"Conserve Battery","floor":1},{"not_picked":["Darkness","Machine Learning"],"picked":"Coolheaded","floor":2},{"not_picked":["Gash","Beam Cell"],"picked":"Conserve Battery","floor":3},{"not_picked":["Redo","Capacitor"],"picked":"White Noise","floor":5},{"not_picked":["Rainbow","Reprogram"],"picked":"Undo","floor":7},{"not_picked":["Rebound","Redo"],"picked":"Ball Lightning","floor":10},{"not_picked":["Creative AI","Beam Cell"],"picked":"Rebound","floor":12},{"not_picked":["White Noise","Steam"],"picked":"Ball Lightning","floor":13},{"not_picked":["Steam","Go for the Eyes"],"picked":"FTL","floor":14},{"not_picked":["Machine Learning","Amplify"],"picked":"Creative AI","floor":16},{"not_picked":["Rebound","Sweeping Beam"],"picked":"Reinforced Body+1","floor":18},{"not_picked":["Hologram","Compile Driver"],"picked":"Glacier","floor":19},{"not_picked":["Rebound","Go for the Eyes"],"picked":"Electrodynamics","floor":24},{"not_picked":["Coolheaded","Rip and Tear"],"picked":"Conserve Battery","floor":25},{"not_picked":["Capacitor","Static Discharge"],"picked":"BootSequence","floor":29},{"not_picked":["Ball Lightning","Turbo"],"picked":"Doom and Gloom","floor":31},{"not_picked":["Reinforced Body","Barrage","Conserve Battery"],"picked":"SKIP","floor":35},{"not_picked":["Beam Cell+1","Barrage"],"picked":"Genetic Algorithm","floor":37},{"not_picked":["Purity","Swift Strike"],"picked":"Finesse","floor":38}],"player_experience":1341073,"relics_obtained":[{"floor":7,"key":"Oddly Smooth Stone"},{"floor":9,"key":"Anchor"},{"floor":13,"key":"Boot"},{"floor":25,"key":"Ginger"},{"floor":26,"key":"Bottled Lightning"},{"floor":31,"key":"Dodecahedron"},{"floor":39,"key":"Mercury Hourglass"}],"event_choices":[{"damage_healed":0,"gold_gain":0,"player_choice":"Trade","damage_taken":0,"relics_obtained":["CultistMask"],"max_hp_gain":0,"max_hp_loss":0,"event_name":"FaceTrader","floor":4,"gold_loss":0},{"damage_healed":0,"gold_gain":0,"player_choice":"Got Potions","damage_taken":0,"max_hp_gain":0,"max_hp_loss":0,"event_name":"Lab","floor":11,"gold_loss":0},{"damage_healed":0,"gold_gain":0,"player_choice":"Shed Blood","damage_taken":25,"max_hp_gain":5,"max_hp_loss":0,"event_name":"Forgotten Altar","floor":21,"gold_loss":0},{"damage_healed":0,"gold_gain":0,"player_choice":"Ignored","damage_taken":0,"max_hp_gain":0,"max_hp_loss":0,"event_name":"The Mausoleum","floor":22,"gold_loss":0},{"damage_healed":0,"gold_gain":0,"player_choice":"Fight","damage_taken":0,"max_hp_gain":0,"max_hp_loss":0,"event_name":"Colosseum","floor":27,"gold_loss":0},{"damage_healed":0,"gold_gain":0,"player_choice":"Fled From Nobs","damage_taken":0,"max_hp_gain":0,"max_hp_loss":0,"event_name":"Colosseum","floor":27,"gold_loss":0},{"damage_healed":0,"gold_gain":0,"player_choice":"0 cards matched","damage_taken":0,"max_hp_gain":0,"max_hp_loss":0,"event_name":"Match and Keep!","floor":36,"gold_loss":0,"cards_obtained":[]},{"damage_healed":0,"gold_gain":0,"player_choice":"Memory 1","damage_taken":0,"max_hp_gain":0,"max_hp_loss":0,"event_name":"SensoryStone","floor":38,"gold_loss":0}],"is_beta":false,"boss_relics":[{"not_picked":["Calling Bell","Black Star"],"picked":"Astrolabe"},{"not_picked":["Eternal Feather","Pandora\u0027s Box"],"picked":"Velvet Choker"}],"items_purged_floors":[],"is_endless":false,"potions_floor_spawned":[2,7,12,19,24,33,37],"killed_by":"Nemesis","ascension_level":20}