{"gold_per_floor":[115,130,144,70,70,70,84,84,134,147,173,173,197,236,236,365,365,359,359,374,289,14,14,34,34,34,34,34,68,68,92,92,218,281,297,297,320,173,191,191],"floor_reached":40,"playtime":1653,"items_purged":["Writhe"],"score":431,"play_id":"efec0a6b-9ab2-45e6-8c5b-b3a35bd15781","local_time":"20181213012201","is_ascension_mode":false,"campfire_choices":[{"data":"Zap","floor":6,"key":"SMITH"},{"data":"Defragment","floor":8,"key":"SMITH"},{"floor":12,"key":"REST"},{"data":"Go for the Eyes","floor":15,"key":"SMITH"},{"data":"Echo Form","floor":23,"key":"SMITH"},{"data":"Consume","floor":25,"key":"SMITH"},{"floor":27,"key":"REST"},{"data":"Barrage","floor":30,"key":"SMITH"},{"floor":32,"key":"RECALL"}],"neow_cost":"NONE","seed_source_timestamp":1209131210999614,"circlet_count":0,"master_deck":["Strike_B","Strike_B","Strike_B","Strike_B","Defend_B","Defend_B","Defend_B+1","Defend_B","Zap+1","Dualcast","Capacitor","Go for the Eyes+1","Defragment+1","Leap","Consume+1","Coolheaded","Echo Form+1","Conserve Battery","Barrage+1","Ball Lightning"],"relics":["Cracked Core","NeowsBlessing","Golden Idol","Blood Vial","Bag of Preparation","Busted Crown","Bag of Marbles","Ancient Tea Set","Runic Capacitor","Ornamental Fan","Omamori","Tiny House","PreservedInsect"],"potions_floor_usage":[7,14,14,16,18,35,37,40],"damage_taken":[{"damage":0,"enemies":"Cultist","floor":1,"turns":1},{"damage":0,"enemies":"2 Louse","floor":2,"turns":1},{"damage":0,"enemies":"Jaw Worm","floor":3,"turns":1},{"damage":31,"enemies":"Exordium Thugs","floor":7,"turns":4},{"damage":2,"enemies":"Blue Slaver","floor":10,"turns":3},{"damage":12,"enemies":"2 Fungi Beasts","floor":13,"turns":3},{"damage":25,"enemies":"Gremlin Nob","floor":14,"turns":4},{"damage":1,"enemies":"The Guardian","floor":16,"turns":11},{"damage":11,"enemies":"2 Thieves","floor":18,"turns":4},{"damage":3,"enemies":"Shell Parasite","floor":20,"turns":8},{"damage":18,"enemies":"Shelled Parasite and Fungi","floor":24,"turns":7},{"damage":0,"enemies":"Book of Stabbing","floor":29,"turns":5},{"damage":15,"enemies":"Snake Plant","floor":31,"turns":3},{"damage":3,"enemies":"Champ","floor":33,"turns":8},{"damage":21,"enemies":"3 Shapes","floor":35,"turns":4},{"damage":33,"enemies":"3 Darklings","floor":37,"turns":6},{"damage":43,"enemies":"Jaw Worm Horde","floor":39,"turns":5},{"damage":3,"enemies":"Writhing Mass","floor":40,"turns":2}],"seed_played":"3136001998765021003","potions_obtained":[{"floor":1,"key":"SpeedPotion"},{"floor":10,"key":"Block Potion"},{"floor":13,"key":"GamblersBrew"},{"floor":14,"key":"PowerPotion"},{"floor":16,"key":"SkillPotion"},{"floor":18,"key":"Energy Potion"},{"floor":20,"key":"SkillPotion"},{"floor":34,"key":"Regen Potion"}],"is_trial":false,"path_per_floor":["M","M","M","$","?","R","M","R","T","M","T","R","M","E","R","B",null,"M","?","M","?","$","R","M","R","T","R","?","E","R","M","R","B",null,"M","?","M","$","M","M"],"character_chosen":"DEFECT","items_purchased":["Defragment","Runic Capacitor","PreservedInsect"],"campfire_rested":2,"item_purchase_floors":[4,22,38],"current_hp_per_floor":[75,75,75,75,57,57,26,26,26,24,24,46,36,13,13,14,75,64,64,63,63,63,63,47,47,47,69,69,71,71,58,58,57,80,59,59,42,42,1,0],"gold":191,"neow_bonus":"THREE_ENEMY_KILL","is_prod":false,"is_daily":false,"chose_seed":false,"campfire_upgraded":6,"win_rate":0,"timestamp":1544631721,"path_taken":["M","M","M","?","?","R","M","R","T","?","?","R","M","E","R","BOSS","M","?","M","?","$","R","M","R","T","R","?","E","R","M","R","BOSS","M","?","M","$","M","M"],"build_version":"2018-12-06","purchased_purges":1,"victory":false,"max_hp_per_floor":[75,75,75,75,75,75,75,75,75,75,75,75,75,75,75,75,75,75,75,75,75,75,75,75,75,75,75,75,75,75,75,75,75,80,80,80,80,80,80,80],"card_choices":[{"not_picked":["Rebound","Sweeping Beam","Compile Driver"],"picked":"SKIP","floor":1},{"not_picked":["Beam Cell","Recycle"],"picked":"Capacitor","floor":2},{"not_picked":["Coolheaded","Beam Cell"],"picked":"Go for the Eyes","floor":3},{"not_picked":["Streamline","Scrape"],"picked":"Leap","floor":7},{"not_picked":["Steam","Coolheaded"],"picked":"Consume","floor":10},{"not_picked":["Sunder","Gash","Go for the Eyes"],"picked":"SKIP","floor":13},{"not_picked":["Streamline","Storm"],"picked":"Coolheaded","floor":14},{"not_picked":["Core Surge","Creative AI"],"picked":"Echo Form","floor":16},{"not_picked":[],"picked":"Conserve Battery","floor":18},{"not_picked":[],"picked":"Barrage","floor":20},{"not_picked":["Loop+1"],"picked":"SKIP","floor":24},{"not_picked":["Beam Cell"],"picked":"SKIP","floor":29},{"not_picked":["Leap+1"],"picked":"SKIP","floor":31},{"not_picked":[],"picked":"Go for the Eyes+1","floor":34},{"not_picked":["Redo"],"picked":"SKIP","floor":35},{"not_picked":["Chill"],"picked":"SKIP","floor":37},{"not_picked":["Rebound"],"picked":"SKIP","floor":39}],"player_experience":172689,"relics_obtained":[{"floor":11,"key":"Blood Vial"},{"floor":14,"key":"Bag of Preparation"},{"floor":26,"key":"Ornamental Fan"},{"floor":29,"key":"Omamori"}],"event_choices":[{"damage_healed":0,"gold_gain":0,"player_choice":"Take Damage","damage_taken":18,"relics_obtained":["Golden Idol"],"max_hp_gain":0,"max_hp_loss":0,"event_name":"Golden Idol","floor":5,"gold_loss":0},{"damage_healed":0,"gold_gain":0,"player_choice":"Opened","damage_taken":0,"relics_obtained":["Bag of Marbles"],"max_hp_gain":0,"max_hp_loss":0,"event_name":"The Mausoleum","floor":19,"gold_loss":0,"cards_obtained":["Writhe"]},{"damage_healed":0,"gold_gain":0,"player_choice":"Obtained Relic","damage_taken":0,"relics_obtained":["Ancient Tea Set"],"max_hp_gain":0,"max_hp_loss":0,"event_name":"Addict","floor":21,"gold_loss":85},{"damage_healed":0,"gold_gain":0,"player_choice":"Read","damage_taken":0,"max_hp_gain":0,"max_hp_loss":0,"event_name":"The Library","floor":28,"gold_loss":0,"cards_obtained":["Ball Lightning"]},{"cards_removed":["Go for the Eyes"],"damage_healed":0,"gold_gain":0,"player_choice":"Removed Attack","damage_taken":0,"max_hp_gain":0,"max_hp_loss":0,"event_name":"Falling","floor":36,"gold_loss":0}],"is_beta":false,"boss_relics":[{"not_picked":["Runic Pyramid","White Beast Statue"],"picked":"Busted Crown"},{"not_picked":["Coffee Dripper","Runic Dome"],"picked":"Tiny House"}],"items_purged_floors":[22],"is_endless":false,"potions_floor_spawned":[1,10,13,14,16,18,20],"killed_by":"Writhing Mass","ascension_level":0}