{"gold_per_floor":[111,127,52,227,227,227,227,265,265,290,330,355,390,403,403,403],"floor_reached":16,"playtime":1098,"items_purged":["Strike_G"],"score":160,"play_id":"75fc3652-96c4-405f-9e95-c9d702691d36","local_time":"20181222160918","is_ascension_mode":true,"campfire_choices":[{"data":"Neutralize","floor":6,"key":"SMITH"},{"data":"Adrenaline","floor":15,"key":"SMITH"}],"neow_cost":"NONE","seed_source_timestamp":20614671850666,"circlet_count":0,"master_deck":["Defend_G","Defend_G","Defend_G","Defend_G","Defend_G","Strike_G","Strike_G","Strike_G","Strike_G","Survivor","Neutralize+1","Prepared","Prepared","Adrenaline+1","Tactician","Escape Plan","Escape Plan"],"relics":["Ring of the Snake","NeowsBlessing","Golden Idol","Vajra","Meat on the Bone","PreservedInsect","The Courier"],"potions_floor_usage":[11,11,13,16],"damage_taken":[{"damage":0,"enemies":"Jaw Worm","floor":1,"turns":1},{"damage":0,"enemies":"Small Slimes","floor":2,"turns":1},{"damage":0,"enemies":"Gremlin Nob","floor":8,"turns":1},{"damage":1,"enemies":"2 Louse","floor":10,"turns":2},{"damage":19,"enemies":"3 Sentries","floor":11,"turns":15},{"damage":0,"enemies":"Blue Slaver","floor":12,"turns":5},{"damage":15,"enemies":"Lagavulin","floor":13,"turns":8},{"damage":1,"enemies":"2 Fungi Beasts","floor":14,"turns":5},{"damage":41,"enemies":"The Guardian","floor":16,"turns":17}],"seed_played":"-8299836678758191133","potions_obtained":[{"floor":1,"key":"GamblersBrew"},{"floor":10,"key":"Dexterity Potion"},{"floor":12,"key":"Ancient Potion"},{"floor":14,"key":"Poison Potion"}],"is_trial":false,"path_per_floor":["M","M","$","?","?","R","?","E","T","M","E","M","E","M","R","B"],"character_chosen":"THE_SILENT","items_purchased":[],"campfire_rested":0,"item_purchase_floors":[],"current_hp_per_floor":[70,70,70,70,53,53,53,53,53,52,45,45,42,41,41,0],"gold":403,"neow_bonus":"THREE_ENEMY_KILL","is_prod":false,"is_daily":false,"chose_seed":false,"campfire_upgraded":2,"win_rate":0,"timestamp":1545466158,"path_taken":["M","M","$","?","?","R","?","E","T","?","E","M","E","M","R","BOSS"],"build_version":"2018-12-20","purchased_purges":1,"victory":false,"max_hp_per_floor":[70,70,70,70,70,70,70,70,70,70,70,70,70,70,70,70],"card_choices":[{"not_picked":["Expertise","Bane"],"picked":"Prepared","floor":1},{"not_picked":["Sucker Punch","Acrobatics"],"picked":"Prepared","floor":2},{"not_picked":["Blade Dance","Dagger Spray"],"picked":"Adrenaline","floor":8},{"not_picked":["Prepared","Crippling Poison"],"picked":"Tactician","floor":10},{"not_picked":["Blade Dance","Slice","Setup"],"picked":"SKIP","floor":11},{"not_picked":["PiercingWail","All Out Attack"],"picked":"Escape Plan","floor":12},{"not_picked":["Outmaneuver","Choke"],"picked":"Escape Plan","floor":13},{"not_picked":["Bane","Dagger Spray","Flechettes"],"picked":"SKIP","floor":14}],"player_experience":354694,"relics_obtained":[{"floor":8,"key":"Vajra"},{"floor":9,"key":"Meat on the Bone"},{"floor":11,"key":"PreservedInsect"},{"floor":13,"key":"The Courier"}],"event_choices":[{"damage_healed":0,"gold_gain":175,"player_choice":"AGREE","damage_taken":0,"max_hp_gain":0,"max_hp_loss":0,"event_name":"Liars Game","floor":4,"gold_loss":0,"cards_obtained":["Doubt"]},{"damage_healed":0,"gold_gain":0,"player_choice":"Take Damage","damage_taken":17,"relics_obtained":["Golden Idol"],"max_hp_gain":0,"max_hp_loss":0,"event_name":"Golden Idol","floor":5,"gold_loss":0},{"cards_removed":["Doubt"],"damage_healed":0,"gold_gain":0,"player_choice":"Forget","damage_taken":0,"max_hp_gain":0,"max_hp_loss":0,"event_name":"Living Wall","floor":7,"gold_loss":0}],"is_beta":false,"boss_relics":[],"items_purged_floors":[3],"is_endless":false,"potions_floor_spawned":[1,10,12,14],"killed_by":"The Guardian","ascension_level":2}