{"gold_per_floor":[115,190,190,205,222,254,254,284,284,284,305,305,305,4,4,129,129,153,53,43,43,57,57,57],"floor_reached":24,"playtime":1191,"items_purged":["Strike_B","Seek"],"score":286,"play_id":"b0dcf458-53b7-416b-aa7d-b746c7ba45b8","local_time":"20190405191858","is_ascension_mode":true,"campfire_choices":[{"floor":7,"key":"REST"},{"floor":15,"key":"REST"},{"data":"Sunder","floor":23,"key":"SMITH"}],"neow_cost":"NONE","seed_source_timestamp":1023967260802890,"circlet_count":0,"master_deck":["Zap+1","Dualcast","Sweeping Beam","Auto Shields","Conserve Battery","Glacier","Blizzard+1","Cold Snap","Ball Lightning","Buffer","Seek","Reprogram","Skim","Sunder+1","Scrape","Barrage","Writhe","Barrage+1"],"relics":["Cracked Core","StoneCalendar","Gambling Chip","Shuriken","Mango","Golden Idol","Oddly Smooth Stone","Pandora\u0027s Box","Orichalcum"],"potions_floor_usage":[8],"damage_taken":[{"damage":7,"enemies":"Jaw Worm","floor":1,"turns":3},{"damage":0,"enemies":"Small Slimes","floor":4,"turns":3},{"damage":0,"enemies":"2 Louse","floor":5,"turns":2},{"damage":20,"enemies":"3 Sentries","floor":6,"turns":6},{"damage":27,"enemies":"Gremlin Nob","floor":8,"turns":5},{"damage":0,"enemies":"Looter","floor":11,"turns":4},{"damage":3,"enemies":"The Guardian","floor":16,"turns":10},{"damage":0,"enemies":"Chosen","floor":18,"turns":6},{"damage":14,"enemies":"2 Thieves","floor":20,"turns":4},{"damage":27,"enemies":"Snake Plant","floor":22,"turns":5},{"damage":38,"enemies":"Book of Stabbing","floor":24,"turns":5}],"seed_played":"2712494349581702629","potions_obtained":[{"floor":5,"key":"Block Potion"},{"floor":11,"key":"SteroidPotion"},{"floor":18,"key":"GamblersBrew"},{"floor":22,"key":"EssenceOfSteel"}],"is_trial":false,"path_per_floor":["M","?","?","M","M","E","R","E","T","?","M","?","?","$","R","B",null,"M","$","M","?","M","R","E"],"character_chosen":"DEFECT","items_purchased":["Oddly Smooth Stone","Cold Snap","Ball Lightning"],"campfire_rested":2,"item_purchase_floors":[14,14,14],"current_hp_per_floor":[61,50,47,47,47,27,49,22,36,36,36,36,29,29,53,50,74,74,74,60,60,33,33,0],"gold":57,"neow_bonus":"UPGRADE_CARD","is_prod":false,"is_daily":false,"chose_seed":false,"campfire_upgraded":1,"win_rate":0,"timestamp":1554484738,"path_taken":["M","?","?","M","M","E","R","E","T","?","M","?","?","$","R","BOSS","M","$","M","?","M","R","E"],"build_version":"2019-01-23","purchased_purges":2,"victory":false,"max_hp_per_floor":[75,75,75,75,75,75,75,75,89,82,82,82,82,82,82,82,82,82,82,82,82,82,82,82],"card_choices":[{"not_picked":["Rebound","Auto Shields"],"picked":"Sweeping Beam","floor":1},{"not_picked":["Barrage","Compile Driver"],"picked":"Auto Shields","floor":4},{"not_picked":["Stack","Tempest","Leap"],"picked":"SKIP","floor":5},{"not_picked":["Hologram","Leap"],"picked":"Conserve Battery","floor":6},{"not_picked":["Compile Driver","Turbo"],"picked":"Glacier","floor":8},{"not_picked":["Genetic Algorithm","Go for the Eyes"],"picked":"Blizzard","floor":11},{"not_picked":["Core Surge","Seek"],"picked":"Buffer","floor":16},{"not_picked":["Compile Driver","Sweeping Beam","Streamline"],"picked":"SKIP","floor":18},{"not_picked":["BootSequence+1","Melter"],"picked":"Barrage","floor":20},{"not_picked":["Stack","Consume"],"picked":"Barrage+1","floor":22}],"player_experience":437107,"relics_obtained":[{"floor":6,"key":"Gambling Chip"},{"floor":8,"key":"Shuriken"},{"floor":9,"key":"Mango"}],"event_choices":[{"damage_healed":0,"gold_gain":75,"player_choice":"Gather Gold","damage_taken":11,"max_hp_gain":0,"max_hp_loss":0,"event_name":"World of Goop","floor":2,"gold_loss":0},{"damage_healed":0,"gold_gain":0,"player_choice":"Success","damage_taken":3,"relics_obtained":["StoneCalendar"],"max_hp_gain":0,"max_hp_loss":0,"event_name":"Scrap Ooze","floor":3,"gold_loss":0},{"damage_healed":0,"gold_gain":0,"player_choice":"Lose Max HP","damage_taken":0,"relics_obtained":["Golden Idol"],"max_hp_gain":0,"max_hp_loss":7,"event_name":"Golden Idol","floor":10,"gold_loss":0},{"damage_healed":0,"gold_gain":0,"player_choice":"Grow","damage_taken":0,"max_hp_gain":0,"max_hp_loss":0,"event_name":"Living Wall","floor":12,"gold_loss":0,"cards_upgraded":["Blizzard"]},{"cards_removed":["Strike_B"],"damage_healed":0,"gold_gain":0,"player_choice":"Card Removal","damage_taken":7,"max_hp_gain":0,"max_hp_loss":0,"event_name":"Golden Wing","floor":13,"gold_loss":0},{"damage_healed":0,"gold_gain":0,"player_choice":"Opened","damage_taken":0,"relics_obtained":["Orichalcum"],"max_hp_gain":0,"max_hp_loss":0,"event_name":"The Mausoleum","floor":21,"gold_loss":0,"cards_obtained":["Writhe"]}],"is_beta":false,"boss_relics":[{"not_picked":["Empty Cage","Busted Crown"],"picked":"Pandora\u0027s Box"}],"items_purged_floors":[14,19],"is_endless":false,"potions_floor_spawned":[5,11,18,22],"killed_by":"Book of Stabbing","ascension_level":8}