{"gold_per_floor":[118,40,40,59,76,111,111,111,159,169,169,169,169,180,180,280,280,300,300,312,329,346,346],"floor_reached":23,"playtime":1527,"items_purged":[],"score":193,"play_id":"b12fac5b-0738-4f11-bed0-278085133926","local_time":"20190331005632","is_ascension_mode":false,"campfire_choices":[{"data":"Bash","floor":8,"key":"SMITH"},{"data":"Armaments","floor":11,"key":"SMITH"},{"data":"1","floor":15,"key":"LIFT"}],"neow_cost":"NONE","seed_source_timestamp":92728077219732,"circlet_count":0,"master_deck":["Strike_R","Strike_R","Strike_R","Strike_R","Defend_R","Defend_R","Defend_R","Defend_R","Bash+1","Shrug It Off","Ghostly Armor","Iron Wave","Armaments+1","Anger","Bludgeon","Twin Strike+1","Intimidate","Shrug It Off"],"relics":["Burning Blood","Anchor","Art of War","Girya","Black Star"],"potions_floor_usage":[16,23,23],"damage_taken":[{"damage":6,"enemies":"Cultist","floor":1,"turns":3},{"damage":4,"enemies":"2 Louse","floor":4,"turns":3},{"damage":1,"enemies":"Jaw Worm","floor":5,"turns":4},{"damage":63,"enemies":"Gremlin Nob","floor":6,"turns":7},{"damage":2,"enemies":"Blue Slaver","floor":10,"turns":5},{"damage":1,"enemies":"3 Louse","floor":14,"turns":4},{"damage":20,"enemies":"The Guardian","floor":16,"turns":16},{"damage":18,"enemies":"Spheric Guardian","floor":18,"turns":8},{"damage":0,"enemies":"Chosen","floor":20,"turns":5},{"damage":18,"enemies":"Snake Plant","floor":21,"turns":5},{"damage":31,"enemies":"3 Cultists","floor":22,"turns":8},{"damage":51,"enemies":"Gremlin Leader","floor":23,"turns":7}],"seed_played":"-7122149357618762602","potions_obtained":[{"floor":4,"key":"Energy Potion"},{"floor":5,"key":"SpeedPotion"},{"floor":6,"key":"SneckoOil"},{"floor":10,"key":"Ancient Potion"},{"floor":18,"key":"Weak Potion"}],"is_trial":false,"path_per_floor":["M","$","?","M","M","E","?","R","T","M","R","$","T","M","R","B",null,"M","$","M","M","M","E"],"character_chosen":"IRONCLAD","items_purchased":["Ghostly Armor"],"campfire_rested":0,"item_purchase_floors":[2],"current_hp_per_floor":[88,88,88,88,88,31,31,31,31,35,35,35,35,40,40,26,88,76,76,82,70,45,0],"gold":346,"neow_bonus":"TEN_PERCENT_HP_BONUS","is_prod":false,"is_daily":false,"chose_seed":false,"campfire_upgraded":2,"win_rate":0,"timestamp":1554008192,"path_taken":["M","?","?","M","?","E","?","R","T","?","R","?","?","M","R","BOSS","M","$","M","M","M","E"],"build_version":"2019-01-23","purchased_purges":0,"victory":false,"max_hp_per_floor":[88,88,88,88,88,88,88,88,88,88,88,88,88,88,88,88,88,88,88,88,88,88,88],"card_choices":[{"not_picked":["Pummel","Iron Wave"],"picked":"Shrug It Off","floor":1},{"not_picked":["Wild Strike","Thunderclap","Pommel Strike"],"picked":"SKIP","floor":4},{"not_picked":["Cleave","Feel No Pain"],"picked":"Armaments","floor":5},{"not_picked":["Demon Form","Flex","Power Through"],"picked":"SKIP","floor":6},{"not_picked":["Warcry","True Grit","Body Slam"],"picked":"SKIP","floor":10},{"not_picked":["Rupture","Entrench"],"picked":"Anger","floor":14},{"not_picked":["Fiend Fire","Brutality"],"picked":"Bludgeon","floor":16},{"not_picked":["Searing Blow","Carnage"],"picked":"Twin Strike+1","floor":18},{"not_picked":["Headbutt+1","Evolve"],"picked":"Intimidate","floor":20},{"not_picked":["Warcry","Flex+1"],"picked":"Shrug It Off","floor":21},{"not_picked":["Wild Strike+1","Rampage","Sever Soul"],"picked":"SKIP","floor":22}],"player_experience":107223,"relics_obtained":[{"floor":6,"key":"Anchor"},{"floor":9,"key":"Art of War"},{"floor":13,"key":"Girya"}],"event_choices":[{"cards_removed":["Strike_R"],"damage_healed":0,"gold_gain":0,"player_choice":"Took Card","damage_taken":0,"max_hp_gain":0,"max_hp_loss":0,"event_name":"NoteForYourself","floor":3,"gold_loss":0,"cards_obtained":["Iron Wave"]},{"damage_healed":0,"gold_gain":0,"player_choice":"Bought 0 Potions","damage_taken":0,"max_hp_gain":0,"max_hp_loss":0,"event_name":"The Woman in Blue","floor":7,"gold_loss":0}],"is_beta":false,"boss_relics":[{"not_picked":["Orrery","Tiny House"],"picked":"Black Star"}],"items_purged_floors":[],"is_endless":false,"potions_floor_spawned":[4,5,6,10,18,22],"killed_by":"Gremlin Leader","ascension_level":0}