{"gold_per_floor":[209,134,147,147,160,160,171,13,36,65,80,97,108,108,108,108],"floor_reached":16,"playtime":646,"items_purged":["Regret"],"score":208,"play_id":"2a06da42-3098-44d4-8ab3-753dfdf279e1","local_time":"20190501162830","is_ascension_mode":true,"campfire_choices":[{"data":"Neutralize","floor":6,"key":"SMITH"},{"floor":15,"key":"REST"}],"neow_cost":"NONE","seed_source_timestamp":496293079381600,"circlet_count":0,"master_deck":["AscendersBane","Defend_G","Defend_G","Defend_G","Defend_G+1","Defend_G","Strike_G","Strike_G","Strike_G","Strike_G","Survivor","Neutralize+1","Flying Knee","Cloak And Dagger","Prepared+1","Dagger Throw","Footwork","Sucker Punch","PiercingWail","Calculated Gamble","Cloak And Dagger"],"relics":["Ring of the Snake","Lantern","War Paint","Matryoshka","Ancient Tea Set"],"potions_floor_usage":[10],"damage_taken":[{"damage":0,"enemies":"2 Louse","floor":1,"turns":3},{"damage":3,"enemies":"Jaw Worm","floor":3,"turns":4},{"damage":3,"enemies":"Cultist","floor":5,"turns":4},{"damage":0,"enemies":"Looter","floor":7,"turns":4},{"damage":16,"enemies":"Lagavulin","floor":10,"turns":9},{"damage":15,"enemies":"Gremlin Gang","floor":11,"turns":7},{"damage":2,"enemies":"2 Fungi Beasts","floor":12,"turns":3},{"damage":7,"enemies":"Lots of Slimes","floor":13,"turns":6},{"damage":43,"enemies":"The Guardian","floor":16,"turns":15}],"seed_played":"-6082235147188050734","potions_obtained":[{"floor":5,"key":"LiquidBronze"},{"floor":7,"key":"Fruit Juice"},{"floor":11,"key":"Dexterity Potion"}],"is_trial":false,"path_per_floor":["M","?","M","?","M","R","M","$","T","E","M","M","M","?","R","B"],"character_chosen":"THE_SILENT","items_purchased":["Footwork"],"campfire_rested":1,"item_purchase_floors":[8],"current_hp_per_floor":[59,59,56,56,53,53,53,53,53,42,27,25,18,18,39,0],"gold":108,"neow_bonus":"HUNDRED_GOLD","is_prod":false,"is_daily":false,"chose_seed":false,"campfire_upgraded":1,"win_rate":0,"timestamp":1556720910,"path_taken":["M","?","M","?","M","R","M","?","T","E","M","?","M","?","R","BOSS"],"build_version":"2019-01-23","purchased_purges":1,"victory":false,"max_hp_per_floor":[66,66,66,66,66,66,66,66,66,71,71,71,71,71,71,71],"card_choices":[{"not_picked":["Underhanded Strike","Accuracy"],"picked":"Flying Knee","floor":1},{"not_picked":["Deflect","Backflip"],"picked":"Cloak And Dagger","floor":3},{"not_picked":["Bane","Accuracy"],"picked":"Prepared","floor":5},{"not_picked":["Choke","Outmaneuver"],"picked":"Dagger Throw","floor":7},{"not_picked":["Envenom","Distraction"],"picked":"Sucker Punch","floor":10},{"not_picked":["Blade Dance","Sucker Punch"],"picked":"PiercingWail","floor":11},{"not_picked":["Catalyst","Deadly Poison"],"picked":"Calculated Gamble","floor":12},{"not_picked":["Backflip","PiercingWail"],"picked":"Cloak And Dagger","floor":13}],"player_experience":621831,"relics_obtained":[{"floor":9,"key":"War Paint"},{"floor":10,"key":"Matryoshka"}],"event_choices":[{"cards_removed":["Strike_G"],"damage_healed":0,"gold_gain":0,"player_choice":"Card Removal","damage_taken":0,"max_hp_gain":0,"max_hp_loss":0,"event_name":"The Cleric","floor":2,"gold_loss":75},{"damage_healed":0,"gold_gain":0,"player_choice":"Box","damage_taken":0,"relics_obtained":["Lantern"],"max_hp_gain":0,"max_hp_loss":0,"event_name":"Big Fish","floor":4,"gold_loss":0,"cards_obtained":["Regret"]},{"damage_healed":0,"gold_gain":0,"player_choice":"Searched \u00271\u0027 times","damage_taken":0,"relics_obtained":["Ancient Tea Set"],"max_hp_gain":0,"max_hp_loss":0,"event_name":"Dead Adventurer","floor":14,"gold_loss":0}],"is_beta":false,"boss_relics":[],"items_purged_floors":[8],"is_endless":false,"potions_floor_spawned":[5,7,11],"killed_by":"The Guardian","ascension_level":20}