{"gold_per_floor":[110,127,127,143,143,143,12,30,30,50,15,0,30,42,42,116,116,136,36,55,55,68,68,68,68],"floor_reached":25,"playtime":1124,"items_purged":["Regret","Strike_R"],"score":406,"play_id":"8e189a75-a408-498b-b9bc-398d6488af5a","local_time":"20190319163126","is_ascension_mode":true,"campfire_choices":[{"data":"Bash","floor":6,"key":"SMITH"},{"data":"Limit Break","floor":15,"key":"SMITH"},{"floor":23,"key":"REST"}],"neow_cost":"NONE","seed_source_timestamp":49177660126961,"circlet_count":0,"master_deck":["AscendersBane","Strike_R","Defend_R","Defend_R","Defend_R","Defend_R","Bash+1","Limit Break+1","Clothesline","Anger+1","Flame Barrier","Shrug It Off","Iron Wave","Reaper","Immolate","Seeing Red+1","Reckless Charge+1","Clash+1","Warcry+1","Shockwave+1","Headbutt"],"relics":["Burning Blood","Nunchaku","Ice Cream","Shuriken","Astrolabe"],"potions_floor_usage":[13,16,16,22],"damage_taken":[{"damage":16,"enemies":"Jaw Worm","floor":1,"turns":6},{"damage":4,"enemies":"Small Slimes","floor":2,"turns":3},{"damage":6,"enemies":"2 Louse","floor":4,"turns":3},{"damage":21,"enemies":"Large Slime","floor":8,"turns":7},{"damage":12,"enemies":"Exordium Thugs","floor":10,"turns":4},{"damage":34,"enemies":"3 Sentries","floor":13,"turns":11},{"damage":12,"enemies":"Red Slaver","floor":14,"turns":5},{"damage":18,"enemies":"Hexaghost","floor":16,"turns":9},{"damage":2,"enemies":"Chosen","floor":18,"turns":4},{"damage":15,"enemies":"Shell Parasite","floor":20,"turns":6},{"damage":55,"enemies":"Cultist and Chosen","floor":22,"turns":6},{"damage":62,"enemies":"Slavers","floor":25,"turns":5}],"seed_played":"-5085145493551968484","potions_obtained":[{"floor":10,"key":"SkillPotion"},{"floor":13,"key":"Regen Potion"},{"floor":14,"key":"EssenceOfSteel"},{"floor":18,"key":"GamblersBrew"}],"is_trial":false,"path_per_floor":["M","M","?","M","?","R","$","M","T","M","?","?","E","M","R","B",null,"M","$","M","?","M","R","?","E"],"character_chosen":"IRONCLAD","items_purchased":["Shrug It Off"],"campfire_rested":1,"item_purchase_floors":[7],"current_hp_per_floor":[58,60,60,60,60,60,60,45,45,39,57,57,29,29,29,32,64,68,68,68,68,25,47,62,0],"gold":68,"neow_bonus":"ONE_RANDOM_RARE_CARD","is_prod":false,"is_daily":false,"chose_seed":false,"campfire_upgraded":2,"win_rate":0,"timestamp":1552980686,"path_taken":["M","M","?","M","?","R","$","M","T","M","?","?","E","?","R","BOSS","M","?","M","?","M","R","?","E"],"build_version":"2019-01-23","purchased_purges":2,"victory":false,"max_hp_per_floor":[75,75,75,75,75,75,75,75,75,75,75,75,75,75,75,75,75,75,75,75,75,75,75,75,75],"card_choices":[{"not_picked":["Clash","Flex"],"picked":"Clothesline","floor":1},{"not_picked":["Body Slam","Twin Strike"],"picked":"Anger","floor":2},{"not_picked":["Body Slam","Dual Wield"],"picked":"Flame Barrier","floor":4},{"not_picked":["Clash","Searing Blow","Thunderclap"],"picked":"SKIP","floor":8},{"not_picked":["True Grit","Exhume"],"picked":"Iron Wave","floor":10},{"not_picked":["Bloodletting","Bludgeon"],"picked":"Reaper","floor":13},{"not_picked":["Warcry","True Grit","Anger"],"picked":"SKIP","floor":14},{"not_picked":["Impervious","Feed"],"picked":"Immolate","floor":16},{"not_picked":["True Grit","Fire Breathing"],"picked":"Warcry+1","floor":18},{"not_picked":["Hemokinesis","Sword Boomerang"],"picked":"Shockwave+1","floor":20},{"not_picked":["Warcry","Anger"],"picked":"Headbutt","floor":22}],"player_experience":752563,"relics_obtained":[{"floor":9,"key":"Ice Cream"},{"floor":13,"key":"Shuriken"}],"event_choices":[{"damage_healed":0,"gold_gain":0,"player_choice":"Grow","damage_taken":0,"max_hp_gain":0,"max_hp_loss":0,"event_name":"Living Wall","floor":3,"gold_loss":0,"cards_upgraded":["Anger"]},{"damage_healed":0,"gold_gain":0,"player_choice":"Box","damage_taken":0,"relics_obtained":["Nunchaku"],"max_hp_gain":0,"max_hp_loss":0,"event_name":"Big Fish","floor":5,"gold_loss":0,"cards_obtained":["Regret"]},{"damage_healed":18,"gold_gain":0,"player_choice":"Healed","damage_taken":0,"max_hp_gain":0,"max_hp_loss":0,"event_name":"The Cleric","floor":11,"gold_loss":35},{"damage_healed":0,"gold_gain":0,"player_choice":"Left Gold","damage_taken":0,"max_hp_gain":0,"max_hp_loss":0,"event_name":"World of Goop","floor":12,"gold_loss":15},{"damage_healed":0,"gold_gain":0,"player_choice":"Ignored","damage_taken":0,"max_hp_gain":0,"max_hp_loss":0,"event_name":"The Mausoleum","floor":21,"gold_loss":0},{"damage_healed":15,"gold_gain":0,"player_choice":"Heal","damage_taken":0,"max_hp_gain":0,"max_hp_loss":0,"event_name":"The Library","floor":24,"gold_loss":0}],"is_beta":false,"boss_relics":[{"not_picked":["Black Blood","Orrery"],"picked":"Astrolabe"}],"items_purged_floors":[7,19],"is_endless":false,"potions_floor_spawned":[10,13,14,18],"killed_by":"Slavers","ascension_level":20}