{"gold_per_floor":[111,91,109,128,143,143,174,174,198,198,231,231,266,282,282,356,356,375,375,66,84,84,112,112,146,173,45,62,77,106,106,106,177,177,191,103,103,120,120,120],"floor_reached":40,"playtime":2695,"items_purged":["Writhe","Strike_B+1"],"score":835,"play_id":"f4326574-610e-4ead-b060-c27f19f40d2b","local_time":"20190415230749","is_ascension_mode":true,"campfire_choices":[{"data":"Go for the Eyes","floor":6,"key":"SMITH"},{"floor":8,"key":"REST"},{"data":"Genetic Algorithm","floor":12,"key":"SMITH"},{"floor":15,"key":"REST"},{"data":"Electrodynamics","floor":24,"key":"SMITH"},{"data":"Core Surge","floor":32,"key":"SMITH"}],"neow_cost":"NONE","seed_source_timestamp":460679087975360,"circlet_count":0,"master_deck":["AscendersBane","Strike_B+1","Strike_B+1","Strike_B+1","Defend_B+1","Defend_B+1","Defend_B+1","Defend_B+1","Zap+1","Dualcast","Ball Lightning","Rebound","Genetic Algorithm+1","Go for the Eyes+1","Doom and Gloom","Leap","Steam","Electrodynamics+1","Leap+1","Core Surge+1","Hologram+1","Auto Shields+1","Echo Form","BootSequence","Glacier"],"relics":["Cracked Core","War Paint","Anchor","Bag of Marbles","Whetstone","Coffee Dripper","MawBank","Happy Flower","Ornamental Fan","Gremlin Horn","Pen Nib","Blood Vial","Eternal Feather"],"potions_floor_usage":[5,11,13,16,23,30,33,39],"damage_taken":[{"damage":7,"enemies":"Jaw Worm","floor":1,"turns":4},{"damage":6,"enemies":"Cultist","floor":3,"turns":3},{"damage":0,"enemies":"2 Louse","floor":4,"turns":1},{"damage":5,"enemies":"2 Fungi Beasts","floor":5,"turns":3},{"damage":29,"enemies":"3 Sentries","floor":7,"turns":8},{"damage":16,"enemies":"Gremlin Nob","floor":11,"turns":4},{"damage":15,"enemies":"Lagavulin","floor":13,"turns":7},{"damage":0,"enemies":"Exordium Wildlife","floor":14,"turns":4},{"damage":30,"enemies":"Hexaghost","floor":16,"turns":10},{"damage":3,"enemies":"3 Byrds","floor":18,"turns":7},{"damage":0,"enemies":"Chosen","floor":21,"turns":3},{"damage":14,"enemies":"Gremlin Leader","floor":23,"turns":7},{"damage":18,"enemies":"Slavers","floor":25,"turns":3},{"damage":2,"enemies":"Snecko","floor":28,"turns":6},{"damage":0,"enemies":"Centurion and Healer","floor":29,"turns":3},{"damage":4,"enemies":"Gremlin Leader","floor":30,"turns":7},{"damage":26,"enemies":"Collector","floor":33,"turns":12},{"damage":1,"enemies":"3 Darklings","floor":35,"turns":4},{"damage":6,"enemies":"3 Shapes","floor":38,"turns":3},{"damage":0,"enemies":"Writhing Mass","floor":39,"turns":2},{"damage":126,"enemies":"Giant Head","floor":40,"turns":12}],"seed_played":"971577636325526226","potions_obtained":[{"floor":1,"key":"SpeedPotion"},{"floor":2,"key":"Fire Potion"},{"floor":4,"key":"Strength Potion"},{"floor":11,"key":"Energy Potion"},{"floor":13,"key":"SkillPotion"},{"floor":16,"key":"Energy Potion"},{"floor":28,"key":"EssenceOfSteel"},{"floor":29,"key":"PowerPotion"},{"floor":30,"key":"Ancient Potion"},{"floor":33,"key":"SmokeBomb"},{"floor":35,"key":"EssenceOfSteel"}],"is_trial":false,"path_per_floor":["M","?","M","M","M","R","E","R","T","?","E","R","E","M","R","B",null,"M","?","$","M","?","E","R","E","T","$","M","M","E","?","R","B",null,"M","$","?","M","M","E"],"character_chosen":"DEFECT","items_purchased":["Regen Potion","Happy Flower","Hologram","BootSequence"],"campfire_rested":2,"item_purchase_floors":[20,20,27,36],"current_hp_per_floor":[64,64,58,58,53,53,24,47,47,47,31,31,16,16,39,9,61,58,58,58,58,58,59,59,41,41,41,39,39,35,35,35,11,61,62,62,62,58,60,0],"gold":120,"neow_bonus":"TEN_PERCENT_HP_BONUS","is_prod":false,"is_daily":false,"chose_seed":false,"campfire_upgraded":4,"win_rate":0,"timestamp":1555362469,"path_taken":["M","?","M","M","?","R","E","R","T","?","E","R","E","M","R","BOSS","M","?","$","M","?","E","R","E","T","$","?","M","E","?","R","BOSS","M","$","?","M","M","E"],"build_version":"2019-01-23","purchased_purges":2,"victory":false,"max_hp_per_floor":[78,78,78,78,78,78,78,78,78,78,78,78,78,78,78,78,78,78,78,78,78,78,78,78,78,78,78,78,78,78,78,78,78,78,78,78,74,74,74,74],"card_choices":[{"not_picked":["Sunder","Conserve Battery"],"picked":"Ball Lightning","floor":1},{"not_picked":["Hello World","Reprogram"],"picked":"Rebound","floor":3},{"not_picked":["Scrape","Redo"],"picked":"Genetic Algorithm","floor":4},{"not_picked":["Coolheaded","Streamline"],"picked":"Go for the Eyes","floor":5},{"not_picked":["Gash","Rebound","Go for the Eyes"],"picked":"SKIP","floor":7},{"not_picked":["Scrape","Storm"],"picked":"Doom and Gloom","floor":11},{"not_picked":["Barrage","Reboot"],"picked":"Leap","floor":13},{"not_picked":["Undo","Consume"],"picked":"Steam","floor":14},{"not_picked":["Multi-Cast","Rainbow"],"picked":"Electrodynamics","floor":16},{"not_picked":["Ball Lightning","Heatsinks","Loop"],"picked":"SKIP","floor":18},{"not_picked":["Compile Driver","Blizzard"],"picked":"Leap+1","floor":21},{"not_picked":["White Noise","Doom and Gloom","Beam Cell"],"picked":"SKIP","floor":23},{"not_picked":["Blizzard","Force Field"],"picked":"Core Surge","floor":25},{"not_picked":["Steam","FTL"],"picked":"Auto Shields+1","floor":28},{"not_picked":["Steam Power","Turbo","Loop"],"picked":"SKIP","floor":29},{"not_picked":["Undo","Auto Shields","Leap"],"picked":"SKIP","floor":30},{"not_picked":["Hyperbeam","Core Surge"],"picked":"Echo Form","floor":33},{"not_picked":["Scrape","Skim","Fusion"],"picked":"SKIP","floor":35},{"not_picked":["Barrage","Force Field+1"],"picked":"Glacier","floor":38}],"player_experience":640093,"relics_obtained":[{"floor":7,"key":"War Paint"},{"floor":9,"key":"Anchor"},{"floor":11,"key":"Bag of Marbles"},{"floor":13,"key":"Whetstone"},{"floor":23,"key":"Ornamental Fan"},{"floor":25,"key":"Gremlin Horn"},{"floor":26,"key":"Pen Nib"},{"floor":30,"key":"Blood Vial"}],"event_choices":[{"damage_healed":0,"gold_gain":0,"player_choice":"Bought 1 Potion","damage_taken":0,"max_hp_gain":0,"max_hp_loss":0,"event_name":"The Woman in Blue","floor":2,"gold_loss":0},{"damage_healed":0,"gold_gain":0,"player_choice":"Ignored","damage_taken":0,"max_hp_gain":0,"max_hp_loss":0,"event_name":"Liars Game","floor":10,"gold_loss":0},{"damage_healed":0,"gold_gain":0,"player_choice":"Opened","damage_taken":0,"relics_obtained":["MawBank"],"max_hp_gain":0,"max_hp_loss":0,"event_name":"The Mausoleum","floor":19,"gold_loss":0,"cards_obtained":["Writhe"]},{"damage_healed":0,"gold_gain":0,"player_choice":"Simplicity","damage_taken":0,"max_hp_gain":0,"max_hp_loss":0,"event_name":"Back to Basics","floor":22,"gold_loss":0,"cards_upgraded":["Strike_B","Strike_B","Defend_B","Defend_B","Defend_B"]},{"damage_healed":0,"gold_gain":0,"player_choice":"Forge","damage_taken":0,"max_hp_gain":0,"max_hp_loss":0,"event_name":"Accursed Blacksmith","floor":31,"gold_loss":0,"cards_upgraded":["Hologram"]},{"damage_healed":0,"gold_gain":0,"player_choice":"Max HP","damage_taken":0,"max_hp_gain":0,"max_hp_loss":4,"event_name":"Winding Halls","floor":37,"gold_loss":0}],"is_beta":false,"boss_relics":[{"not_picked":["Tiny House","Runic Dome"],"picked":"Coffee Dripper"},{"not_picked":["Snecko Eye","Busted Crown"],"picked":"Eternal Feather"}],"items_purged_floors":[20,27],"is_endless":false,"potions_floor_spawned":[1,4,11,13,16,28,29,30,33,35,39],"killed_by":"Giant Head","ascension_level":16}