{"gold_per_floor":[109,124,124,124,23,58,58,87,141,171,197,197,216,235,235,359,359,375,500,524,545,156,156,171,209,209,209,220,236,263,263,263,367,367,378,478,478,496,151,151,177,196,221,233,244,260,329,343,343,343,343,343,118,150,150],"floor_reached":56,"playtime":3832,"items_purged":["Strike_B","Strike_B","Strike_B","Blizzard"],"score":1261,"play_id":"4ebb9e24-1ce6-43b8-828f-974376f64743","local_time":"20190510004733","is_ascension_mode":true,"campfire_choices":[{"data":"Go for the Eyes","floor":7,"key":"SMITH"},{"data":"Capacitor","floor":15,"key":"SMITH"},{"floor":23,"key":"REST"},{"floor":32,"key":"REST"},{"data":"Echo Form","floor":40,"key":"SMITH"},{"floor":49,"key":"RECALL"},{"data":"Capacitor","floor":52,"key":"SMITH"}],"neow_cost":"NONE","seed_source_timestamp":114889280343905,"circlet_count":0,"master_deck":["Strike_B","Defend_B","Defend_B","Defend_B","Defend_B","Zap+1","Dualcast","Ball Lightning","Go for the Eyes+1","Coolheaded","Ball Lightning","Coolheaded","Loop","Capacitor+1","Biased Cognition","Barrage","Compile Driver","Auto Shields","Defragment+1","Chill","Turbo","Echo Form+1","Reinforced Body","Capacitor+1","Static Discharge","Chaos+1","Hologram+1","Electrodynamics","Barrage","Parasite","Defragment+1"],"relics":["Cracked Core","Boot","Oddly Smooth Stone","Mercury Hourglass","Bag of Marbles","Girya","Bloody Idol","Runic Pyramid","Prayer Wheel","Matryoshka","Meat on the Bone","Red Mask","DataDisk","Vajra","Nilry\u0027s Codex","Nuclear Battery","Unceasing Top","SsserpentHead","Strawberry","Bird Faced Urn","Lantern","Ancient Tea Set","Art of War"],"potions_floor_usage":[19,47,55,55],"damage_taken":[{"damage":4,"enemies":"Small Slimes","floor":1,"turns":4},{"damage":1,"enemies":"2 Louse","floor":2,"turns":2},{"damage":12,"enemies":"3 Sentries","floor":6,"turns":7},{"damage":2,"enemies":"Lagavulin","floor":8,"turns":7},{"damage":5,"enemies":"Gremlin Nob","floor":11,"turns":3},{"damage":0,"enemies":"Jaw Worm","floor":13,"turns":1},{"damage":0,"enemies":"Large Slime","floor":14,"turns":3},{"damage":14,"enemies":"Hexaghost","floor":16,"turns":9},{"damage":3,"enemies":"Spheric Guardian","floor":18,"turns":3},{"damage":21,"enemies":"Colosseum Slavers","floor":19,"turns":4},{"damage":13,"enemies":"Colosseum Nobs","floor":19,"turns":4},{"damage":10,"enemies":"Chosen","floor":20,"turns":4},{"damage":4,"enemies":"Snecko","floor":21,"turns":3},{"damage":7,"enemies":"Centurion and Healer","floor":24,"turns":5},{"damage":29,"enemies":"Masked Bandits","floor":25,"turns":4},{"damage":0,"enemies":"Chosen and Byrds","floor":28,"turns":4},{"damage":8,"enemies":"Snake Plant","floor":29,"turns":3},{"damage":10,"enemies":"Book of Stabbing","floor":30,"turns":5},{"damage":31,"enemies":"Collector","floor":33,"turns":9},{"damage":10,"enemies":"3 Shapes","floor":35,"turns":3},{"damage":0,"enemies":"Mind Bloom Boss Battle","floor":36,"turns":4},{"damage":6,"enemies":"3 Darklings","floor":38,"turns":4},{"damage":13,"enemies":"Giant Head","floor":41,"turns":9},{"damage":11,"enemies":"Sphere and 2 Shapes","floor":42,"turns":4},{"damage":0,"enemies":"4 Shapes","floor":44,"turns":6},{"damage":26,"enemies":"3 Darklings","floor":45,"turns":5},{"damage":0,"enemies":"Writhing Mass","floor":46,"turns":6},{"damage":23,"enemies":"Spire Growth","floor":47,"turns":4},{"damage":20,"enemies":"4 Shapes","floor":48,"turns":4},{"damage":25,"enemies":"Time Eater","floor":50,"turns":12},{"damage":36,"enemies":"Shield and Spear","floor":54,"turns":8},{"damage":111,"enemies":"The Heart","floor":55,"turns":10}],"seed_played":"8164021363399567184","potions_obtained":[{"floor":6,"key":"FocusPotion"},{"floor":8,"key":"Explosive Potion"},{"floor":13,"key":"Swift Potion"},{"floor":19,"key":"AttackPotion"},{"floor":35,"key":"FairyPotion"},{"floor":42,"key":"SteroidPotion"}],"is_trial":false,"path_per_floor":["M","M","?","?","$","E","R","E","T","?","E","?","M","M","R","B",null,"M","?","M","M","$","R","M","?","T","?","M","M","E","?","R","B",null,"M","?","?","M","$","R","E","M","T","M","M","M","M","M","R","B",null,"R","$","E","B",null],"character_chosen":"DEFECT","items_purchased":["Coolheaded","Meat on the Bone","Blizzard","Strawberry","Static Discharge","Regen Potion"],"campfire_rested":2,"item_purchase_floors":[5,22,22,39,39,53],"current_hp_per_floor":[71,70,75,75,75,63,63,61,61,61,56,36,36,36,36,22,80,77,43,33,29,29,53,46,29,29,29,46,55,50,34,58,44,80,75,80,80,79,86,86,78,82,87,87,78,87,70,65,65,66,87,87,87,70,14],"gold":150,"neow_bonus":"RANDOM_COMMON_RELIC","is_prod":false,"is_daily":false,"chose_seed":false,"campfire_upgraded":4,"win_rate":0,"timestamp":1557463653,"path_taken":["M","M","?","?","$","E","R","E","T","?","E","?","?","M","R","BOSS","M","?","M","M","$","R","M","?","T","?","?","M","E","?","R","BOSS","M","?","?","M","$","R","E","M","T","M","M","M","?","M","R","BOSS","R","$","E","BOSS"],"build_version":"2019-01-23","purchased_purges":4,"victory":true,"max_hp_per_floor":[75,75,80,80,80,80,80,80,80,80,80,80,80,80,80,80,80,80,80,80,80,80,80,80,80,80,80,80,80,80,80,80,80,80,80,80,80,80,87,87,87,87,87,87,87,87,87,87,87,87,87,87,87,87,87],"card_choices":[{"not_picked":["Steam","Heatsinks"],"picked":"Ball Lightning","floor":1},{"not_picked":["Rip and Tear","Ball Lightning"],"picked":"Go for the Eyes","floor":2},{"not_picked":["Conserve Battery","Stack"],"picked":"Ball Lightning","floor":6},{"not_picked":["Chaos","Beam Cell"],"picked":"Coolheaded","floor":8},{"not_picked":["Storm","Recycle","Rip and Tear"],"picked":"SKIP","floor":11},{"not_picked":["Recycle","Hello World"],"picked":"Loop","floor":13},{"not_picked":["Biased Cognition","Ball Lightning"],"picked":"Capacitor","floor":14},{"not_picked":["Rainbow","Buffer"],"picked":"Biased Cognition","floor":16},{"not_picked":["Compile Driver+1","Turbo","Static Discharge"],"picked":"SKIP","floor":18},{"not_picked":["Conserve Battery","Ball Lightning"],"picked":"Barrage","floor":19},{"not_picked":["Reinforced Body","Steam+1"],"picked":"Compile Driver","floor":20},{"not_picked":["Streamline","Go for the Eyes","Lockon+1"],"picked":"SKIP","floor":20},{"not_picked":["Go for the Eyes","Ball Lightning"],"picked":"Auto Shields","floor":21},{"not_picked":["Ball Lightning","Rebound","Hello World+1"],"picked":"SKIP","floor":21},{"not_picked":["Storm","Turbo"],"picked":"Defragment+1","floor":24},{"not_picked":["Tempest","Coolheaded+1","Biased Cognition"],"picked":"SKIP","floor":24},{"not_picked":["Streamline","Lockon"],"picked":"Chill","floor":28},{"not_picked":["Coolheaded","Turbo","Machine Learning"],"picked":"SKIP","floor":28},{"not_picked":["Steam","Streamline","Rebound+1"],"picked":"SKIP","floor":29},{"not_picked":["Turbo","Ball Lightning","Sweeping Beam"],"picked":"SKIP","floor":29},{"not_picked":["Ball Lightning","Sweeping Beam"],"picked":"Turbo","floor":29},{"not_picked":["Steam","Streamline","Rebound+1"],"picked":"SKIP","floor":29},{"not_picked":["Seek","Multi-Cast","White Noise"],"picked":"SKIP","floor":30},{"not_picked":["Core Surge","Buffer"],"picked":"Echo Form","floor":33},{"not_picked":["Barrage+1","Ball Lightning"],"picked":"Reinforced Body","floor":35},{"not_picked":["Conserve Battery","Ball Lightning+1","Turbo"],"picked":"SKIP","floor":35},{"not_picked":["Streamline+1","Turbo+1"],"picked":"Capacitor","floor":38},{"not_picked":["Amplify","Recycle","Redo"],"picked":"SKIP","floor":38},{"not_picked":["Biased Cognition","Coolheaded+1"],"picked":"Chaos+1","floor":41},{"not_picked":["Chill+1","Undo+1","Go for the Eyes+1"],"picked":"SKIP","floor":42},{"not_picked":["Recycle","Blizzard","Gash+1"],"picked":"SKIP","floor":42},{"not_picked":["Skim","Redo+1"],"picked":"Hologram+1","floor":44},{"not_picked":["Aggregate+1","Turbo+1","Leap"],"picked":"SKIP","floor":44},{"not_picked":["Double Energy+1","Chill+1"],"picked":"Electrodynamics","floor":45},{"not_picked":["Skim+1","Steam+1"],"picked":"Barrage","floor":45},{"not_picked":["Coolheaded+1","Sweeping Beam","White Noise+1"],"picked":"SKIP","floor":46},{"not_picked":["Heatsinks+1","Turbo+1","Rip and Tear"],"picked":"SKIP","floor":46},{"not_picked":["Cold Snap","Aggregate"],"picked":"Defragment+1","floor":47},{"not_picked":["Compile Driver+1","Echo Form","Rip and Tear"],"picked":"SKIP","floor":47},{"not_picked":["Leap+1","Gash+1","Cold Snap"],"picked":"SKIP","floor":48},{"not_picked":["BootSequence+1","Redo","Gash"],"picked":"SKIP","floor":48},{"not_picked":["Chill","Gash","Conserve Battery"],"picked":"SKIP","floor":54}],"player_experience":187343,"relics_obtained":[{"floor":6,"key":"Oddly Smooth Stone"},{"floor":8,"key":"Mercury Hourglass"},{"floor":9,"key":"Bag of Marbles"},{"floor":11,"key":"Girya"},{"floor":19,"key":"Prayer Wheel"},{"floor":19,"key":"Matryoshka"},{"floor":25,"key":"Red Mask"},{"floor":26,"key":"DataDisk"},{"floor":30,"key":"Vajra"},{"floor":31,"key":"Nilry\u0027s Codex"},{"floor":36,"key":"Unceasing Top"},{"floor":41,"key":"Bird Faced Urn"},{"floor":43,"key":"Lantern"},{"floor":43,"key":"Ancient Tea Set"},{"floor":54,"key":"Art of War"}],"event_choices":[{"damage_healed":0,"gold_gain":0,"player_choice":"Donut","damage_taken":0,"max_hp_gain":5,"max_hp_loss":0,"event_name":"Big Fish","floor":3,"gold_loss":0},{"damage_healed":0,"gold_gain":0,"player_choice":"Grow","damage_taken":0,"max_hp_gain":0,"max_hp_loss":0,"event_name":"Living Wall","floor":4,"gold_loss":0,"cards_upgraded":["Zap"]},{"damage_healed":0,"gold_gain":30,"player_choice":"Searched \u00272\u0027 times","damage_taken":0,"max_hp_gain":0,"max_hp_loss":0,"event_name":"Dead Adventurer","floor":10,"gold_loss":0},{"damage_healed":0,"gold_gain":0,"player_choice":"Take Damage","damage_taken":20,"relics_obtained":["Golden Idol"],"max_hp_gain":0,"max_hp_loss":0,"event_name":"Golden Idol","floor":12,"gold_loss":0},{"damage_healed":0,"gold_gain":0,"player_choice":"Fight","damage_taken":0,"max_hp_gain":0,"max_hp_loss":0,"event_name":"Colosseum","floor":19,"gold_loss":0},{"damage_healed":0,"gold_gain":0,"player_choice":"Fought Nobs","damage_taken":0,"max_hp_gain":0,"max_hp_loss":0,"event_name":"Colosseum","floor":19,"gold_loss":0},{"damage_healed":0,"gold_gain":0,"player_choice":"Fought Bandits","damage_taken":0,"max_hp_gain":0,"max_hp_loss":0,"event_name":"Masked Bandits","floor":25,"gold_loss":0},{"damage_healed":0,"gold_gain":0,"player_choice":"Gave Idol","damage_taken":0,"relics_obtained":["Bloody Idol"],"max_hp_gain":0,"max_hp_loss":0,"event_name":"Forgotten Altar","floor":27,"relics_lost":["Golden Idol"],"gold_loss":0},{"damage_healed":0,"gold_gain":0,"player_choice":"Obtained Book","damage_taken":16,"max_hp_gain":0,"max_hp_loss":0,"event_name":"Cursed Tome","floor":31,"gold_loss":0},{"damage_healed":0,"gold_gain":0,"player_choice":"Fight","damage_taken":0,"max_hp_gain":0,"max_hp_loss":0,"event_name":"MindBloom","floor":36,"gold_loss":0},{"damage_healed":0,"gold_gain":0,"player_choice":"Trade","damage_taken":0,"relics_obtained":["SsserpentHead"],"max_hp_gain":0,"max_hp_loss":0,"event_name":"FaceTrader","floor":37,"gold_loss":0}],"is_beta":false,"boss_relics":[{"not_picked":["Empty Cage","Cursed Key"],"picked":"Runic Pyramid"},{"not_picked":["White Beast Statue","Busted Crown"],"picked":"Nuclear Battery"}],"items_purged_floors":[5,22,39,53],"is_endless":false,"potions_floor_spawned":[6,8,13,14,19,19,24,25,29,35,38,41,42,45,46],"ascension_level":2}