{"gold_per_floor":[216,227,8,20,34,34,34,34,60,60,80,80,98,127,127,228,228,246,264,189,203,303,303,328,328,328,328,362,70,70,82,82,180,180,193,153,170,180,30,56,156,190,217,228,258,273,53,68,68,68],"floor_reached":51,"playtime":4921,"items_purged":["Defend_R"],"score":943,"play_id":"cabfa854-9ab5-484b-b961-a594ac89228e","local_time":"20181124205522","is_ascension_mode":true,"campfire_choices":[{"data":"Shockwave","floor":6.0,"key":"SMITH"},{"data":"True Grit","floor":10.0,"key":"SMITH"},{"data":"Pummel","floor":15.0,"key":"SMITH"},{"floor":23.0,"key":"REST"},{"floor":25.0,"key":"REST"},{"data":"True Grit","floor":27.0,"key":"SMITH"},{"floor":32.0,"key":"REST"},{"floor":49,"key":"RECALL"}],"neow_cost":"NONE","seed_source_timestamp":0,"circlet_count":0,"master_deck":["Strike_R","Strike_R","Strike_R","Strike_R","Strike_R","Defend_R","Defend_R+1","Bash","Feel No Pain","Inflame","Shockwave+1","Shrug It Off","Pummel+1","True Grit+1","True Grit+1","Regret","Battle Trance","Seeing Red+1","Limit Break","Havoc+1","True Grit","Clothesline+1","Exhume","Reaper","Inflame","Disarm+1","Spot Weakness+1","Anger+1"],"special_seed":0,"relics":["Burning Blood","Odd Mushroom","Red Skull","Bottled Flame","Sozu","Du-Vu Doll","Bottled Tornado","Bag of Marbles","Dodecahedron","Paper Frog","Centennial Puzzle","Fusion Hammer","Bag of Preparation","Sundial","Shuriken","Orichalcum","Anchor","Vajra"],"potions_floor_usage":[],"damage_taken":[{"damage":2.0,"enemies":"2 Louse","floor":1.0,"turns":2.0},{"damage":6.0,"enemies":"Small Slimes","floor":2.0,"turns":5.0},{"damage":1.0,"enemies":"Jaw Worm","floor":4.0,"turns":3.0},{"damage":4.0,"enemies":"Large Slime","floor":5.0,"turns":9.0},{"damage":7.0,"enemies":"The Mushroom Lair","floor":11.0,"turns":5.0},{"damage":10.0,"enemies":"Red Slaver","floor":13.0,"turns":4.0},{"damage":10.0,"enemies":"Lagavulin","floor":14.0,"turns":6.0},{"damage":24.0,"enemies":"The Guardian","floor":16.0,"turns":15.0},{"damage":3.0,"enemies":"3 Byrds","floor":18.0,"turns":7.0},{"damage":6.0,"enemies":"Shell Parasite","floor":19.0,"turns":7.0},{"damage":20.0,"enemies":"Chosen and Byrds","floor":21.0,"turns":6.0},{"damage":28.0,"enemies":"Colosseum Slavers","floor":22.0,"turns":4.0},{"damage":30.0,"enemies":"Colosseum Nobs","floor":22.0,"turns":5.0},{"damage":17.0,"enemies":"Gremlin Leader","floor":24.0,"turns":6.0},{"damage":20.0,"enemies":"Book of Stabbing","floor":28.0,"turns":6.0},{"damage":6.0,"enemies":"Centurion and Healer","floor":31.0,"turns":3.0},{"damage":44.0,"enemies":"Collector","floor":33.0,"turns":7.0},{"damage":0.0,"enemies":"3 Darklings","floor":35.0,"turns":7.0},{"damage":0.0,"enemies":"Orb Walker","floor":37.0,"turns":1.0},{"damage":21.0,"enemies":"Maw","floor":38.0,"turns":7.0},{"damage":36.0,"enemies":"Giant Head","floor":40.0,"turns":7.0},{"damage":29.0,"enemies":"Nemesis","floor":42.0,"turns":7.0},{"damage":25.0,"enemies":"Writhing Mass","floor":44.0,"turns":3.0},{"damage":25.0,"enemies":"Reptomancer","floor":45.0,"turns":5.0},{"damage":7,"enemies":"Sphere and 2 Shapes","floor":46,"turns":4},{"damage":15,"enemies":"3 Darklings","floor":48,"turns":4},{"damage":19,"enemies":"Donu and Deca","floor":50,"turns":5}],"seed_played":"8218580417076163095","potions_obtained":[{"floor":1.0,"key":"Explosive Potion"},{"floor":2.0,"key":"SpeedPotion"},{"floor":4.0,"key":"Weak Potion"},{"floor":16.0,"key":"Ancient Potion"}],"is_trial":false,"path_per_floor":["M","M","$","M","M","R","?","?","T","R","?","?","M","E","R","B",null,"M","M","?","M","?","R","E","R","T","R","E","$","?","M","R","B",null,"M","?","M","M","$","E","?","E","T","M","E","E","M","$","M","R","B",null],"character_chosen":"IRONCLAD","items_purchased":["Inflame","Shockwave","Shrug It Off","Energy Potion","Centennial Puzzle","Exhume","Bag of Preparation","Vajra"],"campfire_rested":3,"item_purchase_floors":[3,3,3,3,29,29,39,47],"current_hp_per_floor":[76,76,76,80,80,80,80,80,80,80,79,79,75,71,71,53,73,76,76,76,62,16,40,29,53,53,53,39,39,39,39,63,25,66,80,80,80,78,78,62,62,39,39,38,45,44,44,80,80,80],"gold":68,"neow_bonus":"HUNDRED_GOLD","is_prod":false,"is_daily":false,"chose_seed":false,"campfire_upgraded":4,"win_rate":0,"timestamp":1543114522,"path_taken":["M","M","$","M","M","R","?","?","T","R","?","?","M","E","R","BOSS","M","M","?","M","?","R","E","R","T","R","E","$","?","M","R","BOSS","M","?","M","?","$","E","?","E","T","?","E","M","$","M","R","BOSS"],"build_version":"2018-11-15","purchased_purges":1,"victory":true,"max_hp_per_floor":[80,80,80,80,80,80,80,80,80,80,80,80,80,80,80,80,80,80,80,80,80,80,80,80,80,80,80,80,80,80,80,80,80,80,80,80,80,80,80,80,80,80,80,80,80,80,80,80,80,80],"card_choices":[{"not_picked":["Fire Breathing","Infernal Blade","Rupture"],"picked":"SKIP","floor":1.0},{"not_picked":["Clothesline","Thunderclap"],"picked":"Feel No Pain","floor":2.0},{"not_picked":["Headbutt","Twin Strike"],"picked":"Pummel","floor":4.0},{"not_picked":["Sword Boomerang","Body Slam"],"picked":"True Grit","floor":5.0},{"not_picked":["Double Tap","Headbutt"],"picked":"True Grit","floor":11.0},{"not_picked":["Heavy Blade","Sword Boomerang"],"picked":"Battle Trance","floor":13.0},{"not_picked":["Clash","Anger"],"picked":"Seeing Red","floor":14.0},{"not_picked":["Exhume","Double Tap"],"picked":"Limit Break","floor":16.0},{"not_picked":["Sword Boomerang","Wild Strike"],"picked":"Havoc+1","floor":18.0},{"not_picked":["Havoc","Cleave","Pommel Strike"],"picked":"SKIP","floor":19.0},{"not_picked":["Sever Soul","Sword Boomerang","Havoc"],"picked":"SKIP","floor":21.0},{"not_picked":["Armaments","Carnage"],"picked":"True Grit","floor":22.0},{"not_picked":["Limit Break","Flex+1"],"picked":"Clothesline+1","floor":24.0},{"not_picked":["Pommel Strike","Armaments","Cleave"],"picked":"SKIP","floor":28.0},{"not_picked":["Wild Strike","Pommel Strike","Sword Boomerang"],"picked":"SKIP","floor":31.0},{"not_picked":["Brutality","Impervious"],"picked":"Reaper","floor":33.0},{"not_picked":["Perfected Strike+1","Heavy Blade+1"],"picked":"Inflame","floor":35.0},{"not_picked":["Sever Soul+1","Twin Strike+1"],"picked":"Disarm+1","floor":37.0},{"not_picked":["Cleave+1","Body Slam","True Grit"],"picked":"SKIP","floor":38.0},{"not_picked":["Evolve","Twin Strike+1"],"picked":"Spot Weakness+1","floor":40.0},{"not_picked":["Iron Wave","Carnage+1","Metallicize"],"picked":"SKIP","floor":42.0},{"not_picked":["Rage","Shrug It Off"],"picked":"Anger+1","floor":44.0},{"not_picked":["Searing Blow+1","Twin Strike+1","Entrench+1"],"picked":"SKIP","floor":45},{"not_picked":["Perfected Strike","Clash+1","Armaments+1"],"picked":"SKIP","floor":46},{"not_picked":["Clash+1","Bloodletting","Rupture+1"],"picked":"SKIP","floor":48}],"player_experience":271246,"relics_obtained":[{"floor":11.0,"key":"Odd Mushroom"},{"floor":14.0,"key":"Bottled Flame"},{"floor":22.0,"key":"Du-Vu Doll"},{"floor":22.0,"key":"Bottled Tornado"},{"floor":24.0,"key":"Bag of Marbles"},{"floor":26.0,"key":"Dodecahedron"},{"floor":28.0,"key":"Paper Frog"},{"floor":40.0,"key":"Sundial"},{"floor":42.0,"key":"Shuriken"},{"floor":43.0,"key":"Orichalcum"},{"floor":45,"key":"Anchor"}],"event_choices":[{"damage_healed":0.0,"max_hp_gain":0.0,"max_hp_loss":0.0,"gold_gain":0.0,"event_name":"Dead Adventurer","player_choice":"Searched \u00270\u0027 times","floor":7.0,"gold_loss":0.0,"damage_taken":0.0},{"damage_healed":0.0,"max_hp_gain":0.0,"max_hp_loss":0.0,"gold_gain":0.0,"event_name":"Scrap Ooze","player_choice":"Fled","floor":8.0,"gold_loss":0.0,"damage_taken":0.0},{"damage_healed":0.0,"max_hp_gain":0.0,"max_hp_loss":0.0,"gold_gain":0.0,"event_name":"Mushrooms","player_choice":"Fought Mushrooms","floor":11.0,"gold_loss":0.0,"damage_taken":0.0},{"damage_healed":0.0,"max_hp_gain":0.0,"max_hp_loss":0.0,"gold_gain":0.0,"event_name":"Big Fish","player_choice":"Box","floor":12.0,"gold_loss":0.0,"damage_taken":0.0,"relics_obtained":["Red Skull"],"cards_obtained":["Regret"]},{"cards_removed":["Defend_R"],"damage_healed":0.0,"max_hp_gain":0.0,"max_hp_loss":0.0,"gold_gain":0.0,"event_name":"Beggar","player_choice":"Gave Gold","floor":20.0,"gold_loss":75.0,"damage_taken":0.0},{"damage_healed":0.0,"max_hp_gain":0.0,"max_hp_loss":0.0,"gold_gain":0.0,"event_name":"Colosseum","player_choice":"Fight","floor":22.0,"gold_loss":0.0,"damage_taken":0.0},{"damage_healed":0.0,"max_hp_gain":0.0,"max_hp_loss":0.0,"gold_gain":0.0,"event_name":"Colosseum","player_choice":"Fought Nobs","floor":22.0,"gold_loss":0.0,"damage_taken":0.0},{"damage_healed":0.0,"max_hp_gain":0.0,"max_hp_loss":0.0,"gold_gain":0.0,"event_name":"The Woman in Blue","player_choice":"Bought 0 Potions","floor":30.0,"gold_loss":0.0,"damage_taken":0.0},{"damage_healed":0.0,"max_hp_gain":0.0,"max_hp_loss":0.0,"gold_gain":0.0,"event_name":"Designer","player_choice":"Upgraded Two","floor":36.0,"gold_loss":40.0,"damage_taken":0.0,"cards_upgraded":["Defend_R","Seeing Red"]},{"damage_healed":0.0,"max_hp_gain":0.0,"max_hp_loss":0.0,"gold_gain":100.0,"event_name":"Golden Shrine","player_choice":"Pray","floor":41.0,"gold_loss":0.0,"damage_taken":0.0}],"is_beta":false,"boss_relics":[{"not_picked":["Lizard Tail","Snecko Eye"],"picked":"Sozu"},{"not_picked":["Philosopher\u0027s Stone","Pandora\u0027s Box"],"picked":"Fusion Hammer"}],"items_purged_floors":[47],"is_endless":false,"potions_floor_spawned":[1,2,4,16,19,21,22,24,31,38,44,45,48],"ascension_level":6}