{"gold_per_floor":[119,131,131,131,146,146,202,202,202,212,226,206,216,57,57,130,130,146,123,123,140,140,140,140],"floor_reached":24,"playtime":1056,"items_purged":["Strike_G"],"score":396,"play_id":"9674ad76-47ae-4bdc-a554-9d6c1bf0fc99","local_time":"20190412013825","is_ascension_mode":true,"campfire_choices":[{"data":"Neutralize","floor":6,"key":"SMITH"},{"data":"Malaise","floor":8,"key":"SMITH"},{"data":"Caltrops","floor":15,"key":"SMITH"},{"data":"Riddle With Holes","floor":23,"key":"SMITH"}],"neow_cost":"NONE","seed_source_timestamp":1184269717350673,"circlet_count":0,"master_deck":["AscendersBane","Defend_G","Defend_G","Defend_G","Defend_G","Defend_G","Strike_G","Strike_G","Strike_G","Strike_G","Survivor","Neutralize+1","Dodge and Roll","Terror","Riddle With Holes+1","Malaise+1","Escape Plan","Poisoned Stab+1","Dodge and Roll","Caltrops+1","Venomology","Backflip","Escape Plan","Ghostly","Ghostly","Ghostly"],"relics":["Ring of the Snake","Oddly Smooth Stone","Tiny Chest","Molten Egg 2","Sozu"],"potions_floor_usage":[16,18],"damage_taken":[{"damage":6,"enemies":"Small Slimes","floor":1,"turns":5},{"damage":0,"enemies":"Jaw Worm","floor":2,"turns":7},{"damage":0,"enemies":"2 Louse","floor":5,"turns":4},{"damage":34,"enemies":"Lagavulin","floor":7,"turns":9},{"damage":0,"enemies":"Red Slaver","floor":10,"turns":7},{"damage":0,"enemies":"Looter","floor":11,"turns":4},{"damage":0,"enemies":"Blue Slaver","floor":13,"turns":4},{"damage":6,"enemies":"Hexaghost","floor":16,"turns":9},{"damage":20,"enemies":"Spheric Guardian","floor":18,"turns":5},{"damage":8,"enemies":"2 Thieves","floor":19,"turns":4},{"damage":2,"enemies":"Colosseum Slavers","floor":20,"turns":8},{"damage":37,"enemies":"Shelled Parasite and Fungi","floor":21,"turns":7},{"damage":6,"enemies":"Gremlin Leader","floor":24,"turns":8}],"seed_played":"6005526578052054696","potions_obtained":[{"floor":7,"key":"Regen Potion"},{"floor":11,"key":"PowerPotion"},{"floor":13,"key":"Strength Potion"}],"is_trial":false,"path_per_floor":["M","M","?","?","M","R","E","R","T","M","M","?","M","$","R","B",null,"M","M","?","M","?","R","E"],"character_chosen":"THE_SILENT","items_purchased":["Caltrops"],"campfire_rested":0,"item_purchase_floors":[14],"current_hp_per_floor":[53,53,53,58,58,58,24,24,24,24,24,24,24,24,24,18,58,52,44,42,5,5,5,0],"gold":140,"neow_bonus":"RANDOM_COMMON_RELIC","is_prod":false,"is_daily":false,"chose_seed":false,"campfire_upgraded":4,"win_rate":0,"timestamp":1555000705,"path_taken":["M","M","?","?","M","R","E","R","T","M","M","?","?","$","R","BOSS","M","M","?","M","?","R","E"],"build_version":"2019-01-23","purchased_purges":1,"victory":false,"max_hp_per_floor":[66,66,66,71,71,71,71,71,71,71,71,71,71,71,71,71,71,71,71,71,71,35,35,35],"card_choices":[{"not_picked":["Underhanded Strike","Deflect"],"picked":"Dodge and Roll","floor":1},{"not_picked":["Dodge and Roll","Blur"],"picked":"Terror","floor":2},{"not_picked":["Heel Hook","Prepared"],"picked":"Riddle With Holes","floor":5},{"not_picked":["Noxious Fumes","Deadly Poison"],"picked":"Malaise","floor":7},{"not_picked":["Leg Sweep","Dagger Throw+1"],"picked":"Escape Plan","floor":10},{"not_picked":["Calculated Gamble","Quick Slash+1"],"picked":"Poisoned Stab+1","floor":11},{"not_picked":["Setup","Quick Slash+1"],"picked":"Dodge and Roll","floor":13},{"not_picked":["Envenom","A Thousand Cuts"],"picked":"Venomology","floor":16},{"not_picked":["Flying Knee+1","Expertise"],"picked":"Backflip","floor":18},{"not_picked":["Slice+1","Blade Dance","Underhanded Strike+1"],"picked":"SKIP","floor":19},{"not_picked":["Quick Slash+1","Underhanded Strike+1"],"picked":"Escape Plan","floor":21}],"player_experience":897796,"relics_obtained":[{"floor":7,"key":"Tiny Chest"},{"floor":9,"key":"Molten Egg 2"}],"event_choices":[{"damage_healed":0,"gold_gain":0,"player_choice":"Ignored","damage_taken":0,"max_hp_gain":0,"max_hp_loss":0,"event_name":"Liars Game","floor":3,"gold_loss":0},{"damage_healed":0,"gold_gain":0,"player_choice":"Donut","damage_taken":0,"max_hp_gain":5,"max_hp_loss":0,"event_name":"Big Fish","floor":4,"gold_loss":0},{"damage_healed":0,"gold_gain":0,"player_choice":"Bought 1 Potion","damage_taken":0,"max_hp_gain":0,"max_hp_loss":0,"event_name":"The Woman in Blue","floor":12,"gold_loss":0},{"damage_healed":0,"gold_gain":0,"player_choice":"Fight","damage_taken":0,"max_hp_gain":0,"max_hp_loss":0,"event_name":"Colosseum","floor":20,"gold_loss":0},{"damage_healed":0,"gold_gain":0,"player_choice":"Fled From Nobs","damage_taken":0,"max_hp_gain":0,"max_hp_loss":0,"event_name":"Colosseum","floor":20,"gold_loss":0},{"damage_healed":0,"gold_gain":0,"player_choice":"Became a Ghost","damage_taken":0,"max_hp_gain":0,"max_hp_loss":36,"event_name":"Ghosts","floor":22,"gold_loss":0,"cards_obtained":["Ghostly","Ghostly","Ghostly"]}],"is_beta":false,"boss_relics":[{"not_picked":["Runic Dome","White Beast Statue"],"picked":"Sozu"}],"items_purged_floors":[14],"is_endless":false,"potions_floor_spawned":[7,11,13,19,21],"killed_by":"Gremlin Leader","ascension_level":20}