{"gold_per_floor":[110,130,130,130,140,140,173,192,192,142,142,158,14,24,24,126,126,137,62,62,62,77,77,95,95],"floor_reached":25,"playtime":942,"items_purged":["Strike_B"],"score":233,"play_id":"96df3388-30aa-462d-9f8b-5392f952ae3d","local_time":"20181014214137","is_ascension_mode":true,"campfire_choices":[{"data":"Glacier","floor":6,"key":"SMITH"},{"data":"Stack","floor":11,"key":"SMITH"},{"floor":15,"key":"REST"},{"floor":23,"key":"REST"}],"neow_cost":"NONE","seed_source_timestamp":195792194278920,"circlet_count":0,"master_deck":["Defend_B","Defend_B","Defend_B","Defend_B","Zap","Dualcast","Glacier+1","Go for the Eyes","Zap","Ball Lightning","Stack+1","White Noise","Capacitor","Blizzard","Buffer","Doom and Gloom","Barrage+1"],"relics":["Cracked Core","Pen Nib","Singing Bowl","Velvet Choker"],"potions_floor_usage":[21],"damage_taken":[{"damage":4,"enemies":"Jaw Worm","floor":1,"turns":3},{"damage":3,"enemies":"Cultist","floor":2,"turns":4},{"damage":1,"enemies":"2 Louse","floor":5,"turns":2},{"damage":27,"enemies":"Gremlin Nob","floor":7,"turns":5},{"damage":6,"enemies":"Looter","floor":8,"turns":3},{"damage":0,"enemies":"Red Slaver","floor":12,"turns":3},{"damage":6,"enemies":"Large Slime","floor":14,"turns":5},{"damage":20,"enemies":"Hexaghost","floor":16,"turns":10},{"damage":9,"enemies":"Shell Parasite","floor":18,"turns":6},{"damage":32,"enemies":"Colosseum Slavers","floor":21,"turns":5},{"damage":25,"enemies":"2 Thieves","floor":22,"turns":4},{"damage":10,"enemies":"Snecko","floor":24,"turns":5},{"damage":26,"enemies":"Shelled Parasite and Fungi","floor":25,"turns":3}],"seed_played":"1946591648612625868","potions_obtained":[{"floor":5,"key":"AttackPotion"},{"floor":7,"key":"GamblersBrew"},{"floor":24,"key":"Poison Potion"}],"is_trial":false,"path_per_floor":["M","M","?","?","M","R","E","M","T","?","R","M","$","M","R","B",null,"M","?","$","?","M","R","M"],"character_chosen":"DEFECT","items_purchased":["Capacitor"],"campfire_rested":2,"item_purchase_floors":[13],"current_hp_per_floor":[71,68,68,68,67,67,40,34,34,34,34,34,34,28,50,30,75,66,66,66,34,9,31,23,0],"gold":95,"neow_bonus":"REMOVE_CARD","is_prod":false,"is_daily":false,"chose_seed":false,"campfire_upgraded":2,"win_rate":0,"timestamp":1539546097,"path_taken":["M","M","?","?","?","R","E","M","T","?","R","M","$","M","R","BOSS","M","?","?","?","M","R","?","?"],"build_version":"2018-10-11","purchased_purges":1,"victory":false,"max_hp_per_floor":[75,75,75,75,75,75,75,75,75,75,75,75,75,75,75,75,75,75,75,75,75,75,75,77,77],"card_choices":[{"not_picked":["Rebound","Steam Power"],"picked":"Glacier","floor":1},{"not_picked":["Rebound","Coolheaded"],"picked":"Go for the Eyes","floor":2},{"not_picked":["Gash","Streamline"],"picked":"Ball Lightning","floor":5},{"not_picked":["Sweeping Beam","Beam Cell"],"picked":"Stack","floor":7},{"not_picked":["Scrape","Force Field","Redo"],"picked":"SKIP","floor":8},{"not_picked":["Rebound","Double Energy"],"picked":"White Noise","floor":12},{"not_picked":["Melter","Hyperbeam"],"picked":"Blizzard","floor":14},{"not_picked":["Reboot","Fission"],"picked":"Buffer","floor":16},{"not_picked":["Sweeping Beam","FTL"],"picked":"Doom and Gloom","floor":18},{"not_picked":["Rip and Tear","Go for the Eyes"],"picked":"Barrage+1","floor":22},{"not_picked":["Compile Driver","Sweeping Beam","Darkness"],"picked":"Singing Bowl","floor":24}],"player_experience":192453,"relics_obtained":[{"floor":7,"key":"Pen Nib"},{"floor":9,"key":"Singing Bowl"}],"event_choices":[{"event_name":"The Woman in Blue","player_choice":"Bought 0 Potions","floor":3,"damage_taken":0},{"event_name":"Match and Keep!","player_choice":"1 cards matched","floor":4,"damage_taken":0},{"event_name":"The Cleric","player_choice":"Card Removal","floor":10,"damage_taken":0},{"event_name":"Beggar","player_choice":"Gave Gold","floor":19,"damage_taken":0},{"event_name":"Colosseum","player_choice":"Fight","floor":21,"damage_taken":0},{"event_name":"Colosseum","player_choice":"Fled From Nobs","floor":21,"damage_taken":0}],"is_beta":false,"boss_relics":[{"not_picked":["Busted Crown","Snecko Eye"],"picked":"Velvet Choker"}],"items_purged_floors":[13],"is_endless":false,"potions_floor_spawned":[5,7,21,24],"killed_by":"Shelled Parasite and Fungi","ascension_level":3}