{"gold_per_floor":[19,36,53,53,66,100,120,120,168,168,118,151,151,165,165,263,263,287,302,302,302,321,321,339,339,362,362,362,382,426,25,25,25],"floor_reached":33,"playtime":1693,"items_purged":[],"score":471,"play_id":"589e9ab3-a315-4624-9ddf-54dd8d90a306","local_time":"20190401183706","is_ascension_mode":true,"campfire_choices":[{"data":"Defragment","floor":8.0,"key":"SMITH"},{"data":"Zap","floor":13.0,"key":"SMITH"},{"floor":15.0,"key":"REST"},{"floor":23.0,"key":"REST"},{"data":"Barrage","floor":28.0,"key":"SMITH"},{"floor":32.0,"key":"REST"}],"neow_cost":"NO_GOLD","seed_source_timestamp":60120595198757,"circlet_count":0,"master_deck":["AscendersBane","Strike_B","Defend_B+1","Defend_B","Defend_B","Zap+1","Dualcast","Melter","Darkness","Defragment+1","Capacitor","Chill","Barrage+1","Barrage","Coolheaded","Heatsinks","Conserve Battery+1","Electrodynamics","Self Repair","Storm","Capacitor","Reprogram","Tempest","Consume"],"special_seed":0,"relics":["Cracked Core","Golden Idol","Pen Nib","Blood Vial","Blue Candle","Vajra","Velvet Choker","Mercury Hourglass","War Paint","Bottled Lightning","Singing Bowl","Bag of Preparation"],"potions_floor_usage":[33],"damage_taken":[{"damage":4.0,"enemies":"Jaw Worm","floor":1.0,"turns":3.0},{"damage":0.0,"enemies":"2 Louse","floor":2.0,"turns":3.0},{"damage":4.0,"enemies":"Small Slimes","floor":3.0,"turns":3.0},{"damage":11.0,"enemies":"Blue Slaver","floor":5.0,"turns":5.0},{"damage":19.0,"enemies":"Lagavulin","floor":6.0,"turns":7.0},{"damage":0.0,"enemies":"Exordium Wildlife","floor":7.0,"turns":4.0},{"damage":2.0,"enemies":"3 Sentries","floor":12.0,"turns":7.0},{"damage":0.0,"enemies":"2 Fungi Beasts","floor":14.0,"turns":2.0},{"damage":40.0,"enemies":"Slime Boss","floor":16.0,"turns":10.0},{"damage":11.0,"enemies":"Chosen","floor":18.0,"turns":5.0},{"damage":26.0,"enemies":"2 Thieves","floor":19.0,"turns":3.0},{"damage":18.0,"enemies":"Colosseum Slavers","floor":21.0,"turns":3.0},{"damage":2.0,"enemies":"3 Cultists","floor":22.0,"turns":3.0},{"damage":1.0,"enemies":"Sentry and Sphere","floor":24.0,"turns":3.0},{"damage":9.0,"enemies":"Snecko","floor":29.0,"turns":3.0},{"damage":41.0,"enemies":"Slavers","floor":30.0,"turns":3.0},{"damage":62,"enemies":"Automaton","floor":33,"turns":6}],"seed_played":"7768981342635925814","potions_obtained":[{"floor":1.0,"key":"Strength Potion"},{"floor":3.0,"key":"EssenceOfSteel"},{"floor":12.0,"key":"GamblersBrew"},{"floor":16.0,"key":"Fire Potion"}],"is_trial":false,"path_per_floor":["M","M","M","?","M","E","M","R","T","?","?","E","R","M","R","B",null,"M","M","?","?","M","R","M","?","T","?","R","M","E","$","R","B"],"character_chosen":"DEFECT","items_purchased":["Singing Bowl","Bag of Preparation"],"campfire_rested":3,"item_purchase_floors":[31,31],"current_hp_per_floor":[60,60,56,56,45,26,26,26,26,19,19,19,19,21,42,4,54,45,28,28,19,26,47,55,55,55,71,71,69,37,37,58,0],"gold":25,"neow_bonus":"TRANSFORM_TWO_CARDS","is_prod":false,"is_daily":false,"chose_seed":false,"campfire_upgraded":3,"win_rate":0,"timestamp":1554169026,"path_taken":["M","M","M","?","M","E","M","R","T","?","?","E","R","M","R","BOSS","M","M","?","?","M","R","M","?","T","?","R","M","E","$","R","BOSS"],"build_version":"2019-01-23","purchased_purges":0,"victory":false,"max_hp_per_floor":[71,71,71,71,71,71,71,71,71,71,71,71,71,71,71,71,71,71,71,71,71,71,71,71,71,71,71,71,71,71,71,71,71],"card_choices":[{"not_picked":["Cold Snap","Streamline"],"picked":"Defragment","floor":1.0},{"not_picked":["Compile Driver","Cold Snap"],"picked":"Capacitor","floor":2.0},{"not_picked":["Fusion","Hologram"],"picked":"Chill","floor":3.0},{"not_picked":["Hologram","Heatsinks"],"picked":"Barrage","floor":5.0},{"not_picked":["Redo","Reboot"],"picked":"Barrage","floor":6.0},{"not_picked":["BootSequence","Recycle"],"picked":"Coolheaded","floor":7.0},{"not_picked":["Capacitor","Reprogram"],"picked":"Heatsinks","floor":12.0},{"not_picked":["Scrape","Turbo"],"picked":"Conserve Battery","floor":14.0},{"not_picked":["Rainbow","Thunder Strike"],"picked":"Electrodynamics","floor":16.0},{"not_picked":["Sweeping Beam+1","Redo"],"picked":"Self Repair","floor":18.0},{"not_picked":["Rip and Tear","Ball Lightning"],"picked":"Storm","floor":19.0},{"not_picked":["Beam Cell+1","Hologram","Stack"],"picked":"SKIP","floor":22.0},{"not_picked":["Go for the Eyes","Beam Cell+1"],"picked":"Capacitor","floor":24.0},{"not_picked":["Thunder Strike","Force Field"],"picked":"Consume","floor":29.0},{"not_picked":["Turbo+1","Go for the Eyes","Compile Driver"],"picked":"SKIP","floor":30.0}],"player_experience":589296,"relics_obtained":[{"floor":6.0,"key":"Pen Nib"},{"floor":9.0,"key":"Blood Vial"},{"floor":12.0,"key":"Vajra"},{"floor":26.0,"key":"War Paint"},{"floor":30.0,"key":"Bottled Lightning"}],"event_choices":[{"damage_healed":0.0,"max_hp_gain":0.0,"max_hp_loss":0.0,"gold_gain":0.0,"event_name":"Golden Idol","player_choice":"Take Wound","floor":4.0,"gold_loss":0.0,"damage_taken":0.0,"relics_obtained":["Golden Idol"],"cards_obtained":["Injury"]},{"damage_healed":0.0,"max_hp_gain":0.0,"max_hp_loss":0.0,"gold_gain":0.0,"event_name":"Scrap Ooze","player_choice":"Success","floor":10.0,"gold_loss":0.0,"damage_taken":7.0,"relics_obtained":["Blue Candle"]},{"cards_removed":["Injury"],"damage_healed":0.0,"max_hp_gain":0.0,"max_hp_loss":0.0,"gold_gain":0.0,"event_name":"The Cleric","player_choice":"Card Removal","floor":11.0,"gold_loss":50.0,"damage_taken":0.0},{"damage_healed":0.0,"max_hp_gain":0.0,"max_hp_loss":0.0,"gold_gain":0.0,"event_name":"The Mausoleum","player_choice":"Opened","floor":20.0,"gold_loss":0.0,"damage_taken":0.0,"relics_obtained":["Mercury Hourglass"]},{"damage_healed":0.0,"max_hp_gain":0.0,"max_hp_loss":0.0,"gold_gain":0.0,"event_name":"Colosseum","player_choice":"Fight","floor":21.0,"gold_loss":0.0,"damage_taken":0.0},{"damage_healed":0.0,"max_hp_gain":0.0,"max_hp_loss":0.0,"gold_gain":0.0,"event_name":"Colosseum","player_choice":"Fled From Nobs","floor":21.0,"gold_loss":0.0,"damage_taken":0.0},{"damage_healed":0.0,"max_hp_gain":0.0,"max_hp_loss":0.0,"gold_gain":0.0,"cards_transformed":["Defend_B","Strike_B"],"event_name":"Drug Dealer","player_choice":"Became Test Subject","floor":25.0,"gold_loss":0.0,"damage_taken":0.0,"cards_obtained":["Reprogram","Tempest"]},{"damage_healed":23.0,"max_hp_gain":0.0,"max_hp_loss":0.0,"gold_gain":0.0,"event_name":"The Library","player_choice":"Heal","floor":27.0,"gold_loss":0.0,"damage_taken":0.0}],"is_beta":false,"boss_relics":[{"not_picked":["Pandora\u0027s Box","Ectoplasm"],"picked":"Velvet Choker"}],"items_purged_floors":[],"is_endless":false,"potions_floor_spawned":[1,3,5,12,16,22,24,29],"killed_by":"Automaton","ascension_level":14}