{"gold_per_floor":[117,127,73,73,84,84,117,136,136,136,170,189,189,208,208,208],"floor_reached":16,"playtime":564,"items_purged":[],"score":224,"play_id":"f0e11ceb-3e3a-47f1-8c13-cb055222ef30","local_time":"20190322231519","is_ascension_mode":true,"campfire_choices":[{"data":"Bash","floor":6,"key":"SMITH"},{"data":"Immolate","floor":10,"key":"SMITH"},{"data":"Feed","floor":13,"key":"SMITH"},{"data":"Clothesline","floor":15,"key":"SMITH"}],"neow_cost":"NONE","seed_source_timestamp":333170110899728,"circlet_count":0,"master_deck":["AscendersBane","Strike_R","Strike_R","Strike_R","Strike_R","Strike_R","Defend_R","Defend_R","Defend_R","Defend_R","Bash+1","Clothesline+1","Anger+1","Flame Barrier","Immolate+1","Feed+1","Ghostly Armor"],"relics":["Burning Blood","Pen Nib","Letter Opener","Self Forming Clay","Boot"],"potions_floor_usage":[11,11,16],"damage_taken":[{"damage":3,"enemies":"Small Slimes","floor":1,"turns":4},{"damage":1,"enemies":"Cultist","floor":2,"turns":3},{"damage":3,"enemies":"2 Louse","floor":5,"turns":3},{"damage":30,"enemies":"3 Sentries","floor":7,"turns":10},{"damage":11,"enemies":"Exordium Thugs","floor":8,"turns":4},{"damage":8,"enemies":"Gremlin Nob","floor":11,"turns":3},{"damage":9,"enemies":"Red Slaver","floor":12,"turns":6},{"damage":7,"enemies":"Looter","floor":14,"turns":5},{"damage":45,"enemies":"The Guardian","floor":16,"turns":9}],"seed_played":"-3896156235360114124","potions_obtained":[{"floor":1,"key":"Poison Potion"},{"floor":14,"key":"GamblersBrew"}],"is_trial":false,"path_per_floor":["M","M","$","?","M","R","E","M","T","R","E","M","R","M","R","B"],"character_chosen":"IRONCLAD","items_purchased":["Poison Potion"],"campfire_rested":0,"item_purchase_floors":[3],"current_hp_per_floor":[71,75,75,75,75,75,51,46,46,46,44,44,44,43,43,0],"gold":208,"neow_bonus":"RANDOM_COMMON_RELIC","is_prod":false,"is_daily":false,"chose_seed":false,"campfire_upgraded":4,"win_rate":0,"timestamp":1553264119,"path_taken":["M","M","$","?","M","R","E","M","T","R","E","M","R","M","R","BOSS"],"build_version":"2019-01-23","purchased_purges":0,"victory":false,"max_hp_per_floor":[75,75,75,75,75,75,75,75,75,75,75,78,78,78,78,78],"card_choices":[{"not_picked":["Fire Breathing","Searing Blow"],"picked":"Clothesline","floor":1},{"not_picked":["Heavy Blade","Warcry"],"picked":"Anger","floor":2},{"not_picked":["Seeing Red","Ghostly Armor"],"picked":"Flame Barrier","floor":5},{"not_picked":["Perfected Strike","Headbutt"],"picked":"Immolate","floor":7},{"not_picked":["Havoc","Fire Breathing","Infernal Blade"],"picked":"SKIP","floor":8},{"not_picked":["Twin Strike","Flex"],"picked":"Feed","floor":11},{"not_picked":["Thunderclap","Hemokinesis"],"picked":"Ghostly Armor","floor":12},{"not_picked":["Warcry","Perfected Strike","Cleave"],"picked":"SKIP","floor":14},{"not_picked":["Warcry","Perfected Strike","Cleave"],"picked":"SKIP","floor":14}],"player_experience":771537,"relics_obtained":[{"floor":7,"key":"Letter Opener"},{"floor":9,"key":"Self Forming Clay"},{"floor":11,"key":"Boot"}],"event_choices":[{"damage_healed":0,"gold_gain":0,"player_choice":"Forge","damage_taken":0,"max_hp_gain":0,"max_hp_loss":0,"event_name":"Accursed Blacksmith","floor":4,"gold_loss":0,"cards_upgraded":["Anger"]}],"is_beta":false,"boss_relics":[],"items_purged_floors":[],"is_endless":false,"potions_floor_spawned":[1,7,14],"killed_by":"The Guardian","ascension_level":20}