{"gold_per_floor":[113,113,128,146,146,146,177,177,177,209,221,237,249,275,275,275],"floor_reached":16,"playtime":1140,"items_purged":[],"score":169,"play_id":"efd9342a-8a27-4797-92e7-9b6c7a28c5c3","local_time":"20181117185140","is_ascension_mode":true,"campfire_choices":[{"data":"Crippling Poison","floor":6,"key":"SMITH"},{"floor":8,"key":"REST"},{"data":"Adrenaline","floor":15,"key":"SMITH"}],"neow_cost":"PERCENT_DAMAGE","seed_source_timestamp":271198891866703,"circlet_count":0,"master_deck":["Defend_G","Defend_G","Defend_G","Defend_G","Defend_G","Strike_G","Strike_G","Strike_G","Strike_G","Strike_G","Survivor","Neutralize","Masterful Stab+1","Backstab","Crippling Poison+1","All Out Attack","Bane","Backflip","Backstab","Adrenaline+1"],"relics":["Ring of the Snake","Thread and Needle","Calipers","Nunchaku","Question Card"],"potions_floor_usage":[13,14,14,16],"damage_taken":[{"damage":0,"enemies":"2 Louse","floor":1,"turns":4},{"damage":0,"enemies":"Small Slimes","floor":3,"turns":3},{"damage":0,"enemies":"Jaw Worm","floor":4,"turns":2},{"damage":22,"enemies":"3 Sentries","floor":7,"turns":12},{"damage":23,"enemies":"Lagavulin","floor":10,"turns":6},{"damage":0,"enemies":"Looter","floor":11,"turns":3},{"damage":0,"enemies":"Large Slime","floor":12,"turns":4},{"damage":0,"enemies":"2 Fungi Beasts","floor":13,"turns":1},{"damage":0,"enemies":"Gremlin Nob","floor":14,"turns":2},{"damage":53,"enemies":"Slime Boss","floor":16,"turns":10}],"seed_played":"-53179802279526720","potions_obtained":[{"floor":1,"key":"Ancient Potion"},{"floor":11,"key":"Poison Potion"},{"floor":12,"key":"AttackPotion"},{"floor":13,"key":"Regen Potion"}],"is_trial":false,"path_per_floor":["M","?","M","M","?","R","E","R","T","E","M","M","M","E","R","B"],"character_chosen":"THE_SILENT","items_purchased":[],"campfire_rested":1,"item_purchase_floors":[],"current_hp_per_floor":[63,63,63,63,63,63,41,66,66,43,43,43,43,52,52,0],"gold":275,"neow_bonus":"TWENTY_PERCENT_HP_BONUS","is_prod":false,"is_daily":false,"chose_seed":false,"campfire_upgraded":2,"win_rate":0,"timestamp":1542502300,"path_taken":["M","?","M","M","?","R","E","R","T","E","M","M","M","E","R","BOSS"],"build_version":"2018-11-15","purchased_purges":0,"victory":false,"max_hp_per_floor":[84,84,84,84,84,84,84,84,84,84,84,84,84,84,84,84],"card_choices":[{"not_picked":["Heel Hook","Prepared"],"picked":"Masterful Stab","floor":1},{"not_picked":["Bouncing Flask","Noxious Fumes"],"picked":"Backstab","floor":3},{"not_picked":["Predator","Underhanded Strike"],"picked":"Crippling Poison","floor":4},{"not_picked":["Outmaneuver","PiercingWail"],"picked":"All Out Attack","floor":7},{"not_picked":["Flechettes","Expertise"],"picked":"Bane","floor":10},{"not_picked":["Prepared","Blade Dance"],"picked":"Backflip","floor":11},{"not_picked":["Acrobatics","Storm of Steel"],"picked":"Backstab","floor":12},{"not_picked":["Setup","Distraction","Sucker Punch"],"picked":"SKIP","floor":13},{"not_picked":["Prepared","Masterful Stab"],"picked":"Adrenaline","floor":14}],"player_experience":213016,"relics_obtained":[{"floor":7,"key":"Thread and Needle"},{"floor":9,"key":"Calipers"},{"floor":10,"key":"Nunchaku"},{"floor":14,"key":"Question Card"}],"event_choices":[{"damage_healed":0,"gold_gain":0,"player_choice":"Grow","damage_taken":0,"max_hp_gain":0,"max_hp_loss":0,"event_name":"Living Wall","floor":2,"gold_loss":0,"cards_upgraded":["Masterful Stab"]},{"damage_healed":0,"gold_gain":0,"player_choice":"Ignored","damage_taken":0,"max_hp_gain":0,"max_hp_loss":0,"event_name":"Liars Game","floor":5,"gold_loss":0}],"is_beta":false,"boss_relics":[],"items_purged_floors":[],"is_endless":false,"potions_floor_spawned":[1,11,12,13],"killed_by":"Slime Boss","ascension_level":3}