{"path_per_floor":["M","M","?","$","?","R","M","M","T","M","R","M","E","M","R","B",null,"M","M","?","M","M","R","M","$","T","?","R","M","M","$","R"],"character_chosen":"IRONCLAD","items_purchased":["Regen Potion","Shrug It Off","Vajra","Infernal Blade","Inflame","Lantern"],"gold_per_floor":[119,132,132,61,61,61,85,109,109,130,130,146,190,211,211,339,339,354,379,379,404,422,422,442,198,198,198,198,215,235,11,11,11],"floor_reached":33,"campfire_rested":0,"playtime":2836,"item_purchase_floors":[4,25,25,25,31,31],"current_hp_per_floor":[72,72,54,54,40,40,46,50,50,55,55,60,65,70,70,56,77,43,47,47,49,46,46,30,30,30,30,30,26,40,40,40,0],"items_purged":[],"gold":11,"score":253,"play_id":"fe6eed94-3abc-484f-8f9b-d8930fb00d4b","local_time":"20180528153320","is_prod":false,"is_daily":false,"chose_seed":false,"is_ascension_mode":false,"campfire_upgraded":6,"win_rate":0,"timestamp":1527539600,"campfire_choices":[{"data":"Blood for Blood","floor":6,"key":"SMITH"},{"data":"Iron Wave","floor":11,"key":"SMITH"},{"data":"Body Slam","floor":15,"key":"SMITH"},{"data":"Impervious","floor":23,"key":"SMITH"},{"data":"Infernal Blade","floor":28,"key":"SMITH"},{"data":"Juggernaut","floor":32,"key":"SMITH"}],"path_taken":["M","M","?","$","?","R","M","M","T","M","R","M","E","M","R","BOSS","M","M","?","M","M","R","M","$","T","?","R","M","M","$","R","BOSS"],"build_version":"2018-05-24","seed_source_timestamp":487221969274307,"purchased_purges":0,"victory":false,"master_deck":["Strike_R","Strike_R","Strike_R","Strike_R","Strike_R","Defend_R+1","Defend_R","Defend_R","Defend_R+1","Flex","Blood for Blood+1","Metallicize","Iron Wave+1","Body Slam+1","Heavy Blade","Impervious+1","Iron Wave+1","Shrug It Off","Shockwave+1","Seeing Red+1","Shrug It Off","Infernal Blade+1","Juggernaut+1","Shrug It Off","Inflame"],"max_hp_per_floor":[72,72,72,72,72,72,72,72,72,72,72,72,77,77,77,77,77,77,77,77,77,77,77,77,77,77,77,77,77,77,77,77,77],"relics":["Burning Blood","Torii","Bloody Idol","Matryoshka","Dream Catcher","Lizard Tail","Vajra","Dodecahedron","Bronze Scales","Lantern"],"card_choices":[{"not_picked":["Warcry","Twin Strike"],"picked":"Flex","floor":1},{"not_picked":["Heavy Blade","Warcry"],"picked":"Blood for Blood","floor":2},{"not_picked":["Reckless Charge","Clash"],"picked":"Metallicize","floor":7},{"not_picked":["Headbutt","Sever Soul"],"picked":"Iron Wave","floor":8},{"not_picked":["Perfected Strike","Armaments","Warcry"],"picked":"SKIP","floor":10},{"not_picked":["Thunderclap","Uppercut"],"picked":"Body Slam","floor":12},{"not_picked":["Corruption","Cleave","Sword Boomerang"],"picked":"SKIP","floor":13},{"not_picked":["Wild Strike","Warcry"],"picked":"Heavy Blade","floor":14},{"not_picked":["Juggernaut","Exhume"],"picked":"Impervious","floor":16},{"not_picked":["Combust","Pommel Strike"],"picked":"Iron Wave+1","floor":18},{"not_picked":["Armaments+1","True Grit+1"],"picked":"Shrug It Off","floor":19},{"not_picked":["True Grit+1","Pommel Strike","Uppercut"],"picked":"SKIP","floor":21},{"not_picked":["Sever Soul+1","Flex"],"picked":"Shockwave+1","floor":22},{"not_picked":["Armaments","Anger"],"picked":"Seeing Red+1","floor":24},{"not_picked":["Perfected Strike+1","Clash"],"picked":"Juggernaut","floor":29},{"not_picked":["True Grit","Pommel Strike"],"picked":"Shrug It Off","floor":30}],"player_experience":43584,"potions_floor_usage":[13,13,13,19,21,22,22],"damage_taken":[{"damage":0,"enemies":"Small Slimes","floor":1,"turns":3},{"damage":6,"enemies":"Cultist","floor":2,"turns":3},{"damage":0,"enemies":"2 Louse","floor":7,"turns":3},{"damage":2,"enemies":"Looter","floor":8,"turns":3},{"damage":1,"enemies":"2 Fungi Beasts","floor":10,"turns":3},{"damage":1,"enemies":"3 Louse","floor":12,"turns":4},{"damage":18,"enemies":"Gremlin Nob","floor":13,"turns":4},{"damage":1,"enemies":"Exordium Thugs","floor":14,"turns":4},{"damage":20,"enemies":"The Guardian","floor":16,"turns":12},{"damage":40,"enemies":"3 Byrds","floor":18,"turns":8},{"damage":2,"enemies":"2 Thieves","floor":19,"turns":4},{"damage":4,"enemies":"Centurion and Healer","floor":21,"turns":11},{"damage":9,"enemies":"Snake Plant","floor":22,"turns":4},{"damage":22,"enemies":"Snecko","floor":24,"turns":7},{"damage":15,"enemies":"Cultist and Chosen","floor":29,"turns":8},{"damage":35,"enemies":"Chosen and Byrds","floor":30,"turns":7},{"damage":56,"enemies":"Automaton","floor":33,"turns":6}],"relics_obtained":[{"floor":9,"key":"Matryoshka"},{"floor":13,"key":"Dream Catcher"},{"floor":26,"key":"Dodecahedron"},{"floor":26,"key":"Bronze Scales"}],"event_choices":[{"event_name":"Golden Idol","player_choice":"Take Damage","floor":3,"damage_taken":0},{"event_name":"Shining Light","player_choice":"Entered Light","floor":5,"damage_taken":0},{"event_name":"Bonfire Elementals","player_choice":"BASIC","floor":20,"damage_taken":0},{"event_name":"Forgotten Altar","player_choice":"Gave Idol","floor":27,"damage_taken":0}],"boss_relics":[{"not_picked":["Black Blood","Philosopher\u0027s Stone"],"picked":"Lizard Tail"}],"items_purged_floors":[],"potions_floor_spawned":[1,8,12,13,16,19,21,30],"seed_played":"6015023167104020452","killed_by":"Automaton","ascension_level":0,"potions_obtained":[{"floor":1,"key":"Dexterity Potion"},{"floor":8,"key":"Strength Potion"},{"floor":12,"key":"Fruit Juice"},{"floor":13,"key":"Ancient Potion"},{"floor":16,"key":"AttackPotion"},{"floor":19,"key":"Block Potion"},{"floor":21,"key":"Weak Potion"},{"floor":30,"key":"LiquidBronze"}],"is_trial":false}