{"gold_per_floor":[109,123,2,102,113,113,144,144,144,144,144,144,174,187,187,187],"floor_reached":16,"playtime":1132,"items_purged":["Strike_R"],"score":167,"play_id":"056a7f3d-5760-403d-b92c-84fdf4901538","local_time":"20190504220554","is_ascension_mode":true,"campfire_choices":[{"data":"Shockwave","floor":6.0,"key":"SMITH"},{"data":"Armaments","floor":11.0,"key":"SMITH"},{"floor":12.0,"key":"REST"},{"data":"Rage","floor":15,"key":"SMITH"}],"neow_cost":"NONE","seed_source_timestamp":1842124956767131,"circlet_count":0,"master_deck":["AscendersBane","Strike_R","Strike_R","Strike_R","Defend_R","Defend_R+1","Defend_R+1","Defend_R","Bash","Pommel Strike","Shockwave+1","Twin Strike","Pummel","Armaments+1","Ghostly Armor","Rage+1"],"special_seed":0,"relics":["White Beast Statue","WingedGreaves","Gremlin Horn","Thread and Needle"],"potions_floor_usage":[13,14,16,16],"damage_taken":[{"damage":14.0,"enemies":"Jaw Worm","floor":1.0,"turns":5.0},{"damage":1.0,"enemies":"Cultist","floor":2.0,"turns":4.0},{"damage":0.0,"enemies":"2 Louse","floor":5.0,"turns":3.0},{"damage":20.0,"enemies":"Lagavulin","floor":7.0,"turns":6.0},{"damage":10,"enemies":"3 Sentries","floor":13,"turns":6},{"damage":3,"enemies":"Exordium Wildlife","floor":14,"turns":5},{"damage":26,"enemies":"Hexaghost","floor":16,"turns":11}],"seed_played":"7928591737937897663","potions_obtained":[{"floor":1.0,"key":"PowerPotion"},{"floor":2.0,"key":"LiquidBronze"},{"floor":5.0,"key":"Explosive Potion"},{"floor":7.0,"key":"FearPotion"},{"floor":13,"key":"Swift Potion"},{"floor":14,"key":"AttackPotion"}],"is_trial":false,"path_per_floor":["M","M","$","?","M","R","E","?","T","?","R","R","E","M","R","B"],"character_chosen":"IRONCLAD","items_purchased":["Twin Strike"],"campfire_rested":1,"item_purchase_floors":[3],"current_hp_per_floor":[58,57,57,57,57,57,37,21,21,14,14,38,28,25,25,0],"gold":187,"neow_bonus":"BOSS_RELIC","is_prod":false,"is_daily":false,"chose_seed":false,"campfire_upgraded":3,"win_rate":0,"timestamp":1557025554,"path_taken":["M","M","$","?","?","R","E","?","T","?","R","R","E","M","R","BOSS"],"build_version":"2019-01-23","purchased_purges":1,"victory":false,"max_hp_per_floor":[80,80,80,80,80,80,80,80,80,80,80,80,80,80,80,80],"card_choices":[{"not_picked":["Sword Boomerang","Havoc"],"picked":"Pommel Strike","floor":1.0},{"not_picked":["Burning Pact","Warcry"],"picked":"Shockwave","floor":2.0},{"not_picked":["Heavy Blade","Disarm"],"picked":"Pummel","floor":5.0},{"not_picked":["Berserk","Iron Wave"],"picked":"Armaments","floor":7.0},{"not_picked":["Rupture","Iron Wave"],"picked":"Ghostly Armor","floor":13},{"not_picked":["Iron Wave","Twin Strike"],"picked":"Rage","floor":14}],"player_experience":382325,"relics_obtained":[{"floor":7.0,"key":"WingedGreaves"},{"floor":9.0,"key":"Gremlin Horn"},{"floor":13,"key":"Thread and Needle"}],"event_choices":[{"damage_healed":0.0,"max_hp_gain":0.0,"max_hp_loss":0.0,"gold_gain":100.0,"event_name":"Golden Shrine","player_choice":"Pray","floor":4.0,"gold_loss":0.0,"damage_taken":0.0},{"damage_healed":0.0,"max_hp_gain":0.0,"max_hp_loss":0.0,"gold_gain":0.0,"event_name":"Shining Light","player_choice":"Entered Light","floor":8.0,"gold_loss":0.0,"damage_taken":16.0,"cards_upgraded":["Defend_R","Defend_R"]},{"cards_removed":["Strike_R"],"damage_healed":0.0,"max_hp_gain":0.0,"max_hp_loss":0.0,"gold_gain":0.0,"event_name":"Golden Wing","player_choice":"Card Removal","floor":10.0,"gold_loss":0.0,"damage_taken":7.0}],"is_beta":false,"boss_relics":[],"items_purged_floors":[3],"is_endless":false,"potions_floor_spawned":[1,2,5,7,13,14],"killed_by":"Hexaghost","ascension_level":11}