{"gold_per_floor":[117,137,154,5,24,24,57,57,81,92,127,145,164,164,164,266,266,284,297,312,332,350,382,382],"floor_reached":24,"playtime":2556,"items_purged":["Defend_B"],"score":259,"play_id":"cc2d44e6-5d3f-40d3-97e8-82410dc6b307","local_time":"20181124220715","is_ascension_mode":false,"campfire_choices":[{"data":"Defragment","floor":6,"key":"SMITH"},{"data":"Dualcast","floor":8,"key":"SMITH"},{"data":"Reboot","floor":15,"key":"SMITH"}],"neow_cost":"NONE","seed_source_timestamp":1139559233145096,"circlet_count":0,"master_deck":["Strike_B","Strike_B","Defend_B","Defend_B","Defend_B","Zap","Dualcast+1","Seek","Leap","Cold Snap","Defragment+1","Electrodynamics","Cold Snap","Reboot+1","Self Repair","Echo Form","Tempest","Glacier+1","Capacitor","Ball Lightning","Defragment","Amplify"],"relics":["Cracked Core","Dream Catcher","Oddly Smooth Stone","Runic Pyramid","Gremlin Horn"],"potions_floor_usage":[7,16,16,16,23],"damage_taken":[{"damage":1,"enemies":"Cultist","floor":1,"turns":3},{"damage":2,"enemies":"Jaw Worm","floor":2,"turns":3},{"damage":0,"enemies":"Small Slimes","floor":3,"turns":3},{"damage":7,"enemies":"3 Louse","floor":5,"turns":5},{"damage":0,"enemies":"Gremlin Nob","floor":7,"turns":3},{"damage":2,"enemies":"Large Slime","floor":10,"turns":4},{"damage":9,"enemies":"3 Sentries","floor":11,"turns":2},{"damage":2,"enemies":"2 Fungi Beasts","floor":12,"turns":2},{"damage":0,"enemies":"3 Louse","floor":13,"turns":1},{"damage":15,"enemies":"Hexaghost","floor":16,"turns":13},{"damage":5,"enemies":"Spheric Guardian","floor":18,"turns":4},{"damage":3,"enemies":"Chosen","floor":19,"turns":4},{"damage":22,"enemies":"Snake Plant","floor":20,"turns":6},{"damage":12,"enemies":"Centurion and Healer","floor":21,"turns":5},{"damage":0,"enemies":"3 Cultists","floor":22,"turns":4},{"damage":32,"enemies":"Book of Stabbing","floor":23,"turns":6},{"damage":48,"enemies":"Cultist and Chosen","floor":24,"turns":5}],"seed_played":"371266617816384911","potions_obtained":[{"floor":1,"key":"EssenceOfSteel"},{"floor":7,"key":"FearPotion"},{"floor":10,"key":"Dexterity Potion"},{"floor":12,"key":"PowerPotion"},{"floor":13,"key":"Block Potion"},{"floor":20,"key":"Fire Potion"}],"is_trial":false,"path_per_floor":["M","M","M","$","M","R","E","R","T","M","E","M","M","?","R","B",null,"M","M","M","M","M","E","M"],"character_chosen":"DEFECT","items_purchased":["Defragment"],"campfire_rested":0,"item_purchase_floors":[4],"current_hp_per_floor":[74,72,72,72,65,65,65,65,65,63,54,52,52,52,52,44,75,75,75,60,55,62,37,0],"gold":382,"neow_bonus":"TRANSFORM_CARD","is_prod":false,"is_daily":false,"chose_seed":false,"campfire_upgraded":3,"win_rate":0,"timestamp":1543064835,"path_taken":["M","M","M","$","M","R","E","R","T","M","E","M","M","?","R","BOSS","M","M","M","M","?","E","M"],"build_version":"2018-11-15","purchased_purges":1,"victory":false,"max_hp_per_floor":[75,75,75,75,75,75,75,75,75,75,75,75,75,75,75,75,75,75,75,75,75,75,75,75],"card_choices":[{"not_picked":["Compile Driver","Doom and Gloom"],"picked":"Leap","floor":1},{"not_picked":["Go for the Eyes","Streamline"],"picked":"Cold Snap","floor":2},{"not_picked":["Turbo","Sweeping Beam","Barrage"],"picked":"SKIP","floor":3},{"not_picked":["Compile Driver","Streamline"],"picked":"Electrodynamics","floor":5},{"not_picked":["Steam","Conserve Battery","Blizzard"],"picked":"SKIP","floor":7},{"not_picked":["Compile Driver","Auto Shields"],"picked":"Cold Snap","floor":10},{"not_picked":["Barrage","Gash","Steam"],"picked":"SKIP","floor":11},{"not_picked":["Coolheaded","Darkness"],"picked":"Reboot","floor":12},{"not_picked":["Conserve Battery","Cold Snap"],"picked":"Self Repair","floor":13},{"not_picked":["Reboot","Electrodynamics"],"picked":"Echo Form","floor":16},{"not_picked":["Streamline","Skim+1"],"picked":"Tempest","floor":18},{"not_picked":["Self Repair+1","Steam"],"picked":"Glacier+1","floor":19},{"not_picked":["Barrage+1","Rebound"],"picked":"Capacitor","floor":20},{"not_picked":["Steam Power","Chill"],"picked":"Ball Lightning","floor":21},{"not_picked":["FTL","Auto Shields+1"],"picked":"Defragment","floor":22},{"not_picked":["Compile Driver+1","Steam"],"picked":"Amplify","floor":23}],"player_experience":44247,"relics_obtained":[{"floor":7,"key":"Dream Catcher"},{"floor":11,"key":"Oddly Smooth Stone"},{"floor":23,"key":"Gremlin Horn"}],"event_choices":[{"cards_removed":["Strike_B"],"damage_healed":0,"gold_gain":0,"player_choice":"Offered Basic","damage_taken":0,"max_hp_gain":0,"max_hp_loss":0,"event_name":"Bonfire Elementals","floor":14,"gold_loss":0}],"is_beta":false,"boss_relics":[{"not_picked":["Snecko Eye","Eternal Feather"],"picked":"Runic Pyramid"}],"items_purged_floors":[4],"is_endless":false,"potions_floor_spawned":[1,7,10,12,13,20],"killed_by":"Cultist and Chosen","ascension_level":0}