{"gold_per_floor":[110,125,20,95,145,176,176,205,232,232,248,263,280,308,308,385,385,396,240,250,260,360,360,395,395,395,395,395,25,25,41,41,118,118,130,90,110,128,142,142,155,155,155,172,172,198,29,29,29,29],"floor_reached":50,"playtime":2554,"items_purged":["Parasite","Strike_B"],"score":1170,"play_id":"8ca25279-bf39-4f83-b87d-e24a217b08e1","local_time":"20190510180818","is_ascension_mode":true,"campfire_choices":[{"floor":7,"key":"REST"},{"data":"Sunder","floor":10,"key":"SMITH"},{"data":"Biased Cognition","floor":15,"key":"SMITH"},{"floor":23,"key":"REST"},{"floor":27,"key":"REST"},{"floor":32,"key":"REST"},{"floor":40,"key":"REST"},{"floor":42,"key":"REST"},{"floor":49,"key":"RECALL"}],"neow_cost":"CURSE","seed_source_timestamp":372786397046300,"circlet_count":0,"master_deck":["AscendersBane","Strike_B","Defend_B","Defend_B","Defend_B","Defend_B","Zap","Dualcast","Electrodynamics","Sunder+1","Ball Lightning","Glacier","Go for the Eyes","Undo","Sweeping Beam+1","Go for the Eyes+1","Rebound+1","Ball Lightning+1","Biased Cognition+1","Fission","Auto Shields","Defragment+1","Capacitor","Genetic Algorithm","Creative AI","Aggregate","Loop","Self Repair","Hologram","Barrage+1","Cold Snap+1","Echo Form","Reinforced Body","Consume","Stack","Capacitor","FTL+1"],"relics":["Cracked Core","Happy Flower","Molten Egg 2","Blood Vial","Question Card","Black Star","Girya","Sundial","Mercury Hourglass","Centennial Puzzle","Dead Branch","Symbiotic Virus","Runic Dome","Lantern","Ginger","Frozen Egg 2","Oddly Smooth Stone"],"potions_floor_usage":[8,16,22,22,33,33,44,44],"damage_taken":[{"damage":6,"enemies":"Cultist","floor":1,"turns":3},{"damage":0,"enemies":"2 Louse","floor":2,"turns":1},{"damage":20,"enemies":"3 Sentries","floor":6,"turns":4},{"damage":9,"enemies":"Lagavulin","floor":8,"turns":9},{"damage":0,"enemies":"Jaw Worm","floor":11,"turns":2},{"damage":0,"enemies":"Large Slime","floor":12,"turns":4},{"damage":8,"enemies":"Blue Slaver","floor":13,"turns":3},{"damage":7,"enemies":"3 Sentries","floor":14,"turns":4},{"damage":0,"enemies":"Slime Boss","floor":16,"turns":4},{"damage":0,"enemies":"Spheric Guardian","floor":18,"turns":4},{"damage":13,"enemies":"3 Byrds","floor":20,"turns":3},{"damage":6,"enemies":"Snake Plant","floor":21,"turns":5},{"damage":13,"enemies":"Colosseum Slavers","floor":22,"turns":3},{"damage":8,"enemies":"Colosseum Nobs","floor":22,"turns":3},{"damage":48,"enemies":"Slavers","floor":24,"turns":4},{"damage":7,"enemies":"Centurion and Healer","floor":31,"turns":5},{"damage":26,"enemies":"Collector","floor":33,"turns":8},{"damage":35,"enemies":"3 Darklings","floor":35,"turns":6},{"damage":28,"enemies":"3 Shapes","floor":37,"turns":7},{"damage":18,"enemies":"Maw","floor":38,"turns":8},{"damage":22,"enemies":"Sphere and 2 Shapes","floor":39,"turns":4},{"damage":18,"enemies":"3 Darklings","floor":41,"turns":8},{"damage":6,"enemies":"Jaw Worm Horde","floor":44,"turns":5},{"damage":36,"enemies":"Reptomancer","floor":46,"turns":7},{"damage":24,"enemies":"Donu and Deca","floor":50,"turns":1}],"seed_played":"-8882633591360396970","potions_obtained":[{"floor":6,"key":"SteroidPotion"},{"floor":12,"key":"SteroidPotion"},{"floor":13,"key":"Regen Potion"},{"floor":20,"key":"LiquidBronze"},{"floor":21,"key":"FearPotion"},{"floor":36,"key":"Weak Potion"},{"floor":36,"key":"FocusPotion"},{"floor":41,"key":"GamblersBrew"},{"floor":44,"key":"SpeedPotion"}],"is_trial":false,"path_per_floor":["M","M","$","?","?","E","R","E","T","R","M","M","M","E","R","B",null,"M","$","M","M","?","R","E","?","T","R","T","$","?","M","R","B",null,"M","?","M","M","M","R","M","R","T","M","T","E","$","?","R","B"],"character_chosen":"DEFECT","items_purchased":["Glacier","Go for the Eyes","Auto Shields","Self Repair","Hologram","Weak Potion","AttackPotion","Barrage+1","Oddly Smooth Stone"],"campfire_rested":6,"item_purchase_floors":[3,3,19,29,29,29,29,29,47],"current_hp_per_floor":[58,58,58,47,47,27,48,39,39,39,41,43,37,32,32,46,65,67,67,55,51,34,54,8,8,8,28,28,28,28,23,43,26,58,39,39,27,25,5,25,23,43,43,46,46,19,19,19,19,0],"gold":29,"neow_bonus":"THREE_RARE_CARDS","is_prod":false,"is_daily":false,"chose_seed":false,"campfire_upgraded":2,"win_rate":0,"timestamp":1557479298,"path_taken":["M","M","$","?","?","E","R","E","T","R","?","M","M","E","R","BOSS","M","$","M","M","?","R","E","?","T","R","?","$","?","?","R","BOSS","M","?","M","?","?","R","M","R","T","?","?","E","?","?","R","BOSS"],"build_version":"2019-01-23","purchased_purges":2,"victory":false,"max_hp_per_floor":[71,71,71,71,71,71,71,71,71,71,71,71,71,71,71,71,71,71,68,68,68,68,68,68,68,68,68,68,68,68,68,68,68,68,68,68,68,68,68,68,68,68,68,68,68,68,68,68,68,68],"card_choices":[{"not_picked":["Buffer","Amplify"],"picked":"Electrodynamics","floor":0},{"not_picked":["Compile Driver","Rip and Tear"],"picked":"Sunder","floor":1},{"not_picked":["Cold Snap","Steam Power"],"picked":"Ball Lightning","floor":2},{"not_picked":["Compile Driver","Gash"],"picked":"Undo","floor":6},{"not_picked":["Cold Snap","Blizzard"],"picked":"Sweeping Beam","floor":8},{"not_picked":["Melter+1","Leap"],"picked":"Go for the Eyes+1","floor":11},{"not_picked":["Reprogram","Compile Driver+1"],"picked":"Rebound+1","floor":12},{"not_picked":["Chaos","Sunder+1"],"picked":"Ball Lightning+1","floor":13},{"not_picked":["Conserve Battery","Aggregate"],"picked":"Biased Cognition","floor":14},{"not_picked":["Multi-Cast","Amplify","Buffer"],"picked":"Fission","floor":16},{"not_picked":["Consume","Redo","Darkness","Heatsinks"],"picked":"SKIP","floor":18},{"not_picked":["Fusion","Blizzard+1","Rebound+1"],"picked":"Defragment+1","floor":20},{"not_picked":["Sweeping Beam+1","Compile Driver+1","Beam Cell+1"],"picked":"Capacitor","floor":21},{"not_picked":["Fission","Compile Driver+1","Defragment"],"picked":"Genetic Algorithm","floor":22},{"not_picked":["Steam","Heatsinks","Recycle"],"picked":"Creative AI","floor":24},{"not_picked":["Steam","Rebound+1","Conserve Battery"],"picked":"Cold Snap+1","floor":31},{"not_picked":["Machine Learning","Amplify","Biased Cognition"],"picked":"Echo Form","floor":33},{"not_picked":["Compile Driver+1","Barrage+1","Blizzard+1"],"picked":"Reinforced Body","floor":35},{"not_picked":["Conserve Battery","Lockon+1","Rebound+1"],"picked":"Consume","floor":37},{"not_picked":["Go for the Eyes+1","Double Energy","Steam"],"picked":"Stack","floor":38},{"not_picked":["Sweeping Beam+1","Chaos","Conserve Battery"],"picked":"Capacitor","floor":39},{"not_picked":["Barrage+1","Compile Driver+1","Cold Snap+1"],"picked":"FTL+1","floor":41},{"not_picked":["Melter+1","Multi-Cast","Redo","Self Repair"],"picked":"SKIP","floor":44},{"not_picked":["Echo Form","Leap","Rebound+1","Steam"],"picked":"SKIP","floor":46}],"player_experience":1322228,"relics_obtained":[{"floor":6,"key":"Happy Flower"},{"floor":8,"key":"Molten Egg 2"},{"floor":9,"key":"Blood Vial"},{"floor":14,"key":"Question Card"},{"floor":22,"key":"Girya"},{"floor":22,"key":"Sundial"},{"floor":24,"key":"Mercury Hourglass"},{"floor":24,"key":"Centennial Puzzle"},{"floor":26,"key":"Dead Branch"},{"floor":28,"key":"Symbiotic Virus"},{"floor":45,"key":"Lantern"},{"floor":46,"key":"Ginger"},{"floor":46,"key":"Frozen Egg 2"}],"event_choices":[{"damage_healed":0,"gold_gain":75,"player_choice":"Gather Gold","damage_taken":11,"max_hp_gain":0,"max_hp_loss":0,"event_name":"World of Goop","floor":4,"gold_loss":0},{"damage_healed":0,"gold_gain":50,"player_choice":"Pray","damage_taken":0,"max_hp_gain":0,"max_hp_loss":0,"event_name":"Golden Shrine","floor":5,"gold_loss":0},{"damage_healed":0,"gold_gain":0,"player_choice":"Fight","damage_taken":0,"max_hp_gain":0,"max_hp_loss":0,"event_name":"Colosseum","floor":22,"gold_loss":0},{"damage_healed":0,"gold_gain":0,"player_choice":"Fought Nobs","damage_taken":0,"max_hp_gain":0,"max_hp_loss":0,"event_name":"Colosseum","floor":22,"gold_loss":0},{"damage_healed":0,"gold_gain":0,"cards_transformed":["Strike_B","Strike_B"],"player_choice":"Became Test Subject","damage_taken":0,"max_hp_gain":0,"max_hp_loss":0,"event_name":"Drug Dealer","floor":25,"gold_loss":0,"cards_obtained":["Aggregate","Loop"]},{"damage_healed":0,"gold_gain":0,"player_choice":"Ignored","damage_taken":0,"max_hp_gain":0,"max_hp_loss":0,"event_name":"Ghosts","floor":30,"gold_loss":0},{"damage_healed":0,"gold_gain":0,"player_choice":"Bought 3 Potions","damage_taken":0,"max_hp_gain":0,"max_hp_loss":0,"event_name":"The Woman in Blue","floor":36,"gold_loss":0},{"damage_healed":0,"gold_gain":0,"player_choice":"0 cards matched","damage_taken":0,"max_hp_gain":0,"max_hp_loss":0,"event_name":"Match and Keep!","floor":48,"gold_loss":0,"cards_obtained":[]}],"is_beta":false,"boss_relics":[{"not_picked":["Busted Crown","Velvet Choker"],"picked":"Black Star"},{"not_picked":["Philosopher\u0027s Stone","Empty Cage"],"picked":"Runic Dome"}],"items_purged_floors":[19,29],"is_endless":false,"potions_floor_spawned":[6,12,13,14,20,21,31,39,41,44],"killed_by":"Donu and Deca","ascension_level":20}