{"gold_per_floor":[212,227,227,227,242,242,317,333,333,333,351,369,369,294,294,414,414,430,430,283,298,173,173,194,207,231,243,279,291,218,80,80,80],"floor_reached":33,"playtime":880,"items_purged":["Strike_R","Clash","Corruption","Rampage"],"score":237,"play_id":"bddb7a97-83f1-43f6-94c2-53d5c92b4c38","local_time":"20190511202939","is_ascension_mode":false,"campfire_choices":[{"data":"Flex","floor":6,"key":"SMITH"},{"data":"Bash","floor":10,"key":"SMITH"},{"floor":15,"key":"REST"},{"data":"Rampage","floor":23,"key":"SMITH"},{"floor":32,"key":"REST"}],"neow_cost":"NONE","seed_source_timestamp":436192392676956,"circlet_count":0,"master_deck":["Bash+1","Flex+1","Flex","Rampage+1","Armaments","Double Tap","Twin Strike","Shrug It Off"],"relics":["Burning Blood","Golden Idol","Matryoshka","Pandora\u0027s Box","Toxic Egg 2","MawBank","Juzu Bracelet"],"potions_floor_usage":[16,16,33],"damage_taken":[{"damage":7,"enemies":"2 Louse","floor":1,"turns":3},{"damage":6,"enemies":"Cultist","floor":2,"turns":3},{"damage":0,"enemies":"Small Slimes","floor":5,"turns":3},{"damage":9,"enemies":"2 Fungi Beasts","floor":8,"turns":4},{"damage":4,"enemies":"3 Louse","floor":11,"turns":3},{"damage":15,"enemies":"Exordium Thugs","floor":12,"turns":3},{"damage":74,"enemies":"The Guardian","floor":16,"turns":13},{"damage":10,"enemies":"Chosen","floor":18,"turns":4},{"damage":10,"enemies":"Spheric Guardian","floor":21,"turns":3},{"damage":7,"enemies":"Centurion and Healer","floor":24,"turns":4},{"damage":21,"enemies":"Snake Plant","floor":25,"turns":3},{"damage":39,"enemies":"Colosseum Slavers","floor":27,"turns":4},{"damage":23,"enemies":"Shelled Parasite and Fungi","floor":28,"turns":4},{"damage":69,"enemies":"Collector","floor":33,"turns":7}],"seed_played":"584233415778710602","potions_obtained":[{"floor":8,"key":"Regen Potion"},{"floor":11,"key":"Fire Potion"},{"floor":16,"key":"LiquidBronze"}],"is_trial":false,"path_per_floor":["M","M","?","?","M","R","?","M","T","R","M","M","?","$","R","B",null,"M","?","$","M","$","R","M","M","T","?","M","?","?","$","R","B"],"character_chosen":"IRONCLAD","items_purchased":["Shrug It Off"],"campfire_rested":2,"item_purchase_floors":[20],"current_hp_per_floor":[79,79,59,59,65,65,54,51,51,51,53,44,49,49,74,20,85,81,81,81,77,77,77,76,61,61,28,11,39,39,39,64,0],"gold":80,"neow_bonus":"HUNDRED_GOLD","is_prod":false,"is_daily":false,"chose_seed":false,"campfire_upgraded":3,"win_rate":0,"timestamp":1557620979,"path_taken":["M","M","?","?","?","R","?","M","T","R","M","M","?","$","R","BOSS","M","?","$","M","$","R","?","M","T","?","M","?","?","$","R","BOSS"],"build_version":"2019-01-23","purchased_purges":4,"victory":false,"max_hp_per_floor":[80,80,80,80,80,80,80,80,80,80,80,80,85,85,85,85,85,85,85,85,85,85,85,85,85,85,85,85,85,85,85,85,85],"card_choices":[{"not_picked":["Iron Wave","Havoc"],"picked":"Flex","floor":1},{"not_picked":["Thunderclap","Pummel","Power Through"],"picked":"SKIP","floor":2},{"not_picked":["Perfected Strike","Thunderclap","Reckless Charge"],"picked":"SKIP","floor":5},{"not_picked":["Armaments","True Grit","Ghostly Armor"],"picked":"SKIP","floor":8},{"not_picked":["Warcry","Cleave"],"picked":"Flex","floor":11},{"not_picked":["Pommel Strike","Evolve","Shrug It Off"],"picked":"SKIP","floor":12},{"not_picked":["Warcry","True Grit","Anger"],"picked":"SKIP","floor":18},{"not_picked":["Shrug It Off","Perfected Strike","Corruption"],"picked":"SKIP","floor":21},{"not_picked":["Bloodletting","Flex","Cleave"],"picked":"SKIP","floor":24},{"not_picked":["True Grit+1","Heavy Blade","Hemokinesis"],"picked":"SKIP","floor":25},{"not_picked":["True Grit+1","Warcry+1","Sword Boomerang"],"picked":"SKIP","floor":28}],"player_experience":128254,"relics_obtained":[{"floor":9,"key":"Matryoshka"},{"floor":26,"key":"Toxic Egg 2"},{"floor":26,"key":"MawBank"}],"event_choices":[{"damage_healed":0,"gold_gain":0,"player_choice":"Take Damage","damage_taken":20,"relics_obtained":["Golden Idol"],"max_hp_gain":0,"max_hp_loss":0,"event_name":"Golden Idol","floor":3,"gold_loss":0},{"cards_removed":["Strike_R"],"damage_healed":0,"gold_gain":0,"player_choice":"Took Card","damage_taken":0,"max_hp_gain":0,"max_hp_loss":0,"event_name":"NoteForYourself","floor":4,"gold_loss":0,"cards_obtained":["Strike_B"]},{"damage_healed":0,"gold_gain":75,"player_choice":"Gather Gold","damage_taken":11,"max_hp_gain":0,"max_hp_loss":0,"event_name":"World of Goop","floor":7,"gold_loss":0},{"damage_healed":0,"gold_gain":0,"player_choice":"Donut","damage_taken":0,"max_hp_gain":5,"max_hp_loss":0,"event_name":"Big Fish","floor":13,"gold_loss":0},{"cards_removed":["Fiend Fire"],"damage_healed":0,"gold_gain":0,"player_choice":"Purged","damage_taken":0,"max_hp_gain":0,"max_hp_loss":0,"event_name":"Purifier","floor":19,"gold_loss":0},{"damage_healed":0,"gold_gain":0,"player_choice":"Fight","damage_taken":0,"max_hp_gain":0,"max_hp_loss":0,"event_name":"Colosseum","floor":27,"gold_loss":0},{"damage_healed":0,"gold_gain":0,"player_choice":"Fled From Nobs","damage_taken":0,"max_hp_gain":0,"max_hp_loss":0,"event_name":"Colosseum","floor":27,"gold_loss":0},{"damage_healed":28,"gold_gain":0,"player_choice":"Heal","damage_taken":0,"max_hp_gain":0,"max_hp_loss":0,"event_name":"The Library","floor":29,"gold_loss":0},{"damage_healed":0,"gold_gain":0,"player_choice":"Obtained Relic","damage_taken":0,"relics_obtained":["Juzu Bracelet"],"max_hp_gain":0,"max_hp_loss":0,"event_name":"Addict","floor":30,"gold_loss":85}],"is_beta":false,"boss_relics":[{"not_picked":["Busted Crown","Runic Cube"],"picked":"Pandora\u0027s Box"}],"items_purged_floors":[14,20,22,31],"is_endless":false,"potions_floor_spawned":[8,11,16,27],"killed_by":"Collector","ascension_level":0}