{"gold_per_floor":[115,115,125,200,210,241,241,272,272,272,291,291,291,322,322,427,427,443,443,219,318,331,331,342,342,415,415,415,430,262,262],"floor_reached":31,"playtime":1322,"items_purged":["Writhe","Decay"],"score":402,"play_id":"22326316-fe33-45b5-8324-fc03c10283d8","local_time":"20190412130620","is_ascension_mode":true,"campfire_choices":[{"floor":10,"key":"REST"},{"floor":12,"key":"REST"},{"data":"Zap","floor":15,"key":"SMITH"},{"data":"Strike_B","floor":23,"key":"PURGE"},{"data":"Hologram","floor":25,"key":"SMITH"},{"data":"Strike_B","floor":27,"key":"PURGE"}],"neow_cost":"NONE","seed_source_timestamp":166755524367040,"circlet_count":0,"master_deck":["AscendersBane","Strike_B+1","Defend_B","Defend_B","Defend_B","Zap+1","Dualcast","Go for the Eyes+1","Barrage+1","Glacier","Ball Lightning","Compile Driver","Meteor Strike","Capacitor+1","Redo+1","Hologram+1","Sunder"],"relics":["Cracked Core","Darkstone Periapt","Peace Pipe","Ice Cream","Question Card","Philosopher\u0027s Stone","Shuriken","Regal Pillow","Bottled Lightning"],"potions_floor_usage":[6,22,22],"damage_taken":[{"damage":8,"enemies":"Jaw Worm","floor":1,"turns":4},{"damage":5,"enemies":"2 Louse","floor":3,"turns":3},{"damage":7,"enemies":"Small Slimes","floor":5,"turns":4},{"damage":13,"enemies":"3 Sentries","floor":6,"turns":11},{"damage":8,"enemies":"Lagavulin","floor":8,"turns":8},{"damage":4,"enemies":"Looter","floor":11,"turns":3},{"damage":11,"enemies":"3 Sentries","floor":14,"turns":5},{"damage":1,"enemies":"The Guardian","floor":16,"turns":12},{"damage":2,"enemies":"Spheric Guardian","floor":18,"turns":3},{"damage":16,"enemies":"3 Byrds","floor":22,"turns":4},{"damage":36,"enemies":"Shelled Parasite and Fungi","floor":24,"turns":5},{"damage":14,"enemies":"Snake Plant","floor":29,"turns":6},{"damage":13,"enemies":"Colosseum Slavers","floor":31,"turns":1}],"seed_played":"-652280362635119566","potions_obtained":[{"floor":5,"key":"Swift Potion"},{"floor":14,"key":"Weak Potion"},{"floor":18,"key":"FocusPotion"}],"is_trial":false,"path_per_floor":["M","?","M","?","M","E","?","E","T","R","M","R","?","E","R","B",null,"M","?","$","?","M","R","M","R","T","R","?","M","$","?"],"character_chosen":"DEFECT","items_purchased":["Regal Pillow","Sunder"],"campfire_rested":2,"item_purchase_floors":[20,30],"current_hp_per_floor":[60,60,55,44,37,24,17,9,9,31,27,49,34,23,23,22,62,60,66,66,66,50,50,14,14,14,14,20,6,6,0],"gold":262,"neow_bonus":"REMOVE_CARD","is_prod":false,"is_daily":false,"chose_seed":false,"campfire_upgraded":2,"win_rate":0,"timestamp":1555067180,"path_taken":["M","?","M","?","M","E","?","E","T","R","M","R","?","E","R","BOSS","M","?","$","?","M","R","M","R","T","R","?","M","?","?"],"build_version":"2019-01-23","purchased_purges":2,"victory":false,"max_hp_per_floor":[75,75,75,75,75,75,75,75,75,75,75,75,75,75,75,75,75,75,81,81,81,81,81,81,81,81,81,87,87,87,87],"card_choices":[{"not_picked":["White Noise","Undo"],"picked":"Go for the Eyes","floor":1},{"not_picked":["Scrape","Genetic Algorithm"],"picked":"Barrage","floor":3},{"not_picked":["Redo","Coolheaded"],"picked":"Glacier","floor":5},{"not_picked":["Double Energy","Rebound"],"picked":"Ball Lightning","floor":6},{"not_picked":["Barrage","Chaos"],"picked":"Compile Driver","floor":8},{"not_picked":["Undo","Go for the Eyes","Conserve Battery"],"picked":"SKIP","floor":11},{"not_picked":["Rebound","Stack","Undo"],"picked":"SKIP","floor":14},{"not_picked":["Multi-Cast","Core Surge","Machine Learning"],"picked":"Meteor Strike","floor":16},{"not_picked":["Redo","Chill+1","Stack"],"picked":"Capacitor+1","floor":18},{"not_picked":["Skim","Coolheaded","Undo"],"picked":"Redo+1","floor":22},{"not_picked":["Glacier","Redo+1","Double Energy"],"picked":"Hologram","floor":24},{"not_picked":["Scrape","Conserve Battery","Amplify","Redo"],"picked":"SKIP","floor":29}],"player_experience":565681,"relics_obtained":[{"floor":6,"key":"Darkstone Periapt"},{"floor":8,"key":"Peace Pipe"},{"floor":9,"key":"Ice Cream"},{"floor":14,"key":"Question Card"},{"floor":26,"key":"Bottled Lightning"}],"event_choices":[{"damage_healed":0,"gold_gain":0,"player_choice":"Grow","damage_taken":0,"max_hp_gain":0,"max_hp_loss":0,"event_name":"Living Wall","floor":2,"gold_loss":0,"cards_upgraded":["Go for the Eyes"]},{"damage_healed":0,"gold_gain":75,"player_choice":"Gather Gold","damage_taken":11,"max_hp_gain":0,"max_hp_loss":0,"event_name":"World of Goop","floor":4,"gold_loss":0},{"cards_removed":["Strike_B"],"damage_healed":0,"gold_gain":0,"player_choice":"Card Removal","damage_taken":7,"max_hp_gain":0,"max_hp_loss":0,"event_name":"Golden Wing","floor":7,"gold_loss":0},{"damage_healed":0,"gold_gain":0,"player_choice":"Entered Light","damage_taken":15,"max_hp_gain":0,"max_hp_loss":0,"event_name":"Shining Light","floor":13,"gold_loss":0,"cards_upgraded":["Barrage","Strike_B"]},{"damage_healed":0,"gold_gain":0,"player_choice":"Opened","damage_taken":0,"relics_obtained":["Shuriken"],"max_hp_gain":0,"max_hp_loss":0,"event_name":"The Mausoleum","floor":19,"gold_loss":0,"cards_obtained":["Writhe"]},{"damage_healed":0,"gold_gain":99,"player_choice":"Stole From Cult","damage_taken":0,"max_hp_gain":0,"max_hp_loss":0,"event_name":"Nest","floor":21,"gold_loss":0},{"damage_healed":0,"gold_gain":0,"player_choice":"Smashed Altar","damage_taken":0,"max_hp_gain":0,"max_hp_loss":0,"event_name":"Forgotten Altar","floor":28,"gold_loss":0,"cards_obtained":["Decay"]},{"damage_healed":0,"gold_gain":0,"player_choice":"Fight","damage_taken":0,"max_hp_gain":0,"max_hp_loss":0,"event_name":"Colosseum","floor":31,"gold_loss":0}],"is_beta":false,"boss_relics":[{"not_picked":["FrozenCore","Black Star"],"picked":"Philosopher\u0027s Stone"}],"items_purged_floors":[20,30],"is_endless":false,"potions_floor_spawned":[5,14,18],"killed_by":"Colosseum Slavers","ascension_level":12}