{"gold_per_floor":[13,23,39,39,29,29,58,58,134,149,181,194,45,63,63,63],"floor_reached":16,"playtime":795,"items_purged":["Strike_G"],"score":120,"play_id":"591087c0-2443-4d18-aaf6-3e6ecffe67c1","local_time":"20190504214255","is_ascension_mode":true,"campfire_choices":[{"data":"Footwork","floor":6,"key":"SMITH"},{"data":"Neutralize","floor":8,"key":"SMITH"},{"data":"Noxious Fumes","floor":15,"key":"SMITH"}],"neow_cost":"NO_GOLD","seed_source_timestamp":137295232307423,"circlet_count":0,"master_deck":["Defend_G","Defend_G","Defend_G","Defend_G","Defend_G","Strike_G","Strike_G","Strike_G","Strike_G","Survivor","Neutralize+1","Panacea","Footwork+1","Adrenaline","PiercingWail","Quick Slash","PiercingWail","Bouncing Flask","Noxious Fumes+1"],"relics":["Ring of the Snake","Girya","Mummified Hand","Boot"],"potions_floor_usage":[7,11,14,16],"damage_taken":[{"damage":5,"enemies":"2 Louse","floor":1,"turns":3},{"damage":1,"enemies":"Cultist","floor":2,"turns":4},{"damage":7,"enemies":"Jaw Worm","floor":3,"turns":4},{"damage":2,"enemies":"Exordium Thugs","floor":5,"turns":6},{"damage":12,"enemies":"Lagavulin","floor":7,"turns":11},{"damage":0,"enemies":"Looter","floor":10,"turns":4},{"damage":15,"enemies":"3 Sentries","floor":11,"turns":10},{"damage":0,"enemies":"Blue Slaver","floor":12,"turns":4},{"damage":1,"enemies":"Exordium Thugs","floor":14,"turns":3},{"damage":32,"enemies":"Slime Boss","floor":16,"turns":6}],"seed_played":"1299590434580167330","potions_obtained":[{"floor":5,"key":"Explosive Potion"},{"floor":10,"key":"Poison Potion"},{"floor":11,"key":"Energy Potion"},{"floor":12,"key":"Energy Potion"}],"is_trial":false,"path_per_floor":["M","M","M","?","M","R","E","R","T","M","E","M","$","M","R","B"],"character_chosen":"THE_SILENT","items_purchased":["Noxious Fumes"],"campfire_rested":0,"item_purchase_floors":[13],"current_hp_per_floor":[65,64,57,57,55,55,43,43,43,43,28,28,28,27,27,0],"gold":63,"neow_bonus":"RANDOM_COLORLESS_2","is_prod":false,"is_daily":false,"chose_seed":false,"campfire_upgraded":3,"win_rate":0,"timestamp":1557024175,"path_taken":["M","M","M","?","M","R","E","R","T","M","E","?","$","M","R","BOSS"],"build_version":"2019-01-23","purchased_purges":1,"victory":false,"max_hp_per_floor":[70,70,70,70,70,70,70,70,70,70,70,70,70,70,70,70],"card_choices":[{"not_picked":["Dodge and Roll","Deadly Poison"],"picked":"Footwork","floor":1},{"not_picked":["Dagger Spray","Prepared"],"picked":"Adrenaline","floor":2},{"not_picked":["Deflect","Distraction"],"picked":"PiercingWail","floor":3},{"not_picked":["Dagger Spray","Dagger Throw"],"picked":"Quick Slash","floor":5},{"not_picked":["Envenom","Bane"],"picked":"PiercingWail","floor":7},{"not_picked":["Acrobatics","Quick Slash","Outmaneuver"],"picked":"SKIP","floor":10},{"not_picked":["Acrobatics","Quick Slash","Outmaneuver"],"picked":"SKIP","floor":10},{"not_picked":["Flying Knee","Tools of the Trade","Dash"],"picked":"SKIP","floor":11},{"not_picked":["Tactician","Distraction"],"picked":"Bouncing Flask","floor":12},{"not_picked":["Backstab","Blade Dance","Sucker Punch"],"picked":"SKIP","floor":14}],"player_experience":1269549,"relics_obtained":[{"floor":7,"key":"Girya"},{"floor":9,"key":"Mummified Hand"},{"floor":11,"key":"Boot"}],"event_choices":[{"cards_removed":["Impatience"],"damage_healed":0,"gold_gain":0,"player_choice":"Card Removal","damage_taken":0,"max_hp_gain":0,"max_hp_loss":0,"event_name":"Wheel of Change","floor":4,"gold_loss":0}],"is_beta":false,"boss_relics":[],"items_purged_floors":[13],"is_endless":false,"potions_floor_spawned":[5,10,11,12],"killed_by":"Slime Boss","ascension_level":1}