{"gold_per_floor":[114,140,19,35,52,81,95,95,95,95,111,111,128,156,156,156],"floor_reached":16,"playtime":613,"items_purged":["Strike_G"],"score":168,"play_id":"4aad81e6-3f45-44a2-97cf-a7d63922caa9","local_time":"20190324160059","is_ascension_mode":true,"campfire_choices":[{"floor":8,"key":"REST"},{"floor":12,"key":"REST"},{"floor":15,"key":"REST"}],"neow_cost":"NONE","seed_source_timestamp":157224627082066,"circlet_count":0,"master_deck":["AscendersBane","Defend_G","Defend_G","Defend_G","Defend_G","Defend_G","Strike_G","Strike_G","Strike_G","Strike_G","Survivor","Neutralize","Skewer","Deadly Poison","Accuracy","Blade Dance","Backflip","Deadly Poison","Crippling Poison"],"relics":["Ring of the Snake","NeowsBlessing","Vajra","Darkstone Periapt","Happy Flower","Bag of Marbles"],"potions_floor_usage":[6,13,16],"damage_taken":[{"damage":0,"enemies":"Cultist","floor":1,"turns":1},{"damage":0,"enemies":"2 Louse","floor":4,"turns":1},{"damage":0,"enemies":"Small Slimes","floor":5,"turns":1},{"damage":30,"enemies":"Gremlin Nob","floor":6,"turns":4},{"damage":7,"enemies":"Blue Slaver","floor":7,"turns":4},{"damage":11,"enemies":"3 Louse","floor":11,"turns":4},{"damage":35,"enemies":"Lots of Slimes","floor":13,"turns":4},{"damage":21,"enemies":"3 Sentries","floor":14,"turns":12},{"damage":26,"enemies":"Slime Boss","floor":16,"turns":12}],"seed_played":"-7834233499686697539","potions_obtained":[{"floor":4,"key":"PowerPotion"},{"floor":6,"key":"EssenceOfSteel"},{"floor":14,"key":"SneckoOil"}],"is_trial":false,"path_per_floor":["M","T","$","M","M","E","M","R","T","$","M","R","M","E","R","B"],"character_chosen":"THE_SILENT","items_purchased":["Deadly Poison"],"campfire_rested":3,"item_purchase_floors":[3],"current_hp_per_floor":[63,63,63,63,63,33,26,47,47,47,36,57,22,1,22,0],"gold":156,"neow_bonus":"THREE_ENEMY_KILL","is_prod":false,"is_daily":false,"chose_seed":false,"campfire_upgraded":0,"win_rate":0,"timestamp":1553439659,"path_taken":["M","?","$","?","M","E","M","R","T","?","M","R","M","E","R","BOSS"],"build_version":"2019-01-23","purchased_purges":1,"victory":false,"max_hp_per_floor":[70,70,70,70,70,70,70,70,70,70,70,70,70,70,70,70],"card_choices":[{"not_picked":["Bane","Dodge and Roll"],"picked":"Skewer","floor":1},{"not_picked":["Tactician","Calculated Gamble","Underhanded Strike"],"picked":"SKIP","floor":4},{"not_picked":["Deflect","Bouncing Flask"],"picked":"Accuracy","floor":5},{"not_picked":["Dagger Throw","Deflect"],"picked":"Blade Dance","floor":6},{"not_picked":["Bouncing Flask","Dagger Spray"],"picked":"Backflip","floor":7},{"not_picked":["Well Laid Plans","Finisher"],"picked":"Deadly Poison","floor":11},{"not_picked":["Flying Knee","PiercingWail"],"picked":"Crippling Poison","floor":13},{"not_picked":["Slice","Heel Hook","Well Laid Plans"],"picked":"SKIP","floor":14}],"player_experience":364777,"relics_obtained":[{"floor":2,"key":"Vajra"},{"floor":6,"key":"Darkstone Periapt"},{"floor":9,"key":"Happy Flower"},{"floor":14,"key":"Bag of Marbles"}],"event_choices":[],"is_beta":false,"boss_relics":[],"items_purged_floors":[3],"is_endless":false,"potions_floor_spawned":[4,6,14],"killed_by":"Slime Boss","ascension_level":10}