{"gold_per_floor":[20,20,30,48,223,223,244,244,244,259,290,290,304,323,323,421,421,432,175,274,289,289,289,299,299,299,172,192,192,212,229,229,229],"floor_reached":33,"playtime":1286,"items_purged":["Strike_B","Strike_B"],"score":299,"play_id":"2ce77a49-1ffd-4f59-a33f-1c3bb36cb3cd","local_time":"20180902005632","is_ascension_mode":false,"campfire_choices":[{"data":"Zap","floor":6.0,"key":"SMITH"},{"data":"Streamline","floor":8.0,"key":"SMITH"},{"floor":15.0,"key":"REST"},{"floor":23,"key":"REST"},{"floor":25,"key":"REST"},{"floor":29,"key":"REST"},{"floor":32,"key":"REST"}],"neow_cost":"NO_GOLD","seed_source_timestamp":809410471967,"circlet_count":0,"master_deck":["Strike_B","Defend_B","Defend_B","Defend_B","Zap+1","Dualcast","Streamline+1","Skim","Defragment","Electrodynamics","Hologram+1","Gash","Lockon","White Noise+1","Hologram+1"],"special_seed":0,"relics":["Cracked Core","NlothsMask","Odd Mushroom","Mercury Hourglass","Black Star","Membership Card","Blood Vial","Ornamental Fan","Regal Pillow"],"potions_floor_usage":[31,31,33],"damage_taken":[{"damage":3.0,"enemies":"2 Louse","floor":1.0,"turns":2.0},{"damage":1.0,"enemies":"Cultist","floor":3.0,"turns":3.0},{"damage":6.0,"enemies":"Jaw Worm","floor":4.0,"turns":3.0},{"damage":8.0,"enemies":"The Mushroom Lair","floor":7.0,"turns":5.0},{"damage":10.0,"enemies":"Looter","floor":10.0,"turns":2.0},{"damage":21.0,"enemies":"3 Sentries","floor":11.0,"turns":7.0},{"damage":7.0,"enemies":"Blue Slaver","floor":13.0,"turns":2.0},{"damage":1.0,"enemies":"2 Fungi Beasts","floor":14.0,"turns":2.0},{"damage":0.0,"enemies":"Slime Boss","floor":16.0,"turns":5.0},{"damage":35.0,"enemies":"Shell Parasite","floor":18.0,"turns":4.0},{"damage":30,"enemies":"2 Thieves","floor":21,"turns":3},{"damage":27,"enemies":"Shelled Parasite and Fungi","floor":24,"turns":3},{"damage":26,"enemies":"Snecko","floor":28,"turns":6},{"damage":32,"enemies":"Snake Plant","floor":30,"turns":3},{"damage":11,"enemies":"Centurion and Healer","floor":31,"turns":4},{"damage":47,"enemies":"Champ","floor":33,"turns":9}],"seed_played":"3662892349486762630","potions_obtained":[{"floor":1.0,"key":"Strength Potion"},{"floor":4.0,"key":"Ancient Potion"},{"floor":11.0,"key":"Explosive Potion"},{"floor":14.0,"key":"FearPotion"},{"floor":16.0,"key":"Swift Potion"},{"floor":21,"key":"FearPotion"},{"floor":24,"key":"SpeedPotion"},{"floor":28,"key":"EssenceOfSteel"}],"is_trial":false,"path_per_floor":["M","?","M","M","?","R","?","R","T","M","E","?","M","M","R","B",null,"M","$","?","M","?","R","M","R","T","$","M","R","M","M","R"],"character_chosen":"DEFECT","items_purchased":["Membership Card","Gash","Regal Pillow"],"campfire_rested":5,"item_purchase_floors":[19,19,27],"current_hp_per_floor":[72,72,71,65,65,65,57,57,57,47,26,26,19,18,40,40,75,40,40,40,10,10,32,7,29,29,29,5,42,12,3,40,0],"gold":229,"neow_bonus":"REMOVE_TWO","is_prod":false,"is_daily":false,"chose_seed":false,"campfire_upgraded":2,"win_rate":0,"timestamp":1535820992,"path_taken":["M","?","M","M","?","R","?","R","T","M","E","?","M","M","R","BOSS","M","$","?","M","?","R","M","R","T","$","M","R","?","M","R","BOSS"],"build_version":"2018-08-30","purchased_purges":2,"victory":false,"max_hp_per_floor":[75,75,75,75,75,75,75,75,75,75,75,75,75,75,75,75,75,75,75,75,75,75,75,75,75,75,75,75,75,75,75,75,75],"card_choices":[{"not_picked":["Genetic Algorithm","Go for the Eyes","Barrage"],"picked":"SKIP","floor":1.0},{"not_picked":["Buffer","Go for the Eyes"],"picked":"Streamline","floor":3.0},{"not_picked":["Compile Driver","Cold Snap","Blizzard"],"picked":"SKIP","floor":4.0},{"not_picked":["Rebound","Loop"],"picked":"Skim","floor":10.0},{"not_picked":["Sunder","Blizzard"],"picked":"Defragment","floor":11.0},{"not_picked":["Compile Driver","Stack","Melter"],"picked":"SKIP","floor":13.0},{"not_picked":["Consume","Beam Cell","Sweeping Beam"],"picked":"SKIP","floor":14.0},{"not_picked":["Machine Learning","Multi-Cast"],"picked":"Electrodynamics","floor":16.0},{"not_picked":["Conserve Battery","Stack"],"picked":"Hologram+1","floor":18.0},{"not_picked":["Leap","Steam Power+1","Conserve Battery"],"picked":"SKIP","floor":21},{"not_picked":["Barrage","Recycle"],"picked":"Lockon","floor":24},{"not_picked":["Go for the Eyes","Chill+1"],"picked":"White Noise+1","floor":28},{"not_picked":["Barrage","Force Field","Beam Cell"],"picked":"SKIP","floor":30},{"not_picked":["Redo","Amplify"],"picked":"Hologram+1","floor":31}],"player_experience":350060,"relics_obtained":[{"floor":7.0,"key":"Odd Mushroom"},{"floor":11.0,"key":"Mercury Hourglass"},{"floor":26,"key":"Ornamental Fan"}],"event_choices":[{"event_name":"FaceTrader","player_choice":"Trade","floor":2.0,"damage_taken":0.0},{"event_name":"Liars Game","player_choice":"agreed","floor":5.0,"damage_taken":0.0},{"event_name":"Mushrooms","player_choice":"Fought Mushrooms","floor":7.0,"damage_taken":0.0},{"event_name":"Living Wall","player_choice":"Forget","floor":12.0,"damage_taken":0.0},{"event_name":"Nest","player_choice":"Stole From Cult","floor":20,"damage_taken":0},{"event_name":"WeMeetAgain","player_choice":"Potion","floor":22,"damage_taken":0}],"is_beta":false,"boss_relics":[{"not_picked":["Coffee Dripper","Orrery"],"picked":"Black Star"}],"items_purged_floors":[19,27],"is_endless":false,"potions_floor_spawned":[1,4,11,14,16,21,24,28],"killed_by":"Champ","ascension_level":0}