{"gold_per_floor":[218,4,4,4,20,20,51,51,51,77,77,94,105,136,136,233,233,246,346,365,83,99,99,159,159,186,186,186,198,217,132,132,234,234,246,206,221,2,71,71,88,120,120,120,120,120,149,164,164,164],"floor_reached":51,"playtime":2818,"items_purged":["Strike_B"],"score":828,"play_id":"40896c25-9916-4224-852f-ab896f5aa1d9","local_time":"20190414203953","is_ascension_mode":true,"campfire_choices":[{"data":"Conserve Battery","floor":6,"key":"SMITH"},{"data":"Go for the Eyes","floor":8,"key":"SMITH"},{"data":"Loop","floor":11,"key":"SMITH"},{"floor":15,"key":"REST"},{"data":"Dualcast","floor":23,"key":"SMITH"},{"data":"Genetic Algorithm","floor":25,"key":"SMITH"},{"data":"Cold Snap","floor":27,"key":"SMITH"},{"floor":32,"key":"REST"},{"data":"Rainbow","floor":40,"key":"SMITH"},{"data":"Capacitor","floor":44,"key":"SMITH"},{"floor":49,"key":"REST"}],"neow_cost":"NONE","seed_source_timestamp":114815186326891,"circlet_count":0,"master_deck":["Strike_B+1","Strike_B","Strike_B","Defend_B","Defend_B+1","Defend_B","Zap+1","Dualcast+1","Sweeping Beam","Capacitor+1","Conserve Battery+1","Go for the Eyes+1","Loop+1","Cold Snap","Cold Snap+1","Machine Learning","Hologram","Ball Lightning","Glacier","Genetic Algorithm+1","Ball Lightning+1","Cold Snap","Rainbow+1","Blizzard","Blizzard+1","Conserve Battery","Ball Lightning","Coolheaded+1","Redo","Cold Snap+1"],"relics":["Cracked Core","Orichalcum","Regal Pillow","Symbiotic Virus","FossilizedHelix","Darkstone Periapt","Nuclear Battery","Incense Burner","Question Card","DataDisk","Tiny Chest","Happy Flower","Oddly Smooth Stone","Dream Catcher","Empty Cage","Bag of Preparation","Matryoshka","Smiling Mask","Letter Opener","Meat on the Bone","Lantern","Centennial Puzzle"],"potions_floor_usage":[24,33,50,50,50],"damage_taken":[{"damage":1,"enemies":"Cultist","floor":1,"turns":3},{"damage":1,"enemies":"Jaw Worm","floor":5,"turns":3},{"damage":16,"enemies":"Gremlin Nob","floor":7,"turns":5},{"damage":16,"enemies":"Lagavulin","floor":10,"turns":8},{"damage":0,"enemies":"Small Slimes","floor":12,"turns":2},{"damage":0,"enemies":"Exordium Thugs","floor":13,"turns":4},{"damage":2,"enemies":"Gremlin Nob","floor":14,"turns":5},{"damage":0,"enemies":"The Guardian","floor":16,"turns":7},{"damage":7,"enemies":"2 Thieves","floor":18,"turns":4},{"damage":13,"enemies":"Colosseum Slavers","floor":19,"turns":5},{"damage":5,"enemies":"Colosseum Nobs","floor":19,"turns":6},{"damage":0,"enemies":"Chosen","floor":20,"turns":3},{"damage":9,"enemies":"Centurion and Healer","floor":22,"turns":5},{"damage":3,"enemies":"Slavers","floor":24,"turns":8},{"damage":0,"enemies":"Sentry and Sphere","floor":29,"turns":6},{"damage":0,"enemies":"Shelled Parasite and Fungi","floor":30,"turns":6},{"damage":17,"enemies":"Champ","floor":33,"turns":14},{"damage":0,"enemies":"3 Darklings","floor":35,"turns":7},{"damage":0,"enemies":"Orb Walker","floor":37,"turns":3},{"damage":0,"enemies":"4 Shapes","floor":41,"turns":4},{"damage":6,"enemies":"Nemesis","floor":42,"turns":7},{"damage":35,"enemies":"Giant Head","floor":47,"turns":10},{"damage":0,"enemies":"3 Darklings","floor":48,"turns":4},{"damage":70,"enemies":"Time Eater","floor":50,"turns":15}],"seed_played":"-8816179941701312934","potions_obtained":[{"floor":1,"key":"PowerPotion"},{"floor":7,"key":"Explosive Potion"},{"floor":16,"key":"Block Potion"},{"floor":24,"key":"AttackPotion"},{"floor":29,"key":"FearPotion"},{"floor":48,"key":"Poison Potion"}],"is_trial":false,"path_per_floor":["M","$","?","$","M","R","E","R","T","E","R","M","M","E","R","B",null,"M","?","M","$","M","R","E","R","T","R","T","M","M","?","R","B",null,"M","?","M","$","T","R","M","E","T","R","?","$","E","M","R","B",null],"character_chosen":"DEFECT","items_purchased":["Orichalcum","Capacitor","DataDisk","Ball Lightning","Bag of Preparation","Regen Potion"],"campfire_rested":3,"item_purchase_floors":[2,2,21,21,38,38],"current_hp_per_floor":[74,74,74,74,73,73,57,57,57,41,41,41,41,39,75,75,75,68,50,50,50,41,41,38,38,38,38,38,38,38,38,75,58,75,75,75,75,75,75,75,75,69,69,69,69,69,46,46,75,32],"gold":164,"neow_bonus":"HUNDRED_GOLD","is_prod":false,"is_daily":false,"chose_seed":false,"campfire_upgraded":8,"win_rate":0,"timestamp":1555288793,"path_taken":["M","?","?","$","M","R","E","R","T","E","R","M","M","E","R","BOSS","M","?","M","?","?","R","E","R","T","R","?","M","M","?","R","BOSS","M","?","?","?","?","R","M","E","T","R","?","$","E","M","R","BOSS"],"build_version":"2019-01-23","purchased_purges":1,"victory":true,"max_hp_per_floor":[75,75,75,75,75,75,75,75,75,75,75,75,75,75,75,75,75,75,75,75,75,75,75,75,75,75,75,75,75,75,75,75,75,75,75,75,75,75,75,75,75,75,75,75,75,75,75,75,75,75],"card_choices":[{"not_picked":["Hello World","Leap"],"picked":"Sweeping Beam","floor":1},{"not_picked":["Capacitor","Melter"],"picked":"Conserve Battery","floor":5},{"not_picked":["Steam","Rebound"],"picked":"Go for the Eyes","floor":7},{"not_picked":["Stack","Doom and Gloom"],"picked":"Loop","floor":10},{"not_picked":["Stack","Beam Cell"],"picked":"Cold Snap","floor":12},{"not_picked":["Barrage","Rebound"],"picked":"Cold Snap","floor":13},{"not_picked":["Creative AI","Barrage","Hyperbeam"],"picked":"SKIP","floor":14},{"not_picked":["Core Surge","Rainbow"],"picked":"Machine Learning","floor":16},{"not_picked":["Sweeping Beam","Steam"],"picked":"Hologram","floor":18},{"not_picked":["Stack","Tempest+1","Darkness","Beam Cell"],"picked":"SKIP","floor":20},{"not_picked":["Double Energy","Redo","Storm"],"picked":"Glacier","floor":22},{"not_picked":["Streamline+1","Skim","Coolheaded"],"picked":"Genetic Algorithm","floor":24},{"not_picked":["Machine Learning","Beam Cell","Leap"],"picked":"Ball Lightning+1","floor":29},{"not_picked":["FTL","Glacier","Beam Cell"],"picked":"Cold Snap","floor":30},{"not_picked":["Aggregate","Streamline","Beam Cell"],"picked":"Go for the Eyes","floor":32},{"not_picked":["Fission","Seek","Electrodynamics"],"picked":"Rainbow","floor":33},{"not_picked":["Storm","Barrage+1","Sweeping Beam"],"picked":"Blizzard","floor":35},{"not_picked":["Barrage","Gash+1","Leap+1"],"picked":"Blizzard+1","floor":37},{"not_picked":["Electrodynamics","Turbo","White Noise"],"picked":"Conserve Battery","floor":41},{"not_picked":["Buffer","Turbo+1","Reboot"],"picked":"Ball Lightning","floor":42},{"not_picked":["Doom and Gloom","Sweeping Beam","FTL+1"],"picked":"Coolheaded+1","floor":47},{"not_picked":["Coolheaded","Beam Cell+1","Scrape+1"],"picked":"Redo","floor":48},{"not_picked":["Sweeping Beam+1","Gash","Steam"],"picked":"Cold Snap+1","floor":49}],"player_experience":129382,"relics_obtained":[{"floor":7,"key":"Regal Pillow"},{"floor":9,"key":"Symbiotic Virus"},{"floor":10,"key":"FossilizedHelix"},{"floor":14,"key":"Darkstone Periapt"},{"floor":19,"key":"Incense Burner"},{"floor":19,"key":"Question Card"},{"floor":24,"key":"Tiny Chest"},{"floor":26,"key":"Happy Flower"},{"floor":28,"key":"Oddly Smooth Stone"},{"floor":39,"key":"Matryoshka"},{"floor":42,"key":"Smiling Mask"},{"floor":43,"key":"Letter Opener"},{"floor":43,"key":"Meat on the Bone"},{"floor":47,"key":"Centennial Puzzle"}],"event_choices":[{"damage_healed":0,"gold_gain":0,"player_choice":"Grow","damage_taken":0,"max_hp_gain":0,"max_hp_loss":0,"event_name":"Living Wall","floor":3,"gold_loss":0,"cards_upgraded":["Zap"]},{"damage_healed":0,"gold_gain":0,"player_choice":"Fight","damage_taken":0,"max_hp_gain":0,"max_hp_loss":0,"event_name":"Colosseum","floor":19,"gold_loss":0},{"damage_healed":0,"gold_gain":0,"player_choice":"Fought Nobs","damage_taken":0,"max_hp_gain":0,"max_hp_loss":0,"event_name":"Colosseum","floor":19,"gold_loss":0},{"damage_healed":0,"gold_gain":0,"player_choice":"Obtained Relic","damage_taken":0,"relics_obtained":["Dream Catcher"],"max_hp_gain":0,"max_hp_loss":0,"event_name":"Addict","floor":31,"gold_loss":85},{"damage_healed":0,"gold_gain":0,"player_choice":"Upgraded Two","damage_taken":0,"max_hp_gain":0,"max_hp_loss":0,"event_name":"Designer","floor":36,"gold_loss":40,"cards_upgraded":["Strike_B","Defend_B"]},{"damage_healed":0,"gold_gain":0,"player_choice":"Gave Potion","damage_taken":0,"relics_obtained":["Lantern"],"max_hp_gain":0,"max_hp_loss":0,"event_name":"WeMeetAgain","floor":45,"gold_loss":0}],"is_beta":false,"boss_relics":[{"not_picked":["FrozenCore","Orrery"],"picked":"Nuclear Battery"},{"not_picked":["Busted Crown","Fusion Hammer"],"picked":"Empty Cage"}],"items_purged_floors":[21],"is_endless":false,"potions_floor_spawned":[1,7,16,19,24,29,41,42,48],"ascension_level":1}