{"gold_per_floor":[118,193,193,205,220,220,16,16,100,100,113,131,31,357,357,457,457,470,188,202,219,19,19,33,33,33,33,67,67,67,93,93,197,197,215,215,215,19,31,31,42,42,67,80,100,100,113,130,130,130],"floor_reached":51,"playtime":2813,"items_purged":["Strike_G","Defend_G","Strike_G","Strike_G"],"score":967,"play_id":"352eda4c-d33d-4ecb-a326-0acb7a38f7d9","local_time":"20181106200833","is_ascension_mode":true,"campfire_choices":[{"data":"Dash","floor":6,"key":"SMITH"},{"data":"Dagger Spray","floor":8,"key":"SMITH"},{"data":"Backflip","floor":10,"key":"SMITH"},{"data":"Noxious Fumes","floor":15,"key":"SMITH"},{"data":"Crippling Poison","floor":23,"key":"SMITH"},{"data":"Backflip","floor":25,"key":"SMITH"},{"data":"Noxious Fumes","floor":32,"key":"SMITH"},{"floor":40,"key":"REST"},{"data":"Deflect","floor":42,"key":"SMITH"},{"floor":46,"key":"REST"},{"floor":49,"key":"REST"}],"neow_cost":"NONE","seed_source_timestamp":251870585978285,"circlet_count":0,"master_deck":["Defend_G","Defend_G","Defend_G","Defend_G","Survivor","Neutralize+1","Dash+1","Dagger Spray+1","Backflip+1","Well Laid Plans","Crippling Poison+1","Backflip+1","Noxious Fumes+1","Deflect+1","Backstab","Noxious Fumes+1","Deflect+1","Backstab+1","Escape Plan+1","Noxious Fumes+1"],"relics":["Ring of the Snake","Tiny Chest","Old Coin","Lizard Tail","Lantern","Bottled Flame","Dodecahedron","MutagenicStrength","Boot","Empty Cage","FossilizedHelix","Art of War","Bronze Scales"],"potions_floor_usage":[14,21,24,24,33,41,50,50,50],"damage_taken":[{"damage":1,"enemies":"Small Slimes","floor":1,"turns":4},{"damage":2,"enemies":"Jaw Worm","floor":4,"turns":5},{"damage":0,"enemies":"2 Louse","floor":5,"turns":3},{"damage":1,"enemies":"2 Fungi Beasts","floor":11,"turns":3},{"damage":3,"enemies":"Looter","floor":12,"turns":3},{"damage":0,"enemies":"Gremlin Nob","floor":14,"turns":5},{"damage":5,"enemies":"Hexaghost","floor":16,"turns":11},{"damage":4,"enemies":"Chosen","floor":18,"turns":6},{"damage":4,"enemies":"Spheric Guardian","floor":20,"turns":6},{"damage":4,"enemies":"Centurion and Healer","floor":21,"turns":8},{"damage":0,"enemies":"Sentry and Sphere","floor":24,"turns":6},{"damage":1,"enemies":"Gremlin Leader","floor":28,"turns":9},{"damage":43,"enemies":"Champ","floor":33,"turns":14},{"damage":26,"enemies":"3 Darklings","floor":35,"turns":5},{"damage":0,"enemies":"Orb Walker","floor":39,"turns":5},{"damage":18,"enemies":"Transient","floor":41,"turns":5},{"damage":16,"enemies":"Spire Growth","floor":44,"turns":7},{"damage":4,"enemies":"Maw","floor":45,"turns":9},{"damage":12,"enemies":"4 Shapes","floor":47,"turns":5},{"damage":0,"enemies":"Sphere and 2 Shapes","floor":48,"turns":5},{"damage":55,"enemies":"Awakened One","floor":50,"turns":17}],"seed_played":"-73169972972678771","potions_obtained":[{"floor":1,"key":"PowerPotion"},{"floor":5,"key":"SneckoOil"},{"floor":16,"key":"PowerPotion"},{"floor":18,"key":"Fruit Juice"},{"floor":20,"key":"SkillPotion"},{"floor":24,"key":"GamblersBrew"},{"floor":39,"key":"Strength Potion"},{"floor":41,"key":"SteroidPotion"},{"floor":45,"key":"Poison Potion"},{"floor":48,"key":"SkillPotion"}],"is_trial":false,"path_per_floor":["M","?","?","M","M","R","$","R","T","R","M","M","$","E","R","B",null,"M","$","M","M","$","R","M","R","T","?","E","?","?","T","R","B",null,"M","?","T","$","M","R","M","R","T","M","M","R","M","M","R","B",null],"character_chosen":"THE_SILENT","items_purchased":["Backflip","Well Laid Plans","Lantern","SpeedPotion","Art of War","SpeedPotion"],"campfire_rested":3,"item_purchase_floors":[7,7,19,22,38,38],"current_hp_per_floor":[62,51,56,54,54,54,54,54,54,54,53,50,50,50,50,45,68,64,64,60,61,61,61,61,61,61,61,60,60,60,60,60,17,64,38,38,38,38,38,62,44,44,44,28,24,48,36,36,60,5],"gold":130,"neow_bonus":"UPGRADE_CARD","is_prod":false,"is_daily":false,"chose_seed":false,"campfire_upgraded":8,"win_rate":0,"timestamp":1541531313,"path_taken":["M","?","?","M","M","R","$","R","T","R","M","?","$","E","R","BOSS","M","$","M","M","$","R","M","R","T","?","E","?","?","?","R","BOSS","M","?","?","$","M","R","M","R","T","M","M","R","M","M","R","BOSS"],"build_version":"2018-11-01","purchased_purges":4,"victory":true,"max_hp_per_floor":[70,70,75,75,75,75,75,75,75,75,75,75,75,75,75,75,75,75,75,75,80,80,80,80,80,80,80,80,80,80,80,80,80,80,80,80,80,80,80,80,80,80,80,80,80,80,80,80,80,80],"card_choices":[{"not_picked":["Bouncing Flask","Backflip"],"picked":"Dash","floor":1},{"not_picked":["Expertise","Flechettes","Outmaneuver"],"picked":"SKIP","floor":4},{"not_picked":["Acrobatics","Dagger Throw"],"picked":"Dagger Spray","floor":5},{"not_picked":["Phantasmal Killer","Quick Slash"],"picked":"Crippling Poison","floor":11},{"not_picked":["Infinite Blades","Predator"],"picked":"Backflip","floor":12},{"not_picked":["Flying Knee","Dagger Throw"],"picked":"Noxious Fumes","floor":14},{"not_picked":["Terror","Crippling Poison"],"picked":"Deflect","floor":18},{"not_picked":["Calculated Gamble","Acrobatics","Heel Hook"],"picked":"SKIP","floor":20},{"not_picked":["Caltrops","All Out Attack+1"],"picked":"Backstab","floor":21},{"not_picked":["Dagger Throw+1","Cloak And Dagger+1","Sucker Punch+1"],"picked":"SKIP","floor":24},{"not_picked":["Slice","Bane","Eviscerate+1"],"picked":"SKIP","floor":28},{"not_picked":["Blade Dance","Sucker Punch","Prepared"],"picked":"SKIP","floor":35},{"not_picked":["Dagger Spray+1","Cloak And Dagger+1"],"picked":"Deflect+1","floor":39},{"not_picked":["Acrobatics+1","Dagger Spray+1","Cloak And Dagger"],"picked":"SKIP","floor":41},{"not_picked":["Bane","Sucker Punch"],"picked":"Backstab+1","floor":44},{"not_picked":["Deadly Poison+1","Cloak And Dagger"],"picked":"Escape Plan+1","floor":45},{"not_picked":["Slice+1","Blur"],"picked":"Noxious Fumes+1","floor":47},{"not_picked":["Heel Hook","Sucker Punch","Well Laid Plans+1"],"picked":"SKIP","floor":48}],"player_experience":296208,"relics_obtained":[{"floor":9,"key":"Tiny Chest"},{"floor":14,"key":"Old Coin"},{"floor":26,"key":"Bottled Flame"},{"floor":28,"key":"Dodecahedron"},{"floor":31,"key":"Boot"},{"floor":37,"key":"FossilizedHelix"},{"floor":43,"key":"Bronze Scales"}],"event_choices":[{"damage_healed":0,"gold_gain":75,"player_choice":"Gather Gold","damage_taken":11,"max_hp_gain":0,"max_hp_loss":0,"event_name":"World of Goop","floor":2,"gold_loss":0},{"damage_healed":0,"gold_gain":0,"player_choice":"Donut","damage_taken":0,"max_hp_gain":5,"max_hp_loss":0,"event_name":"Big Fish","floor":3,"gold_loss":0},{"damage_healed":0,"gold_gain":0,"player_choice":"Ignored","damage_taken":0,"max_hp_gain":0,"max_hp_loss":0,"event_name":"Ghosts","floor":27,"gold_loss":0},{"damage_healed":0,"gold_gain":0,"player_choice":"Inject Mutagens","damage_taken":0,"relics_obtained":["MutagenicStrength"],"max_hp_gain":0,"max_hp_loss":0,"event_name":"Drug Dealer","floor":29,"gold_loss":0},{"damage_healed":0,"gold_gain":0,"player_choice":"Read","damage_taken":0,"max_hp_gain":0,"max_hp_loss":0,"event_name":"The Library","floor":30,"gold_loss":0,"cards_obtained":["Noxious Fumes"]},{"damage_healed":0,"gold_gain":0,"player_choice":"Memory 1","damage_taken":0,"max_hp_gain":0,"max_hp_loss":0,"event_name":"SensoryStone","floor":36,"gold_loss":0}],"is_beta":false,"boss_relics":[{"not_picked":["Tiny House","Astrolabe"],"picked":"Lizard Tail"},{"not_picked":["Cursed Key","Ring of the Serpent"],"picked":"Empty Cage"}],"items_purged_floors":[7,13,19,22],"is_endless":false,"potions_floor_spawned":[1,5,16,18,20,24,39,41,45,48],"ascension_level":7}