{"gold_per_floor":[116,116,129,203,203,203,227,227,298,298,331,61,102,128,140,272,284,311,323,73,73,94,94,94,128,128,141,156,156,171,186,186,291,291,310,310,253,253,253,281,296,311,365,376,391,391,401,414,414,414],"floor_reached":51,"playtime":2781,"items_purged":["Injury","Strike_R"],"score":752,"play_id":"e75ca17c-2ff3-4af7-97ac-a334713944ee","local_time":"20190416223040","is_ascension_mode":true,"campfire_choices":[{"data":"Bash","floor":6.0,"key":"SMITH"},{"data":"Metallicize","floor":8.0,"key":"SMITH"},{"data":"Clothesline","floor":10.0,"key":"SMITH"},{"data":"Uppercut","floor":15.0,"key":"SMITH"},{"data":"Seeing Red","floor":23.0,"key":"SMITH"},{"floor":29.0,"key":"REST"},{"floor":32.0,"key":"REST"},{"data":"Demon Form","floor":46,"key":"SMITH"},{"data":"Shockwave","floor":49,"key":"SMITH"}],"neow_cost":"NONE","seed_source_timestamp":0,"circlet_count":0,"master_deck":["Strike_R+1","Strike_R+1","Defend_R","Defend_R","Defend_R","Defend_R","Bash+1","Metallicize+1","Battle Trance","Clothesline+1","Cleave","Anger","Uppercut+1","Seeing Red+1","Demon Form+1","Limit Break","Iron Wave","Reaper","Ghostly Armor+1","Good Instincts","Parasite","Shockwave+1","Carnage","Parasite","Headbutt+1","Iron Wave+1"],"special_seed":0,"relics":["Burning Blood","Bloody Idol","Mummified Hand","Strawberry","HandDrill","MawBank","Velvet Choker","Meat on the Bone","Whetstone","Coffee Dripper","Bag of Preparation","PreservedInsect","Blood Vial"],"potions_floor_usage":[38,40,44,47],"damage_taken":[{"damage":0.0,"enemies":"2 Louse","floor":1.0,"turns":4.0},{"damage":3.0,"enemies":"Jaw Worm","floor":3.0,"turns":5.0},{"damage":4.0,"enemies":"Cultist","floor":7.0,"turns":3.0},{"damage":14.0,"enemies":"3 Sentries","floor":11.0,"turns":6.0},{"damage":18.0,"enemies":"Lagavulin","floor":13.0,"turns":6.0},{"damage":6.0,"enemies":"Large Slime","floor":14.0,"turns":6.0},{"damage":22.0,"enemies":"The Guardian","floor":16.0,"turns":13.0},{"damage":34.0,"enemies":"2 Thieves","floor":18.0,"turns":4.0},{"damage":15.0,"enemies":"3 Byrds","floor":22.0,"turns":5.0},{"damage":23.0,"enemies":"Gremlin Leader","floor":25.0,"turns":5.0},{"damage":19.0,"enemies":"Shelled Parasite and Fungi","floor":27.0,"turns":4.0},{"damage":25.0,"enemies":"Snake Plant","floor":28.0,"turns":4.0},{"damage":20.0,"enemies":"3 Cultists","floor":30.0,"turns":5.0},{"damage":25.0,"enemies":"Sentry and Sphere","floor":31.0,"turns":5.0},{"damage":59.0,"enemies":"Collector","floor":33.0,"turns":9.0},{"damage":34,"enemies":"3 Shapes","floor":35,"turns":9},{"damage":0,"enemies":"3 Darklings","floor":38,"turns":2},{"damage":89,"enemies":"Reptomancer","floor":40,"turns":12},{"damage":28,"enemies":"Writhing Mass","floor":41,"turns":7},{"damage":63,"enemies":"Transient","floor":42,"turns":5},{"damage":29,"enemies":"4 Shapes","floor":44,"turns":7},{"damage":8,"enemies":"Writhing Mass","floor":45,"turns":7},{"damage":24,"enemies":"Spire Growth","floor":47,"turns":5},{"damage":41,"enemies":"Sphere and 2 Shapes","floor":48,"turns":4},{"damage":81,"enemies":"Awakened One","floor":50,"turns":11}],"seed_played":"5990417036723599077","potions_obtained":[{"floor":7.0,"key":"Fruit Juice"},{"floor":13.0,"key":"Poison Potion"},{"floor":14.0,"key":"Fire Potion"},{"floor":18.0,"key":"SkillPotion"},{"floor":22.0,"key":"SmokeBomb"},{"floor":33.0,"key":"Ancient Potion"},{"floor":42,"key":"Poison Potion"}],"is_trial":false,"path_per_floor":["M","?","M","?","?","R","M","R","T","R","E","$","E","M","R","B",null,"M","?","$","?","M","R","?","E","T","M","M","R","M","M","R","B",null,"M","?","?","M","?","E","M","M","T","M","M","R","M","M","R","B",null],"character_chosen":"IRONCLAD","items_purchased":["HandDrill","Limit Break"],"campfire_rested":2,"item_purchase_floors":[12,20],"current_hp_per_floor":[80,80,80,80,80,80,85,85,85,85,84,84,72,72,72,56,92,64,46,46,46,37,37,37,25,25,29,27,54,57,55,82,46,92,84,84,84,90,90,54,64,30,35,49,76,76,71,55,55,25],"gold":414,"neow_bonus":"THREE_CARDS","is_prod":false,"is_daily":false,"chose_seed":false,"campfire_upgraded":7,"win_rate":0,"timestamp":1555468240,"path_taken":["M","?","M","?","?","R","?","R","T","R","E","$","E","M","R","BOSS","M","?","?","?","M","R","?","E","T","M","M","R","M","M","R","BOSS","M","?","?","?","?","E","M","?","T","M","M","R","M","M","R","BOSS"],"build_version":"2019-01-23","purchased_purges":2,"victory":true,"max_hp_per_floor":[80,80,80,80,80,80,85,85,85,85,92,92,92,92,92,92,92,92,92,92,92,92,92,92,92,92,92,92,92,92,92,92,92,92,92,92,92,92,92,92,92,92,92,92,92,92,92,92,92,92],"card_choices":[{"not_picked":["Thunderclap","Flex"],"picked":"Metallicize","floor":0.0},{"not_picked":["Body Slam","Burning Pact"],"picked":"Battle Trance","floor":1.0},{"not_picked":["Sever Soul","Body Slam"],"picked":"Clothesline","floor":3.0},{"not_picked":["Rampage","Heavy Blade"],"picked":"Cleave","floor":7.0},{"not_picked":["Pummel","Clash"],"picked":"Anger","floor":11.0},{"not_picked":["Pommel Strike","Impervious"],"picked":"Uppercut","floor":13.0},{"not_picked":["Thunderclap","Cleave"],"picked":"Seeing Red","floor":14.0},{"not_picked":["Fiend Fire","Brutality"],"picked":"Demon Form","floor":16.0},{"not_picked":["Clash","Flex","Pommel Strike"],"picked":"SKIP","floor":18.0},{"not_picked":["Flex","Warcry+1","Dual Wield"],"picked":"SKIP","floor":22.0},{"not_picked":["Ghostly Armor","Bloodletting"],"picked":"Iron Wave","floor":25.0},{"not_picked":["Body Slam+1","Dual Wield","Clothesline"],"picked":"SKIP","floor":27.0},{"not_picked":["Searing Blow+1","Flex","Bludgeon"],"picked":"SKIP","floor":28.0},{"not_picked":["Clothesline","Clash","Uppercut"],"picked":"SKIP","floor":30.0},{"not_picked":["Flex","Havoc","Cleave+1"],"picked":"SKIP","floor":31.0},{"not_picked":["Barricade","Brutality"],"picked":"Reaper","floor":33.0},{"not_picked":["Clash+1","Clothesline+1"],"picked":"Ghostly Armor+1","floor":35},{"not_picked":["Metamorphosis","Madness"],"picked":"Good Instincts","floor":36},{"not_picked":["Hemokinesis+1","Burning Pact+1","Dropkick+1"],"picked":"SKIP","floor":40},{"not_picked":["Havoc","Perfected Strike","Sword Boomerang"],"picked":"SKIP","floor":41},{"not_picked":["Flex","Searing Blow+1"],"picked":"Shockwave","floor":42},{"not_picked":["Ghostly Armor+1","Clash+1"],"picked":"Carnage","floor":44},{"not_picked":["Inflame","Perfected Strike","Clash"],"picked":"SKIP","floor":45},{"not_picked":["Anger","Uppercut"],"picked":"Headbutt+1","floor":47},{"not_picked":["Bloodletting","Pommel Strike"],"picked":"Iron Wave+1","floor":48}],"player_experience":136540,"relics_obtained":[{"floor":9.0,"key":"Mummified Hand"},{"floor":11.0,"key":"Strawberry"},{"floor":13.0,"key":"MawBank"},{"floor":25.0,"key":"Meat on the Bone"},{"floor":26.0,"key":"Whetstone"},{"floor":40,"key":"PreservedInsect"},{"floor":43,"key":"Blood Vial"}],"event_choices":[{"damage_healed":0.0,"max_hp_gain":0.0,"max_hp_loss":0.0,"gold_gain":0.0,"event_name":"Liars Game","player_choice":"Ignored","floor":2.0,"gold_loss":0.0,"damage_taken":0.0},{"damage_healed":0.0,"max_hp_gain":0.0,"max_hp_loss":0.0,"gold_gain":74.0,"event_name":"Golden Wing","player_choice":"Gained Gold","floor":4.0,"gold_loss":0.0,"damage_taken":0.0},{"damage_healed":0.0,"max_hp_gain":0.0,"max_hp_loss":0.0,"gold_gain":0.0,"event_name":"Golden Idol","player_choice":"Take Wound","floor":5.0,"gold_loss":0.0,"damage_taken":0.0,"relics_obtained":["Golden Idol"],"cards_obtained":["Injury"]},{"damage_healed":0.0,"max_hp_gain":0.0,"max_hp_loss":0.0,"gold_gain":0.0,"event_name":"Knowing Skull","player_choice":"POTION ","floor":19.0,"potions_obtained":["Weak Potion"],"gold_loss":0.0,"damage_taken":18.0,"cards_obtained":[]},{"cards_removed":["Strike_R"],"damage_healed":0.0,"max_hp_gain":0.0,"max_hp_loss":0.0,"gold_gain":0.0,"event_name":"Back to Basics","player_choice":"Elegance","floor":21.0,"gold_loss":0.0,"damage_taken":0.0},{"damage_healed":0.0,"max_hp_gain":0.0,"max_hp_loss":0.0,"gold_gain":0.0,"event_name":"Forgotten Altar","player_choice":"Gave Idol","floor":24.0,"relics_lost":["Golden Idol"],"gold_loss":0.0,"damage_taken":0.0,"relics_obtained":["Bloody Idol"]},{"damage_healed":0,"gold_gain":0,"player_choice":"Memory 1","damage_taken":0,"max_hp_gain":0,"max_hp_loss":0,"event_name":"SensoryStone","floor":36,"gold_loss":0},{"damage_healed":0,"gold_gain":0,"player_choice":"Paid Gold","damage_taken":0,"relics_obtained":["Bag of Preparation"],"max_hp_gain":0,"max_hp_loss":0,"event_name":"WeMeetAgain","floor":37,"gold_loss":57},{"cards_removed":["Strike_R"],"damage_healed":0,"gold_gain":0,"player_choice":"Purged","damage_taken":0,"max_hp_gain":0,"max_hp_loss":0,"event_name":"Purifier","floor":39,"gold_loss":0}],"is_beta":false,"boss_relics":[{"not_picked":["Fusion Hammer","Astrolabe"],"picked":"Velvet Choker"},{"not_picked":["Runic Dome","Eternal Feather"],"picked":"Coffee Dripper"}],"items_purged_floors":[12,20],"is_endless":false,"potions_floor_spawned":[7,13,14,18,22,28,33,35,38,42],"ascension_level":2}