{"gold_per_floor":[112,112,187,187,200,200,214,214,214,214,231,259,259,272,272,346,346,366,168,186,17,17,17,117,136,207,207],"floor_reached":27,"playtime":982,"items_purged":["Regret"],"score":401,"play_id":"1cdc94f9-eb5a-451a-8165-8c2798f24957","local_time":"20190320213053","is_ascension_mode":true,"campfire_choices":[{"floor":6.0,"key":"REST"},{"data":"1","floor":10.0,"key":"LIFT"},{"floor":13.0,"key":"REST"},{"floor":15.0,"key":"REST"},{"floor":23.0,"key":"REST"}],"neow_cost":"PERCENT_DAMAGE","seed_source_timestamp":604935308539800,"circlet_count":0,"master_deck":["AscendersBane","Strike_B","Strike_B","Strike_B","Strike_B","Defend_B","Defend_B","Defend_B","Defend_B","Zap","Dualcast","Turbo","Leap","Double Energy","Electrodynamics","Coolheaded","Thunder Strike","FTL","Reinforced Body","Echo Form","Shame","Skim","Rebound+1","Parasite"],"special_seed":0,"relics":["Cracked Core","Turnip","Ice Cream","Girya","Bottled Flame","Bird Faced Urn","Blue Candle","Cursed Key","Dead Branch","Incense Burner","Molten Egg 2","Bottled Tornado"],"potions_floor_usage":[],"damage_taken":[{"damage":3.0,"enemies":"2 Louse","floor":1.0,"turns":4.0},{"damage":5.0,"enemies":"Jaw Worm","floor":5.0,"turns":3.0},{"damage":3.0,"enemies":"Cultist","floor":7.0,"turns":4.0},{"damage":5.0,"enemies":"Exordium Wildlife","floor":11.0,"turns":3.0},{"damage":22.0,"enemies":"Lagavulin","floor":12.0,"turns":8.0},{"damage":14.0,"enemies":"Blue Slaver","floor":14.0,"turns":3.0},{"damage":17.0,"enemies":"Hexaghost","floor":16.0,"turns":12.0},{"damage":33.0,"enemies":"Shell Parasite","floor":18.0,"turns":5.0},{"damage":10.0,"enemies":"Spheric Guardian","floor":20.0,"turns":6.0},{"damage":9.0,"enemies":"Colosseum Slavers","floor":24.0,"turns":5.0},{"damage":25.0,"enemies":"Colosseum Nobs","floor":24.0,"turns":4.0},{"damage":18.0,"enemies":"Cultist and Chosen","floor":25.0,"turns":8.0},{"damage":22,"enemies":"Snake Plant","floor":27,"turns":3}],"seed_played":"4610847742057338135","potions_obtained":[{"floor":7.0,"key":"EssenceOfSteel"},{"floor":12.0,"key":"Strength Potion"},{"floor":14.0,"key":"PowerPotion"},{"floor":20.0,"key":"Block Potion"}],"is_trial":false,"path_per_floor":["M","?","?","?","M","R","M","T","T","R","M","E","R","M","R","B",null,"M","$","M","$","?","R","?","M","T","M"],"character_chosen":"DEFECT","items_purchased":["FTL","Reinforced Body","Echo Form"],"campfire_rested":4,"item_purchase_floors":[19,19,21],"current_hp_per_floor":[43,32,21,21,16,37,34,34,34,34,29,7,28,16,37,50,66,35,35,27,27,27,48,20,12,12,0],"gold":207,"neow_bonus":"ONE_RARE_RELIC","is_prod":false,"is_daily":false,"chose_seed":false,"campfire_upgraded":0,"win_rate":0,"timestamp":1553113853,"path_taken":["M","?","?","?","M","R","M","?","T","R","M","E","R","?","R","BOSS","M","$","M","$","?","R","?","M","T","M"],"build_version":"2019-01-23","purchased_purges":1,"victory":false,"max_hp_per_floor":[71,71,71,71,71,71,71,71,71,71,71,71,71,71,71,71,71,71,71,71,71,71,71,71,71,71,71],"card_choices":[{"not_picked":["Redo","Go for the Eyes","Barrage"],"picked":"SKIP","floor":1.0},{"not_picked":["Skim","Cold Snap"],"picked":"Turbo","floor":5.0},{"not_picked":["Melter","Cold Snap"],"picked":"Leap","floor":7.0},{"not_picked":["Recycle","Hello World"],"picked":"Double Energy","floor":11.0},{"not_picked":["Coolheaded","Ball Lightning"],"picked":"Electrodynamics","floor":12.0},{"not_picked":["BootSequence","Conserve Battery"],"picked":"Coolheaded","floor":14.0},{"not_picked":["Hyperbeam","Fission"],"picked":"Thunder Strike","floor":16.0},{"not_picked":["BootSequence","Sweeping Beam","Streamline"],"picked":"SKIP","floor":18.0},{"not_picked":["Gash","Sweeping Beam","Redo"],"picked":"SKIP","floor":20.0},{"not_picked":["Streamline","Storm"],"picked":"Skim","floor":24.0},{"not_picked":["Storm","Doom and Gloom+1"],"picked":"Rebound+1","floor":25.0}],"player_experience":494572,"relics_obtained":[{"floor":8.0,"key":"Bottled Flame"},{"floor":9.0,"key":"Bird Faced Urn"},{"floor":12.0,"key":"Blue Candle"},{"floor":24.0,"key":"Incense Burner"},{"floor":24.0,"key":"Molten Egg 2"},{"floor":26.0,"key":"Bottled Tornado"}],"event_choices":[{"damage_healed":0.0,"max_hp_gain":0.0,"max_hp_loss":0.0,"gold_gain":0.0,"event_name":"Scrap Ooze","player_choice":"Success","floor":2.0,"gold_loss":0.0,"damage_taken":11.0,"relics_obtained":["Ice Cream"]},{"damage_healed":0.0,"max_hp_gain":0.0,"max_hp_loss":0.0,"gold_gain":75.0,"event_name":"World of Goop","player_choice":"Gather Gold","floor":3.0,"gold_loss":0.0,"damage_taken":11.0},{"damage_healed":0.0,"max_hp_gain":0.0,"max_hp_loss":0.0,"gold_gain":0.0,"event_name":"Big Fish","player_choice":"Box","floor":4.0,"gold_loss":0.0,"damage_taken":0.0,"relics_obtained":["Girya"],"cards_obtained":["Regret"]},{"damage_healed":0.0,"max_hp_gain":0.0,"max_hp_loss":0.0,"gold_gain":0.0,"event_name":"Addict","player_choice":"Stole Relic","floor":22.0,"gold_loss":0.0,"damage_taken":0.0,"relics_obtained":["Dead Branch"],"cards_obtained":["Shame"]},{"damage_healed":0.0,"max_hp_gain":0.0,"max_hp_loss":0.0,"gold_gain":0.0,"event_name":"Colosseum","player_choice":"Fight","floor":24.0,"gold_loss":0.0,"damage_taken":0.0},{"damage_healed":0.0,"max_hp_gain":0.0,"max_hp_loss":0.0,"gold_gain":0.0,"event_name":"Colosseum","player_choice":"Fought Nobs","floor":24.0,"gold_loss":0.0,"damage_taken":0.0}],"is_beta":false,"boss_relics":[{"not_picked":["Sozu","Tiny House"],"picked":"Cursed Key"}],"items_purged_floors":[19],"is_endless":false,"potions_floor_spawned":[7,12,14,20],"killed_by":"Snake Plant","ascension_level":18}