{"gold_per_floor":[119,18,38,52,66,95,95,112,112,112,184,259,289,305,305,379,379,399,399,399,123,137,137,171,190,190,190,208,222,250,265,265,265],"floor_reached":33,"playtime":1131,"items_purged":["Decay"],"score":583,"play_id":"8c9b4440-301b-41ac-a557-0e6705d0c0a9","local_time":"20190327185831","is_ascension_mode":true,"campfire_choices":[{"data":"Sunder","floor":7,"key":"SMITH"},{"data":"Zap","floor":10,"key":"SMITH"},{"floor":15,"key":"REST"},{"floor":23,"key":"REST"},{"floor":27,"key":"REST"},{"floor":32,"key":"REST"}],"neow_cost":"CURSE","seed_source_timestamp":3052422328761,"circlet_count":0,"master_deck":["AscendersBane","Strike_B","Strike_B","Strike_B","Defend_B","Defend_B","Defend_B","Defend_B","Zap+1","Dualcast","Finesse","Discovery","Hologram","Go for the Eyes","Sunder+1","Skim","Compile Driver","Auto Shields","Double Energy","Electrodynamics","Doom and Gloom","Loop","White Noise","Storm","Heatsinks+1","Self Repair","Go for the Eyes+1"],"relics":["Cracked Core","Pear","Mercury Hourglass","Orichalcum","Fusion Hammer","Meat on the Bone","Dodecahedron","Emotion Chip","Sundial"],"potions_floor_usage":[6,13,13,30,33],"damage_taken":[{"damage":0,"enemies":"Small Slimes","floor":1,"turns":2},{"damage":0,"enemies":"2 Louse","floor":3,"turns":4},{"damage":5,"enemies":"Jaw Worm","floor":4,"turns":2},{"damage":0,"enemies":"2 Fungi Beasts","floor":5,"turns":3},{"damage":7,"enemies":"Gremlin Nob","floor":6,"turns":3},{"damage":6,"enemies":"Red Slaver","floor":8,"turns":3},{"damage":27,"enemies":"3 Sentries","floor":13,"turns":6},{"damage":0,"enemies":"Exordium Thugs","floor":14,"turns":2},{"damage":27,"enemies":"Slime Boss","floor":16,"turns":8},{"damage":6,"enemies":"Spheric Guardian","floor":18,"turns":3},{"damage":24,"enemies":"2 Thieves","floor":22,"turns":3},{"damage":0,"enemies":"Gremlin Leader","floor":24,"turns":5},{"damage":1,"enemies":"Cultist and Chosen","floor":25,"turns":4},{"damage":12,"enemies":"Centurion and Healer","floor":28,"turns":2},{"damage":22,"enemies":"Shelled Parasite and Fungi","floor":29,"turns":4},{"damage":30,"enemies":"Slavers","floor":30,"turns":3},{"damage":17,"enemies":"3 Cultists","floor":31,"turns":4},{"damage":62,"enemies":"Automaton","floor":33,"turns":6}],"seed_played":"8191352343172370157","potions_obtained":[{"floor":4,"key":"FocusPotion"},{"floor":5,"key":"Fire Potion"},{"floor":6,"key":"EssenceOfSteel"},{"floor":22,"key":"Swift Potion"},{"floor":25,"key":"AttackPotion"},{"floor":30,"key":"Weak Potion"}],"is_trial":false,"path_per_floor":["M","$","M","M","M","E","R","M","T","R","?","?","E","M","R","B",null,"M","?","?","$","M","R","E","M","T","R","M","M","E","M","R","B"],"character_chosen":"DEFECT","items_purchased":["Hologram","Meat on the Bone"],"campfire_rested":4,"item_purchase_floors":[2,21],"current_hp_per_floor":[64,64,64,59,59,62,62,56,56,56,56,45,18,18,42,15,65,59,59,59,59,47,71,71,70,70,81,69,47,29,31,55,0],"gold":265,"neow_bonus":"RANDOM_COLORLESS_2","is_prod":false,"is_daily":false,"chose_seed":false,"campfire_upgraded":2,"win_rate":0,"timestamp":1553731111,"path_taken":["M","$","M","M","M","E","R","M","T","R","?","?","E","M","R","BOSS","M","?","?","$","M","R","E","?","T","R","M","M","E","M","R","BOSS"],"build_version":"2019-01-23","purchased_purges":1,"victory":false,"max_hp_per_floor":[71,71,71,71,71,81,81,81,81,81,81,81,81,81,81,81,81,81,81,81,81,81,81,81,81,81,81,81,81,81,81,81,81],"card_choices":[{"not_picked":["Turbo","Streamline","Darkness"],"picked":"SKIP","floor":1},{"not_picked":["Cold Snap","Sweeping Beam"],"picked":"Go for the Eyes","floor":3},{"not_picked":["Doom and Gloom","Gash"],"picked":"Sunder","floor":4},{"not_picked":["Gash","Go for the Eyes"],"picked":"Skim","floor":5},{"not_picked":["Streamline","Barrage","Beam Cell"],"picked":"SKIP","floor":6},{"not_picked":["Redo","Beam Cell"],"picked":"Compile Driver","floor":8},{"not_picked":["Redo","Heatsinks"],"picked":"Auto Shields","floor":13},{"not_picked":["Fusion","Capacitor"],"picked":"Double Energy","floor":14},{"not_picked":["Amplify","Fission"],"picked":"Electrodynamics","floor":16},{"not_picked":["Lockon","Skim"],"picked":"Doom and Gloom","floor":18},{"not_picked":["Conserve Battery","Beam Cell"],"picked":"White Noise","floor":22},{"not_picked":["FTL","Darkness"],"picked":"Storm","floor":24},{"not_picked":["Hologram","Stack","Streamline"],"picked":"SKIP","floor":25},{"not_picked":["Loop","Conserve Battery"],"picked":"Heatsinks+1","floor":28},{"not_picked":["Hologram","Cold Snap+1"],"picked":"Self Repair","floor":29},{"not_picked":["Chaos","All For One"],"picked":"Go for the Eyes+1","floor":30},{"not_picked":["Melter","Gash+1","Barrage"],"picked":"SKIP","floor":31}],"player_experience":1166035,"relics_obtained":[{"floor":6,"key":"Pear"},{"floor":9,"key":"Mercury Hourglass"},{"floor":13,"key":"Orichalcum"},{"floor":24,"key":"Dodecahedron"},{"floor":26,"key":"Emotion Chip"},{"floor":30,"key":"Sundial"}],"event_choices":[{"damage_healed":0,"gold_gain":72,"player_choice":"Gained Gold","damage_taken":0,"max_hp_gain":0,"max_hp_loss":0,"event_name":"Golden Wing","floor":11,"gold_loss":0},{"damage_healed":0,"gold_gain":75,"player_choice":"Gather Gold","damage_taken":11,"max_hp_gain":0,"max_hp_loss":0,"event_name":"World of Goop","floor":12,"gold_loss":0},{"damage_healed":0,"gold_gain":0,"player_choice":"Ignored","damage_taken":0,"max_hp_gain":0,"max_hp_loss":0,"event_name":"Ghosts","floor":19,"gold_loss":0},{"damage_healed":0,"gold_gain":0,"cards_transformed":["Strike_B"],"player_choice":"Transformed","damage_taken":0,"max_hp_gain":0,"max_hp_loss":0,"event_name":"Transmorgrifier","floor":20,"gold_loss":0,"cards_obtained":["Loop"]}],"is_beta":false,"boss_relics":[{"not_picked":["Nuclear Battery","Cursed Key"],"picked":"Fusion Hammer"}],"items_purged_floors":[2],"is_endless":false,"potions_floor_spawned":[4,5,6,22,25,30],"killed_by":"Automaton","ascension_level":16}