{"gold_per_floor":[18,18,18,33,51,51,80,80,107,107,121,121,134,209,209,282,282,296,296,309,31,51,51,79,79,103,122,133,133,58,86,86,163,163,178,190,17,36,51,62,93,93,93,93,93,93,43,53,53,53,53,53,53,3,36,36],"floor_reached":57,"playtime":4374,"items_purged":["Decay","Strike_B"],"score":2594,"play_id":"0445afed-07cf-4ec0-8322-923c49b8c385","local_time":"20190415174734","is_ascension_mode":true,"campfire_choices":[{"data":"Sunder","floor":6.0,"key":"SMITH"},{"data":"Zap","floor":8.0,"key":"SMITH"},{"data":"Sweeping Beam","floor":10.0,"key":"SMITH"},{"data":"Cold Snap","floor":12.0,"key":"SMITH"},{"data":"Ball Lightning","floor":15.0,"key":"SMITH"},{"data":"Defragment","floor":23.0,"key":"SMITH"},{"floor":25,"key":"REST"},{"floor":29,"key":"REST"},{"floor":32,"key":"REST"},{"data":"Apotheosis","floor":44,"key":"SMITH"},{"floor":46,"key":"REST"},{"floor":49,"key":"RECALL"},{"floor":53,"key":"REST"}],"neow_cost":"NO_GOLD","seed_source_timestamp":1498208001603288,"circlet_count":0,"master_deck":["AscendersBane","Defend_B","Defend_B","Defend_B","Defend_B","Zap+1","Dualcast","Genetic Algorithm+1","Cold Snap+1","Sunder+1","Chill","Sweeping Beam+1","Conserve Battery","Ball Lightning+1","Electrodynamics","Defragment+1","Ball Lightning","Coolheaded","Seek","Reinforced Body+1","Sweeping Beam+1","Cold Snap","Glacier","Hologram","Echo Form","Coolheaded","Seek","Seek","Apotheosis+1","Blind","Genetic Algorithm+1","Defragment","Glacier+1"],"special_seed":0,"relics":["Cracked Core","Smiling Mask","Centennial Puzzle","Inserter","Runic Capacitor","Dream Catcher","Anchor","Symbiotic Virus","Cursed Key","Potion Belt","Cables"],"potions_floor_usage":[24,31,33,55,56,56],"damage_taken":[{"damage":0.0,"enemies":"Cultist","floor":1.0,"turns":4.0},{"damage":2.0,"enemies":"Small Slimes","floor":4.0,"turns":3.0},{"damage":1.0,"enemies":"Jaw Worm","floor":5.0,"turns":3.0},{"damage":4.0,"enemies":"3 Sentries","floor":7.0,"turns":4.0},{"damage":0.0,"enemies":"2 Fungi Beasts","floor":11.0,"turns":4.0},{"damage":1.0,"enemies":"Large Slime","floor":13.0,"turns":5.0},{"damage":3.0,"enemies":"Slime Boss","floor":16.0,"turns":7.0},{"damage":15.0,"enemies":"Spheric Guardian","floor":18.0,"turns":4.0},{"damage":0.0,"enemies":"3 Byrds","floor":20.0,"turns":1.0},{"damage":23.0,"enemies":"Centurion and Healer","floor":22.0,"turns":5.0},{"damage":25,"enemies":"Book of Stabbing","floor":24,"turns":6},{"damage":7,"enemies":"Sentry and Sphere","floor":27,"turns":4},{"damage":7,"enemies":"Snake Plant","floor":28,"turns":4},{"damage":1,"enemies":"Slavers","floor":31,"turns":4},{"damage":16,"enemies":"Collector","floor":33,"turns":12},{"damage":6,"enemies":"Orb Walker","floor":35,"turns":4},{"damage":0,"enemies":"3 Shapes","floor":36,"turns":3},{"damage":0,"enemies":"Writhing Mass","floor":38,"turns":7},{"damage":13,"enemies":"Spire Growth","floor":39,"turns":5},{"damage":0,"enemies":"Sphere and 2 Shapes","floor":40,"turns":4},{"damage":7,"enemies":"Nemesis","floor":41,"turns":7},{"damage":4,"enemies":"3 Darklings","floor":48,"turns":4},{"damage":13,"enemies":"Awakened One","floor":50,"turns":41},{"damage":11,"enemies":"Time Eater","floor":51,"turns":20},{"damage":1,"enemies":"Shield and Spear","floor":55,"turns":9},{"damage":77,"enemies":"The Heart","floor":56,"turns":13}],"seed_played":"-7747382106847317117","potions_obtained":[{"floor":1.0,"key":"Strength Potion"},{"floor":4.0,"key":"Swift Potion"},{"floor":16.0,"key":"EssenceOfSteel"},{"floor":27,"key":"Energy Potion"},{"floor":28,"key":"Regen Potion"},{"floor":35,"key":"Dexterity Potion"},{"floor":38,"key":"GamblersBrew"},{"floor":41,"key":"Regen Potion"}],"is_trial":false,"path_per_floor":["M","?","?","M","M","R","E","R","T","R","M","R","M","?","R","B",null,"M","?","M","$","M","R","E","R","T","M","M","R","?","E","R","B",null,"M","M","$","M","M","M","E","?","T","R","?","R","$","M","R","B","B",null,"R","$","E","B",null],"character_chosen":"DEFECT","items_purchased":["Runic Capacitor","Ball Lightning","Seek"],"campfire_rested":5,"item_purchase_floors":[21,21,37],"current_hp_per_floor":[64,69,69,67,66,66,62,62,62,62,62,62,61,50,50,47,69,54,54,54,54,31,31,6,28,28,21,14,36,36,47,69,53,70,64,64,64,64,51,51,44,34,34,34,34,56,56,52,52,39,28,64,76,76,75,13],"gold":36,"neow_bonus":"TRANSFORM_TWO_CARDS","is_prod":false,"is_daily":false,"chose_seed":false,"campfire_upgraded":7,"win_rate":0,"timestamp":1555318054,"path_taken":["M","?","?","M","M","R","E","R","T","R","?","R","M","?","R","BOSS","M","?","M","$","M","R","E","R","T","M","M","R","?","E","R","BOSS","M","M","$","M","M","M","E","?","T","R","?","R","$","?","R","BOSS","BOSS","R","$","E","BOSS"],"build_version":"2019-01-23","purchased_purges":2,"victory":true,"max_hp_per_floor":[71,76,76,76,76,76,76,76,76,76,76,76,76,76,76,76,76,76,76,76,76,76,76,76,76,76,76,76,76,76,76,76,76,76,76,76,76,76,76,76,76,76,76,76,76,76,76,76,76,76,76,76,76,76,76,76],"card_choices":[{"not_picked":["Rip and Tear","Tempest"],"picked":"Sunder","floor":1.0},{"not_picked":["Rebound","Recycle"],"picked":"Chill","floor":4.0},{"not_picked":["Turbo","Leap"],"picked":"Sweeping Beam","floor":5.0},{"not_picked":["Undo","Storm","Beam Cell"],"picked":"SKIP","floor":7.0},{"not_picked":["Double Energy","Heatsinks"],"picked":"Conserve Battery","floor":11.0},{"not_picked":["Melter","Conserve Battery"],"picked":"Ball Lightning","floor":13.0},{"not_picked":["Seek","Hyperbeam"],"picked":"Electrodynamics","floor":16.0},{"not_picked":["Coolheaded+1","Hologram"],"picked":"Defragment","floor":18.0},{"not_picked":["Blizzard+1","Steam","Aggregate"],"picked":"SKIP","floor":20.0},{"not_picked":["Chaos","Steam Power+1"],"picked":"Coolheaded","floor":22.0},{"not_picked":["Gash","Redo"],"picked":"Seek","floor":24},{"not_picked":["Sweeping Beam","Sunder"],"picked":"Reinforced Body+1","floor":25},{"not_picked":["Scrape+1","Compile Driver","Streamline"],"picked":"SKIP","floor":27},{"not_picked":["Scrape","BootSequence+1"],"picked":"Sweeping Beam+1","floor":28},{"not_picked":["Stack","Skim+1"],"picked":"Cold Snap","floor":29},{"not_picked":["Ball Lightning","Chill"],"picked":"Glacier","floor":31},{"not_picked":["Sweeping Beam+1","Streamline"],"picked":"Hologram","floor":32},{"not_picked":["Creative AI","Core Surge"],"picked":"Echo Form","floor":33},{"not_picked":["Auto Shields","Rebound","Leap"],"picked":"SKIP","floor":35},{"not_picked":["Aggregate","Steam"],"picked":"Coolheaded","floor":36},{"not_picked":["BootSequence+1","Cold Snap","Capacitor"],"picked":"SKIP","floor":38},{"not_picked":["Cold Snap","Ball Lightning"],"picked":"Seek","floor":39},{"not_picked":["Conserve Battery","Hologram","Leap"],"picked":"SKIP","floor":40},{"not_picked":["Go for the Eyes+1","BootSequence","Cold Snap"],"picked":"SKIP","floor":41},{"not_picked":["Blind","Sadistic Nature"],"picked":"Apotheosis","floor":42},{"not_picked":["Good Instincts","Apotheosis"],"picked":"Blind","floor":42},{"not_picked":["Stack","Double Energy","Go for the Eyes"],"picked":"SKIP","floor":48},{"not_picked":["Blizzard","Streamline"],"picked":"Defragment","floor":53},{"not_picked":["Gash+1","Ball Lightning"],"picked":"Glacier+1","floor":55}],"player_experience":935767,"relics_obtained":[{"floor":7.0,"key":"Smiling Mask"},{"floor":9.0,"key":"Centennial Puzzle"},{"floor":24,"key":"Dream Catcher"},{"floor":26,"key":"Anchor"},{"floor":31,"key":"Symbiotic Virus"},{"floor":41,"key":"Potion Belt"},{"floor":55,"key":"Cables"}],"event_choices":[{"damage_healed":0.0,"max_hp_gain":5.0,"max_hp_loss":0.0,"gold_gain":0.0,"event_name":"Big Fish","player_choice":"Donut","floor":2.0,"gold_loss":0.0,"damage_taken":0.0},{"damage_healed":0.0,"max_hp_gain":0.0,"max_hp_loss":0.0,"gold_gain":0.0,"event_name":"Upgrade Shrine","player_choice":"Upgraded","floor":3.0,"gold_loss":0.0,"damage_taken":0.0,"cards_upgraded":["Genetic Algorithm"]},{"damage_healed":0.0,"max_hp_gain":0.0,"max_hp_loss":0.0,"gold_gain":75.0,"event_name":"World of Goop","player_choice":"Gather Gold","floor":14.0,"gold_loss":0.0,"damage_taken":11.0},{"damage_healed":0.0,"max_hp_gain":0.0,"max_hp_loss":0.0,"gold_gain":0.0,"event_name":"Ghosts","player_choice":"Ignored","floor":19.0,"gold_loss":0.0,"damage_taken":0.0},{"cards_removed":["Strike_B"],"damage_healed":0,"gold_gain":0,"player_choice":"Gave Gold","damage_taken":0,"max_hp_gain":0,"max_hp_loss":0,"event_name":"Beggar","floor":30,"gold_loss":75},{"damage_healed":0,"gold_gain":0,"player_choice":"Memory 3","damage_taken":10,"max_hp_gain":0,"max_hp_loss":0,"event_name":"SensoryStone","floor":42,"gold_loss":0},{"damage_healed":0,"gold_gain":0,"player_choice":"Copied","damage_taken":0,"max_hp_gain":0,"max_hp_loss":0,"event_name":"Duplicator","floor":45,"gold_loss":0,"cards_obtained":["Genetic Algorithm"]}],"is_beta":false,"boss_relics":[{"not_picked":["Tiny House","Empty Cage"],"picked":"Inserter"},{"not_picked":["Sozu","Astrolabe"],"picked":"Cursed Key"}],"items_purged_floors":[47,54],"is_endless":false,"potions_floor_spawned":[1,4,16,27,28,35,38,40,41],"ascension_level":20}