{"gold_per_floor":[363,363,379,395,410,441,441,217,217,217,46,73,248,323,323,418,418,432,432,74,74,87,87,99,99],"floor_reached":25,"playtime":830,"items_purged":["Writhe","Strike_B"],"score":209,"play_id":"6a98d591-19d9-400f-bb5a-a70a71fd9194","local_time":"20190418132808","is_ascension_mode":false,"campfire_choices":[{"data":"Zap","floor":7,"key":"SMITH"},{"data":"Defragment","floor":10,"key":"SMITH"},{"floor":15,"key":"REST"},{"data":"Electrodynamics","floor":23,"key":"SMITH"}],"neow_cost":"CURSE","seed_source_timestamp":14674938483100,"circlet_count":0,"master_deck":["Strike_B","Defend_B","Defend_B","Defend_B","Defend_B","Zap+1","Dualcast","Cold Snap","Rip and Tear","Defragment","Capacitor","Defragment+1","Hologram","Rebound","Electrodynamics+1","Reinforced Body","Core Surge","Ball Lightning+1","Necronomicurse","Gash"],"relics":["Cracked Core","Dream Catcher","PreservedInsect","Pantograph","Ornamental Fan","Empty Cage","Necronomicon","Bag of Preparation","MealTicket"],"potions_floor_usage":[],"damage_taken":[{"damage":4,"enemies":"Small Slimes","floor":1,"turns":3},{"damage":0,"enemies":"Cultist","floor":3,"turns":3},{"damage":0,"enemies":"2 Louse","floor":4,"turns":2},{"damage":7,"enemies":"Exordium Wildlife","floor":5,"turns":3},{"damage":32,"enemies":"3 Sentries","floor":6,"turns":8},{"damage":16,"enemies":"Gremlin Nob","floor":12,"turns":4},{"damage":11,"enemies":"The Guardian","floor":16,"turns":9},{"damage":15,"enemies":"Chosen","floor":18,"turns":5},{"damage":10,"enemies":"Spheric Guardian","floor":22,"turns":4},{"damage":20,"enemies":"Chosen and Byrds","floor":24,"turns":4},{"damage":19,"enemies":"Centurion and Healer","floor":25,"turns":2}],"seed_played":"-3159635368871513033","potions_obtained":[{"floor":3,"key":"GamblersBrew"},{"floor":12,"key":"Weak Potion"},{"floor":22,"key":"GamblersBrew"}],"is_trial":false,"path_per_floor":["M","?","M","M","M","E","R","$","T","R","$","E","?","?","R","B",null,"M","?","$","?","M","R","M","M"],"character_chosen":"DEFECT","items_purchased":["PreservedInsect","Hologram","Rebound","Bag of Preparation","MealTicket"],"campfire_rested":1,"item_purchase_floors":[8,11,11,20,20],"current_hp_per_floor":[71,71,71,71,64,32,32,32,32,32,32,16,16,5,27,41,75,60,44,44,44,34,34,14,0],"gold":99,"neow_bonus":"TWO_FIFTY_GOLD","is_prod":false,"is_daily":false,"chose_seed":false,"campfire_upgraded":3,"win_rate":0,"timestamp":1555565288,"path_taken":["M","?","M","?","M","E","R","$","T","R","$","E","?","?","R","BOSS","M","?","$","?","M","R","M","M"],"build_version":"2019-01-23","purchased_purges":2,"victory":false,"max_hp_per_floor":[75,75,75,75,75,75,75,75,75,75,75,75,75,75,75,75,75,75,75,75,75,75,75,75,75],"card_choices":[{"not_picked":["Auto Shields","Heatsinks"],"picked":"Cold Snap","floor":1},{"not_picked":["Double Energy","Steam"],"picked":"Defragment","floor":3},{"not_picked":["Stack","Redo","FTL"],"picked":"SKIP","floor":4},{"not_picked":["Leap","Sunder"],"picked":"Capacitor","floor":5},{"not_picked":["Static Discharge","Ball Lightning"],"picked":"Defragment","floor":6},{"not_picked":["Scrape","Hologram"],"picked":"Electrodynamics","floor":12},{"not_picked":["Barrage","Blizzard"],"picked":"Reinforced Body","floor":15},{"not_picked":["Multi-Cast","Hyperbeam"],"picked":"Core Surge","floor":16},{"not_picked":["Blizzard","Conserve Battery+1"],"picked":"Ball Lightning+1","floor":18},{"not_picked":["Conserve Battery","Recycle","Sweeping Beam"],"picked":"SKIP","floor":22},{"not_picked":["Redo+1","Consume"],"picked":"Gash","floor":24}],"player_experience":440427,"relics_obtained":[{"floor":6,"key":"Dream Catcher"},{"floor":9,"key":"Pantograph"},{"floor":12,"key":"Ornamental Fan"},{"floor":19,"key":"Necronomicon"}],"event_choices":[{"damage_healed":0,"gold_gain":0,"cards_transformed":["Strike_B"],"player_choice":"Transformed","damage_taken":0,"max_hp_gain":0,"max_hp_loss":0,"event_name":"Transmorgrifier","floor":2,"gold_loss":0,"cards_obtained":["Rip and Tear"]},{"damage_healed":0,"gold_gain":175,"player_choice":"AGREE","damage_taken":0,"max_hp_gain":0,"max_hp_loss":0,"event_name":"Liars Game","floor":13,"gold_loss":0,"cards_obtained":["Doubt"]},{"damage_healed":0,"gold_gain":75,"player_choice":"Gather Gold","damage_taken":11,"max_hp_gain":0,"max_hp_loss":0,"event_name":"World of Goop","floor":14,"gold_loss":0},{"damage_healed":0,"gold_gain":0,"player_choice":"Obtained Book","damage_taken":16,"max_hp_gain":0,"max_hp_loss":0,"event_name":"Cursed Tome","floor":19,"gold_loss":0},{"damage_healed":0,"gold_gain":0,"player_choice":"Ignored","damage_taken":0,"max_hp_gain":0,"max_hp_loss":0,"event_name":"Beggar","floor":21,"gold_loss":0}],"is_beta":false,"boss_relics":[{"not_picked":["Pandora\u0027s Box","Black Star"],"picked":"Empty Cage"}],"items_purged_floors":[8,11],"is_endless":false,"potions_floor_spawned":[3,12,22],"killed_by":"Centurion and Healer","ascension_level":0}