{"gold_per_floor":[119,119,194,119,139,174,174,174,174,174,71,82,82,36,36,139,139,158,189,288,306,206,206,224,235,262,262,137,155,216,231,231,328,328,347,347,197,597,597,597,631,646,694,712,537,557,557,357,357,357],"floor_reached":51,"playtime":1932,"items_purged":["Strike_R","Clothesline","Bash","Defend_R+1","Defend_R+1","Pommel Strike+1"],"score":916,"play_id":"23830e85-a905-4331-b499-dc756220fab1","local_time":"20190511201405","is_ascension_mode":false,"campfire_choices":[{"data":"Entrench","floor":7,"key":"SMITH"},{"data":"Shrug It Off","floor":10,"key":"SMITH"},{"data":"Body Slam","floor":15,"key":"SMITH"},{"data":"Defend_R","floor":23,"key":"SMITH"},{"data":"Defend_R","floor":27,"key":"SMITH"},{"floor":32,"key":"REST"},{"floor":40,"key":"REST"},{"floor":47,"key":"RECALL"},{"floor":49,"key":"REST"}],"neow_cost":"NONE","seed_source_timestamp":434198878171855,"circlet_count":0,"master_deck":["Defend_R+1","Defend_R+1","Entrench+1","Shrug It Off+1","Body Slam+1","Offering+1","Demon Form+1"],"relics":["Burning Blood","NeowsBlessing","Omamori","War Paint","Astrolabe","Red Mask","Potion Belt","Tiny Chest","Cursed Key","Old Coin","Dodecahedron","Oddly Smooth Stone"],"potions_floor_usage":[16,16,41,50,50,50,50],"damage_taken":[{"damage":0,"enemies":"Cultist","floor":1,"turns":1},{"damage":0,"enemies":"Jaw Worm","floor":5,"turns":1},{"damage":0,"enemies":"3 Sentries","floor":6,"turns":2},{"damage":0,"enemies":"Small Slimes","floor":12,"turns":4},{"damage":35,"enemies":"The Guardian","floor":16,"turns":15},{"damage":6,"enemies":"3 Byrds","floor":18,"turns":6},{"damage":13,"enemies":"Masked Bandits","floor":19,"turns":5},{"damage":14,"enemies":"Spheric Guardian","floor":21,"turns":4},{"damage":6,"enemies":"3 Cultists","floor":24,"turns":5},{"damage":11,"enemies":"Snake Plant","floor":25,"turns":4},{"damage":6,"enemies":"Centurion and Healer","floor":29,"turns":7},{"damage":31,"enemies":"Gremlin Leader","floor":30,"turns":8},{"damage":6,"enemies":"Shelled Parasite and Fungi","floor":31,"turns":4},{"damage":14,"enemies":"Champ","floor":33,"turns":12},{"damage":6,"enemies":"3 Shapes","floor":35,"turns":5},{"damage":6,"enemies":"Mind Bloom Boss Battle","floor":38,"turns":5},{"damage":29,"enemies":"Reptomancer","floor":41,"turns":6},{"damage":6,"enemies":"Orb Walker","floor":42,"turns":3},{"damage":6,"enemies":"Sphere and 2 Shapes","floor":44,"turns":4},{"damage":6,"enemies":"Transient","floor":46,"turns":5},{"damage":6,"enemies":"Donu and Deca","floor":50,"turns":10}],"seed_played":"-6309451303354905602","potions_obtained":[{"floor":1,"key":"BloodPotion"},{"floor":6,"key":"SkillPotion"},{"floor":18,"key":"EssenceOfSteel"},{"floor":30,"key":"Block Potion"},{"floor":31,"key":"FearPotion"},{"floor":33,"key":"SkillPotion"},{"floor":46,"key":"BloodPotion"}],"is_trial":false,"path_per_floor":["M","?","?","$","M","E","R","?","T","R","$","M","?","$","R","B",null,"M","?","?","M","$","R","M","M","T","R","$","M","E","M","R","B",null,"M","?","$","?","?","R","E","M","T","M","$","M","R","$","R","B",null],"character_chosen":"IRONCLAD","items_purchased":["Fire Potion","SteroidPotion","Body Slam"],"campfire_rested":3,"item_purchase_floors":[11,11,14],"current_hp_per_floor":[80,85,74,74,80,85,85,85,85,85,85,85,85,85,85,56,85,85,78,78,70,70,70,70,65,65,65,65,65,40,40,65,57,85,85,81,81,81,81,81,58,58,58,58,58,58,58,58,81,81],"gold":357,"neow_bonus":"THREE_ENEMY_KILL","is_prod":false,"is_daily":false,"chose_seed":false,"campfire_upgraded":5,"win_rate":0,"timestamp":1557620045,"path_taken":["M","?","?","?","?","E","R","?","T","R","$","?","?","?","R","BOSS","M","?","?","M","$","R","M","M","T","R","$","M","E","M","R","BOSS","M","?","$","?","?","R","E","?","T","M","$","M","R","?","R","BOSS"],"build_version":"2019-01-23","purchased_purges":6,"victory":true,"max_hp_per_floor":[80,85,85,85,85,85,85,85,85,85,85,85,85,85,85,85,85,85,85,85,85,85,85,85,85,85,85,85,85,85,85,85,85,85,85,81,81,81,81,81,81,81,81,81,81,81,81,81,81,81],"card_choices":[{"not_picked":["Combust","Warcry"],"picked":"Entrench","floor":1},{"not_picked":["Evolve","Disarm","Clash"],"picked":"SKIP","floor":5},{"not_picked":["Evolve","Disarm","Clash"],"picked":"SKIP","floor":5},{"not_picked":["Iron Wave","Flex"],"picked":"Shrug It Off","floor":6},{"not_picked":["Wild Strike","Seeing Red"],"picked":"Clothesline","floor":12},{"not_picked":["Armaments","Sword Boomerang","Rage"],"picked":"SKIP","floor":18},{"not_picked":["Sword Boomerang","Pummel","Seeing Red"],"picked":"SKIP","floor":21},{"not_picked":["Inflame+1","Flex","Pommel Strike"],"picked":"SKIP","floor":24},{"not_picked":["Wild Strike+1","Sentinel","Carnage"],"picked":"SKIP","floor":25},{"not_picked":["Warcry+1","Iron Wave+1","Clothesline"],"picked":"SKIP","floor":29},{"not_picked":["Headbutt","Combust","Flex+1"],"picked":"SKIP","floor":30},{"not_picked":["Heavy Blade","Infernal Blade","Reckless Charge+1"],"picked":"SKIP","floor":31},{"not_picked":["Iron Wave","Power Through+1","Rage"],"picked":"SKIP","floor":35},{"not_picked":["Limit Break","True Grit+1","Clothesline+1"],"picked":"SKIP","floor":41},{"not_picked":["Body Slam+1","Perfected Strike","Warcry"],"picked":"SKIP","floor":42},{"not_picked":["Sword Boomerang","Rupture+1","Iron Wave+1"],"picked":"SKIP","floor":44},{"not_picked":["Perfected Strike","Iron Wave+1","Havoc"],"picked":"SKIP","floor":46}],"player_experience":126322,"relics_obtained":[{"floor":6,"key":"Omamori"},{"floor":9,"key":"War Paint"},{"floor":19,"key":"Red Mask"},{"floor":26,"key":"Potion Belt"},{"floor":30,"key":"Tiny Chest"},{"floor":38,"key":"Old Coin"},{"floor":41,"key":"Dodecahedron"},{"floor":43,"key":"Oddly Smooth Stone"}],"event_choices":[{"damage_healed":0,"gold_gain":0,"player_choice":"Donut","damage_taken":0,"max_hp_gain":5,"max_hp_loss":0,"event_name":"Big Fish","floor":2,"gold_loss":0},{"damage_healed":0,"gold_gain":75,"player_choice":"Gather Gold","damage_taken":11,"max_hp_gain":0,"max_hp_loss":0,"event_name":"World of Goop","floor":3,"gold_loss":0},{"cards_removed":["Strike_R"],"damage_healed":0,"gold_gain":0,"player_choice":"Offered Basic","damage_taken":0,"max_hp_gain":0,"max_hp_loss":0,"event_name":"Bonfire Elementals","floor":8,"gold_loss":0},{"damage_healed":0,"gold_gain":0,"player_choice":"Ignored","damage_taken":0,"max_hp_gain":0,"max_hp_loss":0,"event_name":"Liars Game","floor":13,"gold_loss":0},{"damage_healed":0,"gold_gain":0,"player_choice":"Fought Bandits","damage_taken":0,"max_hp_gain":0,"max_hp_loss":0,"event_name":"Masked Bandits","floor":19,"gold_loss":0},{"damage_healed":0,"gold_gain":99,"player_choice":"Stole From Cult","damage_taken":0,"max_hp_gain":0,"max_hp_loss":0,"event_name":"Nest","floor":20,"gold_loss":0},{"damage_healed":0,"gold_gain":0,"player_choice":"Max HP","damage_taken":0,"max_hp_gain":0,"max_hp_loss":4,"event_name":"Winding Halls","floor":36,"gold_loss":0},{"damage_healed":0,"gold_gain":0,"player_choice":"Fight","damage_taken":0,"max_hp_gain":0,"max_hp_loss":0,"event_name":"MindBloom","floor":38,"gold_loss":0},{"damage_healed":0,"gold_gain":0,"player_choice":"Memory 1","damage_taken":0,"max_hp_gain":0,"max_hp_loss":0,"event_name":"SensoryStone","floor":39,"gold_loss":0}],"is_beta":false,"boss_relics":[{"not_picked":["Ectoplasm","Black Blood"],"picked":"Astrolabe"},{"not_picked":["Black Star","Pandora\u0027s Box"],"picked":"Cursed Key"}],"items_purged_floors":[4,22,28,37,45,48],"is_endless":false,"potions_floor_spawned":[1,6,18,30,31,33,38,46],"ascension_level":0}