{"gold_per_floor":[119,119,139,158,11,43,55,68,68,99,99,118,134,158,158,257,257,276,201,212,229,33,33,43,43,43,43,58,73,87,186,186,286,286,297,297,172,22,122,133,133],"floor_reached":41,"playtime":1613,"items_purged":["Strike_R","Strike_R","Strike_R","Defend_R"],"score":457,"play_id":"845cadee-0fc5-4892-9fe1-40f4e0e377e7","local_time":"20190511113034","is_ascension_mode":false,"campfire_choices":[{"data":"Bash","floor":11,"key":"SMITH"},{"floor":15,"key":"REST"},{"data":"Body Slam","floor":23,"key":"SMITH"},{"data":"Flex","floor":25,"key":"SMITH"},{"data":"Defend_R","floor":27,"key":"SMITH"},{"data":"Offering","floor":32,"key":"SMITH"}],"neow_cost":"NONE","seed_source_timestamp":403113308979838,"circlet_count":0,"master_deck":["Strike_R","Defend_R+1","Defend_R","Defend_R","Bash+1","Carnage+1","Body Slam+1","Offering+1","Flex+1"],"relics":["Burning Blood","PreservedInsect","Singing Bowl","FossilizedHelix","Kunai","Happy Flower","Cursed Key","Snecko Eye","Incense Burner"],"potions_floor_usage":[6,13,16,18,28,30,33,39],"damage_taken":[{"damage":12,"enemies":"Small Slimes","floor":1,"turns":4},{"damage":1,"enemies":"Cultist","floor":3,"turns":3},{"damage":0,"enemies":"2 Louse","floor":4,"turns":2},{"damage":36,"enemies":"Lagavulin","floor":6,"turns":4},{"damage":7,"enemies":"2 Fungi Beasts","floor":7,"turns":3},{"damage":23,"enemies":"Exordium Thugs","floor":8,"turns":4},{"damage":4,"enemies":"3 Sentries","floor":10,"turns":6},{"damage":0,"enemies":"Large Slime","floor":12,"turns":4},{"damage":14,"enemies":"Exordium Wildlife","floor":13,"turns":3},{"damage":28,"enemies":"The Guardian","floor":16,"turns":16},{"damage":21,"enemies":"3 Byrds","floor":18,"turns":6},{"damage":20,"enemies":"Spheric Guardian","floor":20,"turns":5},{"damage":23,"enemies":"Shelled Parasite and Fungi","floor":21,"turns":4},{"damage":9,"enemies":"Snake Plant","floor":24,"turns":3},{"damage":3,"enemies":"Centurion and Healer","floor":28,"turns":3},{"damage":0,"enemies":"Snecko","floor":29,"turns":3},{"damage":0,"enemies":"3 Cultists","floor":30,"turns":4},{"damage":55,"enemies":"Collector","floor":33,"turns":6},{"damage":17,"enemies":"3 Shapes","floor":35,"turns":4},{"damage":52,"enemies":"Mind Bloom Boss Battle","floor":39,"turns":9},{"damage":45,"enemies":"3 Darklings","floor":40,"turns":6},{"damage":27,"enemies":"Jaw Worm Horde","floor":41,"turns":2}],"seed_played":"-5136961056632054675","potions_obtained":[{"floor":3,"key":"SpeedPotion"},{"floor":6,"key":"Fruit Juice"},{"floor":7,"key":"FearPotion"},{"floor":16,"key":"PowerPotion"},{"floor":21,"key":"BloodPotion"},{"floor":24,"key":"SpeedPotion"},{"floor":29,"key":"SpeedPotion"}],"is_trial":false,"path_per_floor":["M","?","M","M","$","E","M","M","T","E","R","M","M","T","R","B",null,"M","$","M","M","$","R","M","R","T","R","M","M","M","?","R","B",null,"M","?","$","$","?","M","M"],"character_chosen":"IRONCLAD","items_purchased":["PreservedInsect","EntropicBrew"],"campfire_rested":1,"item_purchase_floors":[5,22],"current_hp_per_floor":[74,74,79,80,80,57,58,43,43,47,47,55,49,49,78,56,97,84,84,70,55,55,55,54,54,54,54,69,77,85,85,85,38,111,102,102,102,102,58,21,0],"gold":133,"neow_bonus":"REMOVE_CARD","is_prod":false,"is_daily":false,"chose_seed":false,"campfire_upgraded":5,"win_rate":0,"timestamp":1557588634,"path_taken":["M","?","M","?","$","E","M","M","T","E","R","M","M","?","R","BOSS","M","$","M","M","$","R","M","R","T","R","M","M","M","?","R","BOSS","M","?","?","$","?","M","M"],"build_version":"2019-01-23","purchased_purges":4,"victory":false,"max_hp_per_floor":[80,80,80,80,80,87,89,91,91,93,93,95,97,97,97,97,97,99,99,99,101,101,101,103,103,103,103,105,107,109,109,109,111,111,113,113,113,113,115,117,117],"card_choices":[{"not_picked":["Clash","Evolve"],"picked":"Carnage","floor":1},{"not_picked":["Cleave","Hemokinesis"],"picked":"Body Slam","floor":3},{"not_picked":["Iron Wave","Rupture","Headbutt"],"picked":"SKIP","floor":4},{"not_picked":["Rage","Seeing Red","Sword Boomerang"],"picked":"Singing Bowl","floor":6},{"not_picked":["Flex","Seeing Red","Intimidate"],"picked":"Singing Bowl","floor":7},{"not_picked":["Cleave","Pummel","Clothesline"],"picked":"Singing Bowl","floor":8},{"not_picked":["Corruption","Pummel","True Grit"],"picked":"Singing Bowl","floor":10},{"not_picked":["Twin Strike","Sword Boomerang","Anger"],"picked":"Singing Bowl","floor":12},{"not_picked":["Havoc","Perfected Strike","Fire Breathing"],"picked":"Singing Bowl","floor":13},{"not_picked":["Demon Form","Fiend Fire"],"picked":"Offering","floor":16},{"not_picked":["Shockwave+1","Twin Strike+1","Fire Breathing"],"picked":"Singing Bowl","floor":18},{"not_picked":["True Grit","Heavy Blade"],"picked":"Flex","floor":20},{"not_picked":["Fire Breathing","Armaments","Body Slam"],"picked":"Singing Bowl","floor":21},{"not_picked":["Seeing Red","Infernal Blade","Metallicize"],"picked":"Singing Bowl","floor":24},{"not_picked":["Corruption","Sentinel","True Grit"],"picked":"Singing Bowl","floor":28},{"not_picked":["Feed","Corruption+1","Thunderclap+1"],"picked":"Singing Bowl","floor":29},{"not_picked":["Rage","Wild Strike","Thunderclap+1"],"picked":"Singing Bowl","floor":30},{"not_picked":["Juggernaut","Demon Form","Brutality"],"picked":"Singing Bowl","floor":33},{"not_picked":["Shrug It Off","Twin Strike","Clothesline+1"],"picked":"Singing Bowl","floor":35},{"not_picked":["Heavy Blade","Perfected Strike+1","Body Slam+1"],"picked":"Singing Bowl","floor":39},{"not_picked":["Disarm","Armaments+1","True Grit+1"],"picked":"Singing Bowl","floor":40}],"player_experience":121557,"relics_obtained":[{"floor":6,"key":"Singing Bowl"},{"floor":9,"key":"FossilizedHelix"},{"floor":10,"key":"Kunai"},{"floor":14,"key":"Happy Flower"},{"floor":39,"key":"Incense Burner"}],"event_choices":[{"damage_healed":0,"gold_gain":0,"player_choice":"Upgraded","damage_taken":0,"max_hp_gain":0,"max_hp_loss":0,"event_name":"Upgrade Shrine","floor":2,"gold_loss":0,"cards_upgraded":["Carnage"]},{"damage_healed":0,"gold_gain":99,"player_choice":"Stole From Cult","damage_taken":0,"max_hp_gain":0,"max_hp_loss":0,"event_name":"Nest","floor":31,"gold_loss":0},{"damage_healed":0,"gold_gain":0,"player_choice":"Ignored","damage_taken":0,"max_hp_gain":0,"max_hp_loss":0,"event_name":"SecretPortal","floor":36,"gold_loss":0},{"damage_healed":0,"gold_gain":0,"player_choice":"Fight","damage_taken":0,"max_hp_gain":0,"max_hp_loss":0,"event_name":"MindBloom","floor":39,"gold_loss":0}],"is_beta":false,"boss_relics":[{"not_picked":["Sozu","Runic Pyramid"],"picked":"Cursed Key"},{"not_picked":["Mark of Pain","Lizard Tail"],"picked":"Snecko Eye"}],"items_purged_floors":[19,22,37,38],"is_endless":false,"potions_floor_spawned":[3,6,7,16,21,24,29,40],"killed_by":"Jaw Worm Horde","ascension_level":0}