{"gold_per_floor":[113,113,132,142,39,39,67,82,154,174,174,203,203,233,233,310,310,322,32,51,151,165,165,178,93,93,121,140,140,160,179,179,254,254,270,287,304,315,365,391,391,423,423,94,94,114,126,159,159,159,159,159,159,34,65,65],"floor_reached":57,"playtime":4636,"items_purged":["Shame","Strike_B","Strike_B"],"score":3347,"play_id":"35cd83ad-3927-4ff9-963a-557935f2bfb5","local_time":"20190428002747","is_ascension_mode":true,"campfire_choices":[{"data":"Defragment","floor":6,"key":"SMITH"},{"data":"Zap","floor":11,"key":"SMITH"},{"data":"Barrage","floor":13,"key":"SMITH"},{"data":"Sweeping Beam","floor":15,"key":"SMITH"},{"data":"Doom and Gloom","floor":23,"key":"SMITH"},{"data":"Self Repair","floor":29,"key":"SMITH"},{"data":"Dualcast","floor":32,"key":"SMITH"},{"floor":41,"key":"RECALL"},{"data":"Loop","floor":45,"key":"SMITH"},{"data":"Capacitor","floor":49,"key":"SMITH"},{"data":"Biased Cognition","floor":53,"key":"SMITH"}],"neow_cost":"NONE","seed_source_timestamp":55540436479366,"circlet_count":0,"master_deck":["AscendersBane","Defend_B","Defend_B","Defend_B","Defend_B","Zap+1","Dualcast+1","Self Repair+1","Chill","Defragment+1","Barrage+1","Sweeping Beam+1","Streamline","Gash","Coolheaded+1","Core Surge","Reboot+1","Defragment+1","Panacea+1","Doom and Gloom+1","FTL","Genetic Algorithm+1","Cold Snap","Cold Snap","Stack+1","Turbo+1","Ball Lightning","Reboot+1","Defragment+1","Chill+1","Stack+1","Loop+1","Biased Cognition+1","Seek+1","Capacitor+1","Reinforced Body+1","Hologram+1"],"relics":["Cracked Core","FossilizedHelix","Toxic Egg 2","Omamori","StoneCalendar","Calling Bell","Anchor","Mummified Hand","Mango","Dead Branch","Ornamental Fan","Vajra","Bronze Scales","Sozu","Bag of Marbles","Bird Faced Urn","Mercury Hourglass","Happy Flower","Centennial Puzzle"],"potions_floor_usage":[18,21,33,33],"damage_taken":[{"damage":6,"enemies":"Small Slimes","floor":1,"turns":4},{"damage":1,"enemies":"Cultist","floor":3,"turns":3},{"damage":2,"enemies":"2 Louse","floor":4,"turns":3},{"damage":24,"enemies":"3 Sentries","floor":7,"turns":12},{"damage":4,"enemies":"Looter","floor":8,"turns":4},{"damage":0,"enemies":"2 Fungi Beasts","floor":10,"turns":2},{"damage":11,"enemies":"Lagavulin","floor":12,"turns":6},{"damage":0,"enemies":"3 Sentries","floor":14,"turns":9},{"damage":1,"enemies":"The Guardian","floor":16,"turns":10},{"damage":13,"enemies":"3 Byrds","floor":18,"turns":4},{"damage":11,"enemies":"Spheric Guardian","floor":20,"turns":4},{"damage":4,"enemies":"Colosseum Slavers","floor":21,"turns":5},{"damage":15,"enemies":"Colosseum Nobs","floor":21,"turns":4},{"damage":0,"enemies":"Snake Plant","floor":22,"turns":6},{"damage":0,"enemies":"Cultist and Chosen","floor":24,"turns":7},{"damage":24,"enemies":"Book of Stabbing","floor":27,"turns":5},{"damage":0,"enemies":"Chosen and Byrds","floor":28,"turns":4},{"damage":0,"enemies":"Snake Plant","floor":30,"turns":3},{"damage":0,"enemies":"Sentry and Sphere","floor":31,"turns":6},{"damage":0,"enemies":"Collector","floor":33,"turns":8},{"damage":0,"enemies":"Orb Walker","floor":35,"turns":3},{"damage":0,"enemies":"3 Darklings","floor":36,"turns":3},{"damage":0,"enemies":"Transient","floor":37,"turns":6},{"damage":0,"enemies":"Jaw Worm Horde","floor":38,"turns":5},{"damage":6,"enemies":"Reptomancer","floor":40,"turns":6},{"damage":0,"enemies":"Giant Head","floor":42,"turns":5},{"damage":0,"enemies":"4 Shapes","floor":46,"turns":4},{"damage":0,"enemies":"3 Darklings","floor":47,"turns":5},{"damage":0,"enemies":"Nemesis","floor":48,"turns":3},{"damage":0,"enemies":"Donu and Deca","floor":50,"turns":7},{"damage":0,"enemies":"Awakened One","floor":51,"turns":15},{"damage":0,"enemies":"Shield and Spear","floor":55,"turns":8},{"damage":35,"enemies":"The Heart","floor":56,"turns":7}],"seed_played":"3985001911558313275","potions_obtained":[{"floor":1,"key":"PowerPotion"},{"floor":4,"key":"EssenceOfSteel"},{"floor":7,"key":"Explosive Potion"},{"floor":22,"key":"SteroidPotion"},{"floor":24,"key":"FocusPotion"},{"floor":28,"key":"SkillPotion"}],"is_trial":false,"path_per_floor":["M","?","M","M","$","R","E","M","T","M","R","E","R","E","R","B",null,"M","$","M","?","M","R","M","?","T","E","M","R","M","M","R","B",null,"M","M","M","M","?","E","R","E","T","$","R","M","M","E","R","B","B",null,"R","$","E","B",null],"character_chosen":"DEFECT","items_purchased":["Defragment","Barrage","Panacea+1","Doom and Gloom","FTL","Seek+1","Capacitor"],"campfire_rested":0,"item_purchase_floors":[5,5,19,19,19,44,44],"current_hp_per_floor":[58,58,64,69,69,69,52,55,55,55,55,51,51,58,58,64,83,77,77,73,68,75,75,82,82,82,65,72,72,72,82,82,85,85,85,85,85,85,85,85,85,85,85,85,85,85,85,85,85,85,85,85,85,85,85,62],"gold":65,"neow_bonus":"REMOVE_CARD","is_prod":false,"is_daily":false,"chose_seed":false,"campfire_upgraded":10,"win_rate":0,"timestamp":1556378867,"path_taken":["M","?","M","M","?","R","E","M","T","M","R","E","R","E","R","BOSS","M","$","M","?","M","R","M","?","T","E","M","R","M","M","R","BOSS","M","M","M","M","?","E","R","E","T","?","R","M","M","E","R","BOSS","BOSS","R","$","E","BOSS"],"build_version":"2019-01-23","purchased_purges":3,"victory":true,"max_hp_per_floor":[71,71,71,71,71,71,71,71,71,71,71,71,71,71,71,71,85,85,85,85,85,85,85,85,85,85,85,85,85,85,85,85,85,85,85,85,85,85,85,85,85,85,85,85,85,85,85,85,85,85,85,85,85,85,85,85],"card_choices":[{"not_picked":["Aggregate","Barrage"],"picked":"Self Repair","floor":1},{"not_picked":["Leap","Force Field"],"picked":"Chill","floor":3},{"not_picked":["Chill","Steam","Stack"],"picked":"SKIP","floor":4},{"not_picked":["Streamline","Turbo"],"picked":"Sweeping Beam","floor":7},{"not_picked":["Turbo","Leap"],"picked":"Streamline","floor":8},{"not_picked":["Turbo+1","Redo+1"],"picked":"Gash","floor":10},{"not_picked":["Chill+1","Redo+1"],"picked":"Coolheaded+1","floor":12},{"not_picked":["Double Energy+1","Tempest+1"],"picked":"Core Surge","floor":14},{"not_picked":["Amplify+1","Thunder Strike"],"picked":"Reboot+1","floor":16},{"not_picked":["Gash","Hologram+1"],"picked":"Defragment+1","floor":18},{"not_picked":["Leap+1","Auto Shields+1"],"picked":"Genetic Algorithm+1","floor":20},{"not_picked":["Darkness+1","Auto Shields+1"],"picked":"Cold Snap","floor":21},{"not_picked":["Beam Cell","Tempest+1"],"picked":"Cold Snap","floor":22},{"not_picked":["Static Discharge","BootSequence+1","Turbo+1"],"picked":"SKIP","floor":24},{"not_picked":["Core Surge","Chaos+1"],"picked":"Stack+1","floor":27},{"not_picked":["BootSequence+1","Darkness+1"],"picked":"Turbo+1","floor":28},{"not_picked":["Lockon","Gash+1","Melter+1"],"picked":"SKIP","floor":30},{"not_picked":["Stack+1","Barrage"],"picked":"Ball Lightning","floor":31},{"not_picked":["Buffer","Rainbow+1"],"picked":"Reboot+1","floor":33},{"not_picked":["Go for the Eyes+1","Melter+1"],"picked":"Defragment+1","floor":35},{"not_picked":["Aggregate+1","Gash"],"picked":"Chill+1","floor":36},{"not_picked":["Self Repair+1","Compile Driver"],"picked":"Stack+1","floor":37},{"not_picked":["Sunder","Lockon","Consume+1"],"picked":"SKIP","floor":38},{"not_picked":["Buffer","Reprogram+1"],"picked":"Loop","floor":40},{"not_picked":["Capacitor","Doom and Gloom+1"],"picked":"Biased Cognition","floor":42},{"not_picked":["Gash","Doom and Gloom+1","Ball Lightning"],"picked":"SKIP","floor":46},{"not_picked":["Compile Driver","Rip and Tear"],"picked":"Reinforced Body+1","floor":47},{"not_picked":["Chill+1","Go for the Eyes"],"picked":"Hologram+1","floor":48},{"not_picked":["Turbo+1","Sweeping Beam","Steam+1"],"picked":"SKIP","floor":55}],"player_experience":1120629,"relics_obtained":[{"floor":7,"key":"FossilizedHelix"},{"floor":9,"key":"Toxic Egg 2"},{"floor":12,"key":"Omamori"},{"floor":14,"key":"StoneCalendar"},{"floor":17,"key":"Anchor"},{"floor":17,"key":"Mummified Hand"},{"floor":17,"key":"Mango"},{"floor":21,"key":"Dead Branch"},{"floor":21,"key":"Ornamental Fan"},{"floor":27,"key":"Bronze Scales"},{"floor":40,"key":"Bag of Marbles"},{"floor":42,"key":"Bird Faced Urn"},{"floor":43,"key":"Mercury Hourglass"},{"floor":48,"key":"Happy Flower"},{"floor":55,"key":"Centennial Puzzle"}],"event_choices":[{"cards_removed":["Strike_B"],"damage_healed":0,"gold_gain":0,"player_choice":"Card Removal","damage_taken":0,"max_hp_gain":0,"max_hp_loss":0,"event_name":"Wheel of Change","floor":2,"gold_loss":0},{"damage_healed":0,"gold_gain":0,"player_choice":"Fight","damage_taken":0,"max_hp_gain":0,"max_hp_loss":0,"event_name":"Colosseum","floor":21,"gold_loss":0},{"damage_healed":0,"gold_gain":0,"player_choice":"Fought Nobs","damage_taken":0,"max_hp_gain":0,"max_hp_loss":0,"event_name":"Colosseum","floor":21,"gold_loss":0},{"damage_healed":0,"gold_gain":0,"player_choice":"Obtained Relic","damage_taken":0,"relics_obtained":["Vajra"],"max_hp_gain":0,"max_hp_loss":0,"event_name":"Addict","floor":25,"gold_loss":85},{"damage_healed":0,"gold_gain":50,"player_choice":"Pray","damage_taken":0,"max_hp_gain":0,"max_hp_loss":0,"event_name":"Golden Shrine","floor":39,"gold_loss":0}],"is_beta":false,"boss_relics":[{"not_picked":["Runic Dome","Black Star"],"picked":"Calling Bell"},{"not_picked":["Runic Pyramid","Coffee Dripper"],"picked":"Sozu"}],"items_purged_floors":[19,44,54],"is_endless":false,"potions_floor_spawned":[1,4,7,16,22,24,27,28,36,37,42,55],"ascension_level":20}