{"gold_per_floor":[112,125,125,141,153,153,178,192,192,192],"floor_reached":10,"playtime":437,"items_purged":[],"score":105,"play_id":"0b19785e-d994-4f14-acab-df0d98bbdfa1","local_time":"20190325114430","is_ascension_mode":true,"campfire_choices":[{"data":"Dagger Spray","floor":6,"key":"SMITH"}],"neow_cost":"NONE","seed_source_timestamp":50630503421824,"circlet_count":0,"master_deck":["AscendersBane","Defend_G","Defend_G","Defend_G","Defend_G","Defend_G","Strike_G","Strike_G","Strike_G","Strike_G","Strike_G","Survivor","Neutralize","Doppelganger","Dagger Spray+1","Cloak And Dagger+1","Dodge and Roll+1","Deflect+1"],"relics":["Ring of the Snake","Toxic Egg 2","Singing Bowl","Sundial"],"potions_floor_usage":[7,7,7],"damage_taken":[{"damage":1,"enemies":"Small Slimes","floor":1,"turns":4},{"damage":1,"enemies":"Cultist","floor":2,"turns":5},{"damage":0,"enemies":"2 Louse","floor":4,"turns":3},{"damage":3,"enemies":"Looter","floor":5,"turns":4},{"damage":29,"enemies":"Gremlin Nob","floor":7,"turns":5},{"damage":3,"enemies":"Red Slaver","floor":8,"turns":4},{"damage":31,"enemies":"3 Sentries","floor":10,"turns":6}],"seed_played":"-8716191812304891290","potions_obtained":[{"floor":1,"key":"EntropicBrew"}],"is_trial":false,"path_per_floor":["M","M","?","M","M","R","E","M","T","E"],"character_chosen":"THE_SILENT","items_purchased":[],"campfire_rested":0,"item_purchase_floors":[],"current_hp_per_floor":[62,61,61,61,58,58,29,26,26,0],"gold":192,"neow_bonus":"ONE_RANDOM_RARE_CARD","is_prod":false,"is_daily":false,"chose_seed":false,"campfire_upgraded":1,"win_rate":0,"timestamp":1553510670,"path_taken":["M","M","?","?","M","R","E","M","T","E"],"build_version":"2019-01-23","purchased_purges":0,"victory":false,"max_hp_per_floor":[70,70,70,70,70,70,70,70,70,70],"card_choices":[{"not_picked":["Tactician","Slice"],"picked":"Escape Plan","floor":1},{"not_picked":["Deadly Poison","Underhanded Strike"],"picked":"Dagger Spray","floor":2},{"not_picked":["Caltrops","Blade Dance+1"],"picked":"Cloak And Dagger+1","floor":4},{"not_picked":["Sucker Punch","Prepared+1","Slice"],"picked":"SKIP","floor":5},{"not_picked":["Reflex+1","Malaise+1"],"picked":"Dodge and Roll+1","floor":7},{"not_picked":["Escape Plan+1","Deadly Poison+1"],"picked":"Deflect+1","floor":8}],"player_experience":370467,"relics_obtained":[{"floor":7,"key":"Singing Bowl"},{"floor":9,"key":"Sundial"}],"event_choices":[{"cards_removed":["Escape Plan"],"damage_healed":0,"gold_gain":0,"player_choice":"Gave Card","damage_taken":0,"relics_obtained":["Toxic Egg 2"],"max_hp_gain":0,"max_hp_loss":0,"event_name":"WeMeetAgain","floor":3,"gold_loss":0}],"is_beta":false,"boss_relics":[],"items_purged_floors":[],"is_endless":false,"potions_floor_spawned":[1],"killed_by":"3 Sentries","ascension_level":10}