{"gold_per_floor":[118,129,129,4,4,4,42,0,0,0,39,63,78,78,78,204,204,219,238,288,263,313,313,338,338,364,364,364],"floor_reached":28,"playtime":1637,"items_purged":[],"score":366,"play_id":"602b3cd1-0a2f-4cc7-b963-754a7685562a","local_time":"20190429192513","is_ascension_mode":true,"campfire_choices":[{"data":"Zap","floor":6,"key":"SMITH"},{"floor":10,"key":"REST"},{"floor":15,"key":"REST"},{"data":"Sunder","floor":23,"key":"SMITH"},{"data":"Defragment","floor":25,"key":"SMITH"}],"neow_cost":"NONE","seed_source_timestamp":256708847054094,"circlet_count":0,"master_deck":["AscendersBane","Strike_B","Defend_B","Defend_B","Defend_B","Defend_B","Zap+1","Dualcast","Conserve Battery","Coolheaded","Darkness","Go for the Eyes+1","Redo","Sunder+1","Glacier","Turbo","Steam","Defragment+1"],"relics":["Cracked Core","Golden Idol","Singing Bowl","Potion Belt","SsserpentHead","Empty Cage","Centennial Puzzle","Bronze Scales"],"potions_floor_usage":[27,27],"damage_taken":[{"damage":3,"enemies":"Small Slimes","floor":1,"turns":5},{"damage":12,"enemies":"Jaw Worm","floor":2,"turns":3},{"damage":33,"enemies":"3 Sentries","floor":7,"turns":9},{"damage":23,"enemies":"Lagavulin","floor":11,"turns":6},{"damage":0,"enemies":"2 Louse","floor":12,"turns":3},{"damage":0,"enemies":"Large Slime","floor":13,"turns":5},{"damage":4,"enemies":"Slime Boss","floor":16,"turns":10},{"damage":17,"enemies":"Chosen","floor":18,"turns":6},{"damage":23,"enemies":"Spheric Guardian","floor":19,"turns":6},{"damage":19,"enemies":"Snecko","floor":24,"turns":5},{"damage":16,"enemies":"Gremlin Leader","floor":27,"turns":11},{"damage":33,"enemies":"3 Cultists","floor":28,"turns":5}],"seed_played":"7661790197627743173","potions_obtained":[{"floor":7,"key":"SmokeBomb"},{"floor":13,"key":"Weak Potion"},{"floor":19,"key":"FairyPotion"}],"is_trial":false,"path_per_floor":["M","M","?","$","?","R","E","?","T","R","E","M","M","?","R","B",null,"M","M","T","?","?","R","M","R","T","E","M"],"character_chosen":"DEFECT","items_purchased":["Darkness","Go for the Eyes"],"campfire_rested":2,"item_purchase_floors":[4,4],"current_hp_per_floor":[65,53,35,35,35,35,2,2,2,24,3,3,3,3,26,24,65,48,25,25,25,51,51,32,32,32,16,0],"gold":364,"neow_bonus":"THREE_CARDS","is_prod":false,"is_daily":false,"chose_seed":false,"campfire_upgraded":3,"win_rate":0,"timestamp":1556558713,"path_taken":["M","M","?","$","?","R","E","?","T","R","E","M","M","?","R","BOSS","M","M","?","?","?","R","M","R","T","E","M"],"build_version":"2019-01-23","purchased_purges":0,"victory":false,"max_hp_per_floor":[75,75,75,75,75,75,75,75,75,75,77,77,77,77,77,79,79,79,79,79,79,79,79,79,79,79,79,79],"card_choices":[{"not_picked":["Redo","Hologram"],"picked":"Conserve Battery","floor":0},{"not_picked":["Stack","Gash"],"picked":"Coolheaded","floor":1},{"not_picked":["Hologram","Rebound","Steam Power"],"picked":"SKIP","floor":2},{"not_picked":["Streamline","Rebound"],"picked":"Redo","floor":7},{"not_picked":["Aggregate","Redo","Multi-Cast"],"picked":"Singing Bowl","floor":11},{"not_picked":["Rebound","Conserve Battery"],"picked":"Sunder","floor":12},{"not_picked":["Sweeping Beam","Compile Driver"],"picked":"Glacier","floor":13},{"not_picked":["Hyperbeam","Fission","Echo Form"],"picked":"Singing Bowl","floor":16},{"not_picked":["Chill","Ball Lightning"],"picked":"Turbo","floor":18},{"not_picked":["Streamline","Chaos"],"picked":"Steam","floor":19},{"not_picked":["Beam Cell","Turbo"],"picked":"Defragment","floor":24}],"player_experience":510063,"relics_obtained":[{"floor":7,"key":"Singing Bowl"},{"floor":11,"key":"Potion Belt"},{"floor":20,"key":"Centennial Puzzle"},{"floor":26,"key":"Bronze Scales"}],"event_choices":[{"damage_healed":0,"gold_gain":0,"player_choice":"Take Damage","damage_taken":18,"relics_obtained":["Golden Idol"],"max_hp_gain":0,"max_hp_loss":0,"event_name":"Golden Idol","floor":3,"gold_loss":0},{"damage_healed":0,"gold_gain":0,"player_choice":"Grow","damage_taken":0,"max_hp_gain":0,"max_hp_loss":0,"event_name":"Living Wall","floor":5,"gold_loss":0,"cards_upgraded":["Go for the Eyes"]},{"damage_healed":0,"gold_gain":0,"player_choice":"Left Gold","damage_taken":0,"max_hp_gain":0,"max_hp_loss":0,"event_name":"World of Goop","floor":8,"gold_loss":42},{"damage_healed":0,"gold_gain":0,"player_choice":"Trade","damage_taken":0,"relics_obtained":["SsserpentHead"],"max_hp_gain":0,"max_hp_loss":0,"event_name":"FaceTrader","floor":14,"gold_loss":0},{"cards_removed":["Strike_B"],"damage_healed":0,"gold_gain":0,"player_choice":"Gave Gold","damage_taken":0,"max_hp_gain":0,"max_hp_loss":0,"event_name":"Beggar","floor":21,"gold_loss":75},{"damage_healed":26,"gold_gain":0,"player_choice":"Heal","damage_taken":0,"max_hp_gain":0,"max_hp_loss":0,"event_name":"The Library","floor":22,"gold_loss":0}],"is_beta":false,"boss_relics":[{"not_picked":["Lizard Tail","Tiny House"],"picked":"Empty Cage"}],"items_purged_floors":[],"is_endless":false,"potions_floor_spawned":[7,13,19],"killed_by":"3 Cultists","ascension_level":10}