{"gold_per_floor":[19,19,42,42,60,60,104,125,150,183,183,287,287],"floor_reached":13,"playtime":364,"items_purged":[],"score":177,"play_id":"086ac180-0fbb-47c4-a80d-80463ff4ede2","local_time":"20190312183213","is_ascension_mode":true,"campfire_choices":[{"data":"Bludgeon","floor":6,"key":"SMITH"},{"data":"Disarm","floor":11,"key":"SMITH"}],"neow_cost":"NO_GOLD","seed_source_timestamp":85409627187500,"circlet_count":0,"master_deck":["AscendersBane","Strike_R","Strike_R","Strike_R","Strike_R","Defend_R","Defend_R+1","Defend_R","Bash","Berserk","Bludgeon+1","Shrug It Off+1","Injury","Disarm+1","Corruption","Impervious","Spot Weakness"],"relics":["Burning Blood","Golden Idol","Pen Nib","Red Skull","War Paint","Tiny Chest"],"potions_floor_usage":[5,7,7],"damage_taken":[{"damage":6,"enemies":"Cultist","floor":1,"turns":3},{"damage":6,"enemies":"Jaw Worm","floor":3,"turns":3},{"damage":0,"enemies":"2 Louse","floor":5,"turns":2},{"damage":37,"enemies":"3 Sentries","floor":7,"turns":8},{"damage":24,"enemies":"Exordium Thugs","floor":8,"turns":5},{"damage":9,"enemies":"Lagavulin","floor":10,"turns":5},{"damage":0,"enemies":"Gremlin Nob","floor":12,"turns":2},{"damage":35,"enemies":"3 Sentries","floor":13,"turns":6}],"seed_played":"-3548526117286214236","potions_obtained":[{"floor":3,"key":"SteroidPotion"},{"floor":4,"key":"Explosive Potion"},{"floor":5,"key":"SkillPotion"}],"is_trial":false,"path_per_floor":["M","?","M","?","M","R","E","M","T","E","R","?","E"],"character_chosen":"IRONCLAD","items_purchased":[],"campfire_rested":0,"item_purchase_floors":[],"current_hp_per_floor":[68,68,68,68,74,74,43,25,25,22,22,28,0],"gold":287,"neow_bonus":"TRANSFORM_TWO_CARDS","is_prod":false,"is_daily":false,"chose_seed":false,"campfire_upgraded":2,"win_rate":0,"timestamp":1552411933,"path_taken":["M","?","M","?","?","R","E","M","T","E","R","?","E"],"build_version":"2019-01-23","purchased_purges":0,"victory":false,"max_hp_per_floor":[75,75,75,75,75,75,75,75,75,75,75,75,75],"card_choices":[{"not_picked":["Uppercut","Rupture"],"picked":"Shrug It Off","floor":1},{"not_picked":["Dropkick","Twin Strike","Iron Wave"],"picked":"SKIP","floor":3},{"not_picked":["Pommel Strike","Sentinel"],"picked":"Disarm","floor":5},{"not_picked":["Pommel Strike","Heavy Blade","Clash"],"picked":"SKIP","floor":7},{"not_picked":["Wild Strike","Entrench"],"picked":"Corruption","floor":8},{"not_picked":["Fiend Fire","Heavy Blade"],"picked":"Impervious","floor":10},{"not_picked":["Thunderclap","Sword Boomerang"],"picked":"Spot Weakness","floor":12}],"player_experience":473678,"relics_obtained":[{"floor":7,"key":"Pen Nib"},{"floor":9,"key":"Red Skull"},{"floor":10,"key":"War Paint"},{"floor":12,"key":"Tiny Chest"}],"event_choices":[{"damage_healed":0,"gold_gain":0,"player_choice":"Take Wound","damage_taken":0,"relics_obtained":["Golden Idol"],"max_hp_gain":0,"max_hp_loss":0,"event_name":"Golden Idol","floor":2,"gold_loss":0,"cards_obtained":["Injury"]},{"damage_healed":0,"gold_gain":0,"player_choice":"Got Potions","damage_taken":0,"max_hp_gain":0,"max_hp_loss":0,"event_name":"Lab","floor":4,"gold_loss":0},{"damage_healed":0,"gold_gain":0,"player_choice":"Searched \u00271\u0027 times","damage_taken":0,"max_hp_gain":0,"max_hp_loss":0,"event_name":"Dead Adventurer","floor":12,"gold_loss":0}],"is_beta":false,"boss_relics":[],"items_purged_floors":[],"is_endless":false,"potions_floor_spawned":[3,5],"killed_by":"3 Sentries","ascension_level":18}