{"gold_per_floor":[16,32,46,65,65,65,76,89,89,109,124,144,144,162,162,239,239,259,269,269,51,51,51,51,51,51,51,68,68,83,98,98,171,171,188,188,21,21,31,31,31,131,131,0,0],"floor_reached":45,"playtime":2067,"items_purged":[],"score":872,"play_id":"93c221aa-ee37-42fd-bf92-5f7d409bcf49","local_time":"20190303163059","is_ascension_mode":true,"campfire_choices":[{"data":"All Out Attack","floor":6,"key":"SMITH"},{"data":"Malaise","floor":13,"key":"SMITH"},{"data":"Skewer","floor":15,"key":"SMITH"},{"data":"Crippling Poison","floor":23,"key":"SMITH"},{"data":"Bouncing Flask","floor":25,"key":"SMITH"},{"data":"Footwork","floor":29,"key":"SMITH"},{"data":"Footwork","floor":32,"key":"SMITH"},{"floor":40,"key":"REST"}],"neow_cost":"NO_GOLD","seed_source_timestamp":383503455049098,"circlet_count":0,"master_deck":["AscendersBane","Defend_G+1","Defend_G+1","Defend_G+1","Defend_G+1","Strike_G+1","Strike_G+1","Strike_G+1","Strike_G+1","Survivor","Malaise+1","Wraith Form v2","All Out Attack+1","Well Laid Plans","PiercingWail","Bouncing Flask+1","Cloak And Dagger","Footwork+1","Skewer+1","Crippling Poison+1","Footwork+1","Adrenaline+1","Dodge and Roll+1","PiercingWail+1","Leg Sweep","Noxious Fumes+1","Flash of Steel","Footwork","Prepared+1"],"relics":["Ring of the Snake","Blue Candle","Sozu","Strange Spoon","Ancient Tea Set","Runic Dome","Unceasing Top","War Paint","Red Mask"],"potions_floor_usage":[19,33],"damage_taken":[{"damage":3,"enemies":"Cultist","floor":1,"turns":6},{"damage":5,"enemies":"Jaw Worm","floor":2,"turns":7},{"damage":0,"enemies":"Small Slimes","floor":3,"turns":4},{"damage":10,"enemies":"Blue Slaver","floor":4,"turns":5},{"damage":0,"enemies":"2 Fungi Beasts","floor":7,"turns":3},{"damage":0,"enemies":"3 Louse","floor":8,"turns":4},{"damage":2,"enemies":"Large Slime","floor":10,"turns":7},{"damage":0,"enemies":"2 Fungi Beasts","floor":11,"turns":2},{"damage":0,"enemies":"Lots of Slimes","floor":12,"turns":1},{"damage":6,"enemies":"Large Slime","floor":14,"turns":6},{"damage":0,"enemies":"The Guardian","floor":16,"turns":12},{"damage":2,"enemies":"3 Byrds","floor":18,"turns":6},{"damage":3,"enemies":"2 Thieves","floor":19,"turns":4},{"damage":7,"enemies":"Centurion and Healer","floor":28,"turns":7},{"damage":0,"enemies":"3 Cultists","floor":30,"turns":6},{"damage":7,"enemies":"Shelled Parasite and Fungi","floor":31,"turns":8},{"damage":36,"enemies":"Champ","floor":33,"turns":16},{"damage":3,"enemies":"Orb Walker","floor":35,"turns":5},{"damage":15,"enemies":"3 Shapes","floor":39,"turns":4},{"damage":0,"enemies":"Mind Bloom Boss Battle","floor":42,"turns":10},{"damage":57,"enemies":"Reptomancer","floor":45,"turns":5}],"seed_played":"4579288834540072541","potions_obtained":[{"floor":2,"key":"FearPotion"},{"floor":3,"key":"Block Potion"}],"is_trial":false,"path_per_floor":["M","M","M","M","$","R","M","M","T","M","M","M","R","M","R","B",null,"M","M","?","$","?","R","?","R","T","$","M","R","M","M","R","B",null,"M","?","$","?","M","R","$","?","T","?","E"],"character_chosen":"THE_SILENT","items_purchased":["Strange Spoon","Flash of Steel","Footwork"],"campfire_rested":1,"item_purchase_floors":[21,37,37],"current_hp_per_floor":[56,51,51,41,41,41,41,41,41,39,39,39,39,33,33,33,58,56,53,53,53,53,53,66,66,66,66,59,59,59,52,52,16,54,51,51,51,51,36,54,54,54,54,54,0],"gold":0,"neow_bonus":"TRANSFORM_TWO_CARDS","is_prod":false,"is_daily":false,"chose_seed":false,"campfire_upgraded":7,"win_rate":0,"timestamp":1551598259,"path_taken":["M","M","M","M","$","R","M","M","T","?","M","?","R","M","R","BOSS","M","M","?","$","?","R","?","R","T","?","M","R","M","M","R","BOSS","M","?","$","?","M","R","$","?","T","?","E"],"build_version":"2019-01-23","purchased_purges":0,"victory":false,"max_hp_per_floor":[66,66,66,66,66,66,66,66,66,66,66,66,66,66,66,66,66,66,66,66,66,66,66,66,66,66,66,66,66,66,66,66,66,66,66,66,66,63,63,63,63,63,63,63,63],"card_choices":[{"not_picked":["Blade Dance","Finisher"],"picked":"All Out Attack","floor":1},{"not_picked":["PiercingWail","Slice"],"picked":"Well Laid Plans","floor":2},{"not_picked":["Prepared","Tactician"],"picked":"PiercingWail","floor":3},{"not_picked":["PiercingWail","Tactician"],"picked":"Bouncing Flask","floor":4},{"not_picked":["Reflex","Expertise"],"picked":"Cloak And Dagger","floor":7},{"not_picked":["Acrobatics","Slice"],"picked":"Footwork","floor":8},{"not_picked":["Deadly Poison","Flechettes"],"picked":"Skewer","floor":10},{"not_picked":["Caltrops","Outmaneuver","PiercingWail"],"picked":"SKIP","floor":11},{"not_picked":["Concentrate","Setup"],"picked":"Crippling Poison","floor":12},{"not_picked":["Endless Agony","Expertise"],"picked":"Footwork","floor":14},{"not_picked":["Unload","Bullet Time"],"picked":"Adrenaline","floor":16},{"not_picked":["Flechettes","Footwork"],"picked":"Dodge and Roll+1","floor":18},{"not_picked":["Finisher","Acrobatics"],"picked":"PiercingWail+1","floor":19},{"not_picked":["Outmaneuver","Accuracy+1","Quick Slash"],"picked":"SKIP","floor":28},{"not_picked":["Predator+1","Crippling Poison"],"picked":"Leg Sweep","floor":30},{"not_picked":["Poisoned Stab","Prepared","Choke"],"picked":"SKIP","floor":31},{"not_picked":["Well Laid Plans","Tactician+1"],"picked":"Noxious Fumes+1","floor":35},{"not_picked":["Deflect+1","Dodge and Roll","Riddle With Holes"],"picked":"SKIP","floor":39},{"not_picked":["Masterful Stab","Eviscerate+1"],"picked":"Prepared","floor":42}],"player_experience":611629,"relics_obtained":[{"floor":9,"key":"Blue Candle"},{"floor":26,"key":"Ancient Tea Set"},{"floor":42,"key":"Unceasing Top"},{"floor":43,"key":"War Paint"}],"event_choices":[{"damage_healed":0,"gold_gain":0,"player_choice":"Simplicity","damage_taken":0,"max_hp_gain":0,"max_hp_loss":0,"event_name":"Back to Basics","floor":20,"gold_loss":0,"cards_upgraded":["Defend_G","Defend_G","Defend_G","Defend_G","Strike_G","Strike_G","Strike_G","Strike_G"]},{"damage_healed":0,"gold_gain":0,"player_choice":"Ignored","damage_taken":0,"max_hp_gain":0,"max_hp_loss":0,"event_name":"Vampires","floor":22,"gold_loss":0},{"damage_healed":13,"gold_gain":0,"player_choice":"Heal","damage_taken":0,"max_hp_gain":0,"max_hp_loss":0,"event_name":"The Library","floor":24,"gold_loss":0},{"cards_removed":["Neutralize"],"damage_healed":0,"gold_gain":0,"player_choice":"Removed Attack","damage_taken":0,"max_hp_gain":0,"max_hp_loss":0,"event_name":"Falling","floor":36,"gold_loss":0},{"damage_healed":0,"gold_gain":0,"player_choice":"Max HP","damage_taken":0,"max_hp_gain":0,"max_hp_loss":3,"event_name":"Winding Halls","floor":38,"gold_loss":0},{"damage_healed":0,"gold_gain":0,"player_choice":"Fight","damage_taken":0,"max_hp_gain":0,"max_hp_loss":0,"event_name":"MindBloom","floor":42,"gold_loss":0},{"damage_healed":0,"gold_gain":0,"player_choice":"Paid","damage_taken":0,"relics_obtained":["Red Mask"],"max_hp_gain":0,"max_hp_loss":0,"event_name":"Tomb of Lord Red Mask","floor":44,"gold_loss":131}],"is_beta":false,"boss_relics":[{"not_picked":["HoveringKite","Lizard Tail"],"picked":"Sozu"},{"not_picked":["Empty Cage","Pandora\u0027s Box"],"picked":"Runic Dome"}],"items_purged_floors":[],"is_endless":false,"potions_floor_spawned":[2,3,8,11,28,33,35],"killed_by":"Reptomancer","ascension_level":18}