{"gold_per_floor":[112,130,150,150,224,224,224,237,237,251,251,268,268,282,282,386,386,401,316,316,334,347,347,365,365,365,375,375,392,392,392,392,493,493,513,119,131,141,141,141,152,164,164,79,92,0,13,13,13,13],"floor_reached":51,"playtime":2994,"items_purged":["Strike_B"],"score":824,"play_id":"a31b38c4-7f75-47d9-84ed-87135f1eb5c6","local_time":"20190103092241","is_ascension_mode":true,"campfire_choices":[{"data":"Zap","floor":6.0,"key":"SMITH"},{"floor":13.0,"key":"REST"},{"data":"Barrage","floor":15.0,"key":"SMITH"},{"data":"Glacier","floor":23.0,"key":"SMITH"},{"data":"Auto Shields","floor":25.0,"key":"SMITH"},{"floor":32,"key":"REST"},{"data":"Enlightenment","floor":40,"key":"SMITH"},{"data":"Blind","floor":49,"key":"SMITH"}],"neow_cost":"NONE","seed_source_timestamp":117340449429668,"circlet_count":0,"master_deck":["Strike_B+1","Defend_B","Defend_B","Zap+1","Dualcast+1","Rebound+1","Static Discharge","Go for the Eyes+1","Conserve Battery+1","Barrage+1","Glacier","Glacier+1","Echo Form+1","Doom and Gloom+1","Storm+1","Defragment+1","Hologram","Ghostly","Ghostly","Ghostly","Ghostly","Ghostly+1","Auto Shields+1","Leap","Sweeping Beam+1","Double Energy","Machine Learning+1","Blizzard","Stack+1","Enlightenment+1","Barrage+1","Self Repair+1","Blind+1"],"special_seed":0,"relics":["Cracked Core","Frozen Egg 2","Whetstone","Astrolabe","FossilizedHelix","War Paint","Kunai","Philosopher\u0027s Stone","Bottled Lightning","Bag of Preparation","Red Mask"],"potions_floor_usage":[33,33,50,50,50],"damage_taken":[{"damage":0.0,"enemies":"Small Slimes","floor":1.0,"turns":2.0},{"damage":4.0,"enemies":"Jaw Worm","floor":2.0,"turns":3.0},{"damage":7.0,"enemies":"2 Louse","floor":3.0,"turns":3.0},{"damage":19.0,"enemies":"Large Slime","floor":8.0,"turns":5.0},{"damage":9.0,"enemies":"Red Slaver","floor":10.0,"turns":3.0},{"damage":7.0,"enemies":"3 Louse","floor":12.0,"turns":2.0},{"damage":0.0,"enemies":"Blue Slaver","floor":14.0,"turns":3.0},{"damage":13.0,"enemies":"The Guardian","floor":16.0,"turns":15.0},{"damage":6.0,"enemies":"3 Byrds","floor":18.0,"turns":5.0},{"damage":1.0,"enemies":"Chosen","floor":21.0,"turns":3.0},{"damage":0.0,"enemies":"Centurion and Healer","floor":22.0,"turns":7.0},{"damage":10.0,"enemies":"3 Cultists","floor":24.0,"turns":6.0},{"damage":5.0,"enemies":"Snake Plant","floor":27.0,"turns":5.0},{"damage":17.0,"enemies":"Cultist and Chosen","floor":29.0,"turns":8.0},{"damage":25,"enemies":"Collector","floor":33,"turns":11},{"damage":0,"enemies":"3 Shapes","floor":35,"turns":6},{"damage":0,"enemies":"Orb Walker","floor":37,"turns":4},{"damage":4,"enemies":"Sphere and 2 Shapes","floor":38,"turns":4},{"damage":1,"enemies":"Spire Growth","floor":41,"turns":7},{"damage":19,"enemies":"3 Darklings","floor":42,"turns":6},{"damage":0,"enemies":"Maw","floor":45,"turns":9},{"damage":5,"enemies":"Spire Growth","floor":47,"turns":6},{"damage":31,"enemies":"Donu and Deca","floor":50,"turns":16}],"seed_played":"-6217421563879618549","potions_obtained":[{"floor":0.0,"key":"Dexterity Potion"},{"floor":0.0,"key":"Strength Potion"},{"floor":2.0,"key":"Poison Potion"},{"floor":18.0,"key":"EssenceOfSteel"},{"floor":22.0,"key":"SteroidPotion"},{"floor":35,"key":"EssenceOfSteel"},{"floor":38,"key":"SpeedPotion"},{"floor":47,"key":"Regen Potion"}],"is_trial":false,"path_per_floor":["M","M","M","?","?","R","?","M","T","M","?","M","R","M","R","B",null,"M","?","?","M","M","R","M","R","T","M","T","M","?","?","R","B",null,"M","$","M","M","?","R","M","M","T","$","M","?","M","$","R","B",null],"character_chosen":"DEFECT","items_purchased":["Blizzard","Bottled Lightning","Blind"],"campfire_rested":2,"item_purchase_floors":[36,36,44],"current_hp_per_floor":[68,64,57,42,42,42,42,23,23,14,14,7,29,29,29,16,60,54,54,37,36,36,36,26,26,26,21,21,4,16,16,27,2,28,28,28,28,24,24,24,23,4,4,4,24,24,29,29,29,22],"gold":13,"neow_bonus":"THREE_SMALL_POTIONS","is_prod":false,"is_daily":false,"chose_seed":false,"campfire_upgraded":6,"win_rate":0,"timestamp":1546474961,"path_taken":["M","M","M","?","?","R","?","M","T","M","?","M","R","M","R","BOSS","M","?","?","M","M","R","M","R","T","M","?","?","?","?","R","BOSS","M","?","M","M","?","R","M","M","T","$","M","?","M","$","R","BOSS"],"build_version":"2018-12-20","purchased_purges":1,"victory":true,"max_hp_per_floor":[75,75,75,75,75,75,75,75,75,75,75,75,75,75,75,75,75,75,75,37,37,37,37,37,37,37,37,37,37,37,37,37,37,37,37,37,37,37,37,37,37,37,37,37,37,37,37,37,37,37],"card_choices":[{"not_picked":["Hologram","Cold Snap"],"picked":"Rebound","floor":1.0},{"not_picked":["Cold Snap","Reprogram"],"picked":"Static Discharge","floor":2.0},{"not_picked":["Darkness","Redo"],"picked":"Go for the Eyes","floor":3.0},{"not_picked":["Ball Lightning","Coolheaded"],"picked":"Conserve Battery","floor":8.0},{"not_picked":["Compile Driver","Go for the Eyes"],"picked":"Barrage","floor":10.0},{"not_picked":["Tempest","Lockon"],"picked":"Glacier","floor":12.0},{"not_picked":["Cold Snap","Turbo"],"picked":"Glacier","floor":14.0},{"not_picked":["Buffer+1","Biased Cognition+1"],"picked":"Echo Form+1","floor":16.0},{"not_picked":["Streamline","Gash+1"],"picked":"Hologram","floor":18.0},{"not_picked":["Steam+1","Coolheaded"],"picked":"Auto Shields","floor":21.0},{"not_picked":["Reboot","Steam","FTL"],"picked":"SKIP","floor":22.0},{"not_picked":["Skim","Consume"],"picked":"Leap","floor":24.0},{"not_picked":["Redo","Leap","Skim"],"picked":"SKIP","floor":27.0},{"not_picked":["Force Field+1","Steam+1"],"picked":"Sweeping Beam+1","floor":29.0},{"not_picked":["Hyperbeam","Biased Cognition+1"],"picked":"Machine Learning+1","floor":33},{"not_picked":["Conserve Battery","Coolheaded","Go for the Eyes"],"picked":"SKIP","floor":35},{"not_picked":["Rebound","Steam","BootSequence+1"],"picked":"SKIP","floor":37},{"not_picked":["Compile Driver+1","Gash+1"],"picked":"Stack+1","floor":38},{"not_picked":["PanicButton","Panacea"],"picked":"Enlightenment","floor":39},{"not_picked":["Streamline+1","Storm+1"],"picked":"Barrage+1","floor":41},{"not_picked":["Rebound","Reboot"],"picked":"Self Repair+1","floor":42},{"not_picked":["Rebound","Ball Lightning","Compile Driver+1"],"picked":"SKIP","floor":45},{"not_picked":["Tempest","Beam Cell+1","FTL+1"],"picked":"SKIP","floor":47}],"player_experience":318200,"relics_obtained":[{"floor":9.0,"key":"Whetstone"},{"floor":26.0,"key":"War Paint"},{"floor":28.0,"key":"Kunai"},{"floor":43,"key":"Bag of Preparation"}],"event_choices":[{"damage_healed":0.0,"max_hp_gain":0.0,"max_hp_loss":0.0,"gold_gain":0.0,"event_name":"Shining Light","player_choice":"Entered Light","floor":4.0,"gold_loss":0.0,"damage_taken":15.0,"cards_upgraded":["Dualcast","Rebound"]},{"damage_healed":0.0,"max_hp_gain":0.0,"max_hp_loss":0.0,"gold_gain":74.0,"event_name":"Golden Wing","player_choice":"Gained Gold","floor":5.0,"gold_loss":0.0,"damage_taken":0.0},{"damage_healed":0.0,"max_hp_gain":0.0,"max_hp_loss":0.0,"gold_gain":0.0,"event_name":"Dead Adventurer","player_choice":"Searched \u00272\u0027 times","floor":7.0,"gold_loss":0.0,"damage_taken":0.0,"relics_obtained":["Frozen Egg 2"]},{"cards_removed":["Strike_B"],"damage_healed":0.0,"max_hp_gain":0.0,"max_hp_loss":0.0,"gold_gain":0.0,"event_name":"Bonfire Elementals","player_choice":"Offered Basic","floor":11.0,"gold_loss":0.0,"damage_taken":0.0},{"damage_healed":0.0,"max_hp_gain":0.0,"max_hp_loss":0.0,"gold_gain":0.0,"event_name":"Addict","player_choice":"Obtained Relic","floor":19.0,"gold_loss":85.0,"damage_taken":0.0,"relics_obtained":["FossilizedHelix"]},{"damage_healed":0.0,"max_hp_gain":0.0,"max_hp_loss":38.0,"gold_gain":0.0,"event_name":"Ghosts","player_choice":"Became a Ghost","floor":20.0,"gold_loss":0.0,"damage_taken":0.0,"cards_obtained":["Ghostly","Ghostly","Ghostly","Ghostly","Ghostly"]},{"damage_healed":12.0,"max_hp_gain":0.0,"max_hp_loss":0.0,"gold_gain":0.0,"event_name":"The Library","player_choice":"Heal","floor":30.0,"gold_loss":0.0,"damage_taken":0.0},{"damage_healed":0,"gold_gain":0,"player_choice":"1 cards matched","damage_taken":0,"max_hp_gain":0,"max_hp_loss":0,"event_name":"Match and Keep!","floor":31,"gold_loss":0,"cards_obtained":["Double Energy"]},{"damage_healed":0,"gold_gain":0,"player_choice":"Memory 1","damage_taken":0,"max_hp_gain":0,"max_hp_loss":0,"event_name":"SensoryStone","floor":39,"gold_loss":0},{"damage_healed":0,"gold_gain":0,"player_choice":"Paid","damage_taken":0,"relics_obtained":["Red Mask"],"max_hp_gain":0,"max_hp_loss":0,"event_name":"Tomb of Lord Red Mask","floor":46,"gold_loss":92}],"is_beta":false,"boss_relics":[{"not_picked":["Coffee Dripper","Calling Bell"],"picked":"Astrolabe"},{"not_picked":["Eternal Feather","Inserter"],"picked":"Philosopher\u0027s Stone"}],"items_purged_floors":[36],"is_endless":false,"potions_floor_spawned":[2,10,12,18,22,35,38,45,47],"ascension_level":6}