{"gold_per_floor":[216,235,73,73,23,23,38,38,114,133,133,159,5,31,31,105,105,118,118,118,129,129,129,158,158,158,190,201,60,60,74,74,151,151,168,181,201,214,214,248,248,274,274,285,298,318,318,332,332,332],"floor_reached":51,"playtime":3000,"items_purged":["Strike_B","Defend_B+1"],"score":1452,"play_id":"004aebc4-d7a5-4cb8-8ef9-dd0a91b3e581","local_time":"20190425075038","is_ascension_mode":true,"campfire_choices":[{"data":"Defragment","floor":6.0,"key":"SMITH"},{"data":"Go for the Eyes","floor":8.0,"key":"SMITH"},{"data":"Zap","floor":11.0,"key":"SMITH"},{"data":"Darkness","floor":15,"key":"SMITH"},{"floor":23,"key":"REST"},{"floor":25,"key":"REST"},{"floor":30,"key":"REST"},{"data":"Seek","floor":32,"key":"SMITH"},{"floor":41,"key":"REST"},{"floor":47,"key":"REST"},{"floor":49,"key":"REST"}],"neow_cost":"NONE","seed_source_timestamp":29534798046590,"circlet_count":0,"master_deck":["AscendersBane","Strike_B+1","Strike_B+1","Defend_B+1","Defend_B+1","Defend_B+1","Dualcast","Go for the Eyes+1","Defragment+1","Darkness+1","Rebound","Coolheaded","Ball Lightning","Compile Driver","Cold Snap","Biased Cognition+1","Seek+1","Chill","Conserve Battery","Glacier+1","Go for the Eyes+1","Loop+1","Conserve Battery","Electrodynamics+1","Rebound+1","Go for the Eyes+1","Redo+1","Barrage+1","Cold Snap+1","Conserve Battery+1","Steam","Creative AI+1"],"special_seed":0,"relics":["Cracked Core","Frozen Egg 2","Kunai","Ancient Tea Set","Inserter","Enchiridion","Bag of Marbles","Boot","Molten Egg 2","White Beast Statue","Matryoshka","Pear","Oddly Smooth Stone","Cables"],"potions_floor_usage":[16,21,24,33,35,36,40,40,44,45,50,50],"damage_taken":[{"damage":4.0,"enemies":"Small Slimes","floor":1.0,"turns":4.0},{"damage":2.0,"enemies":"Cultist","floor":2.0,"turns":4.0},{"damage":3.0,"enemies":"Jaw Worm","floor":7.0,"turns":2.0},{"damage":6.0,"enemies":"Exordium Wildlife","floor":10.0,"turns":3.0},{"damage":7.0,"enemies":"Gremlin Nob","floor":12.0,"turns":3.0},{"damage":7,"enemies":"Lagavulin","floor":14,"turns":6},{"damage":1,"enemies":"Hexaghost","floor":16,"turns":7},{"damage":31,"enemies":"3 Byrds","floor":18,"turns":5},{"damage":0,"enemies":"Chosen","floor":21,"turns":6},{"damage":8,"enemies":"Gremlin Leader","floor":24,"turns":8},{"damage":34,"enemies":"Slavers","floor":27,"turns":7},{"damage":0,"enemies":"Snecko","floor":28,"turns":5},{"damage":9,"enemies":"Centurion and Healer","floor":31,"turns":6},{"damage":25,"enemies":"Collector","floor":33,"turns":12},{"damage":0,"enemies":"3 Shapes","floor":35,"turns":3},{"damage":8,"enemies":"Orb Walker","floor":36,"turns":5},{"damage":7,"enemies":"Maw","floor":37,"turns":5},{"damage":1,"enemies":"Spire Growth","floor":38,"turns":5},{"damage":11,"enemies":"Reptomancer","floor":40,"turns":9},{"damage":14,"enemies":"Giant Head","floor":42,"turns":8},{"damage":13,"enemies":"4 Shapes","floor":44,"turns":4},{"damage":10,"enemies":"Sphere and 2 Shapes","floor":45,"turns":6},{"damage":4,"enemies":"Transient","floor":46,"turns":6},{"damage":0,"enemies":"4 Shapes","floor":48,"turns":1},{"damage":62,"enemies":"Donu and Deca","floor":50,"turns":10}],"seed_played":"-7273419130516682070","potions_obtained":[{"floor":1.0,"key":"Block Potion"},{"floor":7.0,"key":"AttackPotion"},{"floor":16,"key":"FocusPotion"},{"floor":27,"key":"LiquidBronze"},{"floor":28,"key":"FocusPotion"},{"floor":33,"key":"LiquidBronze"},{"floor":35,"key":"EssenceOfSteel"},{"floor":36,"key":"Fire Potion"},{"floor":37,"key":"EssenceOfSteel"},{"floor":38,"key":"AttackPotion"},{"floor":40,"key":"Fruit Juice"},{"floor":42,"key":"Ancient Potion"},{"floor":44,"key":"Regen Potion"},{"floor":45,"key":"Strength Potion"}],"is_trial":false,"path_per_floor":["M","M","$","?","$","R","M","R","T","M","R","E","$","E","R","B",null,"M","?","?","M","?","R","E","R","T","E","M","$","R","M","R","B",null,"M","M","M","M","?","E","R","E","T","M","M","M","R","M","R","B",null],"character_chosen":"DEFECT","items_purchased":["Defragment","Darkness","Coolheaded","Regen Potion","Loop+1"],"campfire_rested":6,"item_purchase_floors":[3,3,5,13,29],"current_hp_per_floor":[60,58,58,58,58,58,55,55,55,49,49,42,42,35,35,34,62,31,31,10,25,25,46,38,59,59,25,25,25,46,37,37,12,56,56,48,41,40,40,34,56,52,52,39,44,40,65,65,86,24],"gold":332,"neow_bonus":"HUNDRED_GOLD","is_prod":false,"is_daily":false,"chose_seed":false,"campfire_upgraded":5,"win_rate":0,"timestamp":1556171438,"path_taken":["M","M","$","?","?","R","M","R","T","M","R","E","$","E","R","BOSS","M","?","?","M","?","R","E","R","T","E","M","$","R","M","R","BOSS","M","M","M","M","?","E","R","E","T","M","M","M","R","M","R","BOSS"],"build_version":"2019-01-23","purchased_purges":2,"victory":true,"max_hp_per_floor":[71,71,71,71,71,71,71,71,71,71,71,71,71,71,71,71,71,71,71,71,71,71,71,71,71,71,71,71,71,71,71,71,71,71,71,71,71,71,71,76,76,86,86,86,86,86,86,86,86,86],"card_choices":[{"not_picked":["Consume","Reprogram"],"picked":"Go for the Eyes","floor":1.0},{"not_picked":["Turbo","Redo","Beam Cell"],"picked":"SKIP","floor":2.0},{"not_picked":["Coolheaded","Beam Cell"],"picked":"Ball Lightning","floor":7.0},{"not_picked":["Coolheaded","Reboot"],"picked":"Compile Driver","floor":10.0},{"not_picked":["Conserve Battery","Chill"],"picked":"Cold Snap","floor":12.0},{"not_picked":["Redo","Streamline"],"picked":"Biased Cognition+1","floor":14},{"not_picked":["Amplify","Fission"],"picked":"Seek","floor":16},{"not_picked":["Ball Lightning","Sweeping Beam"],"picked":"Chill","floor":18},{"not_picked":["Rip and Tear+1","Streamline"],"picked":"Conserve Battery","floor":21},{"not_picked":["Redo+1","Gash+1"],"picked":"Glacier+1","floor":24},{"not_picked":["Double Energy","Chill"],"picked":"Go for the Eyes","floor":27},{"not_picked":["White Noise","Rip and Tear+1","Sunder+1"],"picked":"SKIP","floor":28},{"not_picked":["White Noise","Streamline+1"],"picked":"Conserve Battery","floor":31},{"not_picked":["Echo Form+1","Buffer+1"],"picked":"Electrodynamics+1","floor":33},{"not_picked":["Recycle","Gash+1"],"picked":"Rebound+1","floor":35},{"not_picked":["Streamline+1","Reinforced Body"],"picked":"Go for the Eyes+1","floor":36},{"not_picked":["Leap","Undo"],"picked":"Redo+1","floor":37},{"not_picked":["Redo","Go for the Eyes+1","Gash+1"],"picked":"SKIP","floor":38},{"not_picked":["Reboot","Steam"],"picked":"Barrage+1","floor":40},{"not_picked":["Reprogram","Sweeping Beam+1"],"picked":"Cold Snap+1","floor":42},{"not_picked":["Blizzard+1","Beam Cell+1"],"picked":"Conserve Battery+1","floor":44},{"not_picked":["Self Repair+1","Reinforced Body+1"],"picked":"Steam","floor":45},{"not_picked":["Rebound+1","Gash+1","Chaos+1"],"picked":"SKIP","floor":46},{"not_picked":["Heatsinks+1","Lockon+1"],"picked":"Creative AI+1","floor":48}],"player_experience":710831,"relics_obtained":[{"floor":9.0,"key":"Frozen Egg 2"},{"floor":12.0,"key":"Kunai"},{"floor":14,"key":"Ancient Tea Set"},{"floor":20,"key":"Enchiridion"},{"floor":24,"key":"Bag of Marbles"},{"floor":26,"key":"Boot"},{"floor":27,"key":"Molten Egg 2"},{"floor":40,"key":"Matryoshka"},{"floor":42,"key":"Pear"},{"floor":43,"key":"Oddly Smooth Stone"},{"floor":43,"key":"Cables"}],"event_choices":[{"damage_healed":0.0,"max_hp_gain":0.0,"max_hp_loss":0.0,"gold_gain":0.0,"cards_transformed":["Strike_B"],"event_name":"Transmorgrifier","player_choice":"Transformed","floor":4.0,"gold_loss":0.0,"damage_taken":0.0,"cards_obtained":["Rebound"]},{"damage_healed":0,"gold_gain":0,"player_choice":"Simplicity","damage_taken":0,"max_hp_gain":0,"max_hp_loss":0,"event_name":"Back to Basics","floor":19,"gold_loss":0,"cards_upgraded":["Strike_B","Strike_B","Defend_B","Defend_B","Defend_B","Defend_B"]},{"damage_healed":0,"gold_gain":0,"player_choice":"Obtained Book","damage_taken":21,"max_hp_gain":0,"max_hp_loss":0,"event_name":"Cursed Tome","floor":20,"gold_loss":0},{"damage_healed":0,"gold_gain":0,"player_choice":"Ignored","damage_taken":0,"max_hp_gain":0,"max_hp_loss":0,"event_name":"The Mausoleum","floor":22,"gold_loss":0},{"cards_removed":["Zap"],"damage_healed":0,"gold_gain":0,"player_choice":"Removed Skill","damage_taken":0,"max_hp_gain":0,"max_hp_loss":0,"event_name":"Falling","floor":39,"gold_loss":0}],"is_beta":false,"boss_relics":[{"not_picked":["Ectoplasm","Pandora\u0027s Box"],"picked":"Inserter"},{"not_picked":["Empty Cage","Lizard Tail"],"picked":"White Beast Statue"}],"items_purged_floors":[13,29],"is_endless":false,"potions_floor_spawned":[1,7,14,16,27,28,33,35,36,37,38,40,42,44,45,46,48],"ascension_level":19}