{"gold_per_floor":[209,209,209,484,40,73,86,86,113,146,46,61,84,98,98,217,217,231,16,30,30,0,0,31,31,84,127,147,72,92,15,15,15],"floor_reached":33,"playtime":1497,"items_purged":["Regret","Strike_G","Strike_G"],"score":440,"play_id":"b351e4fe-93fa-4ba0-9bf9-fcba9b9c53a3","local_time":"20190327211711","is_ascension_mode":true,"campfire_choices":[{"data":"Neutralize","floor":8,"key":"SMITH"},{"data":"Poisoned Stab","floor":15,"key":"SMITH"},{"data":"Bandage Up","floor":23,"key":"SMITH"},{"floor":25,"key":"REST"},{"floor":32,"key":"REST"}],"neow_cost":"NONE","seed_source_timestamp":256734038072858,"circlet_count":0,"master_deck":["AscendersBane","Defend_G+1","Defend_G+1","Defend_G+1","Defend_G+1","Defend_G+1","Strike_G+1","Strike_G+1","Survivor","Neutralize+1","Backstab","Poisoned Stab","Dagger Spray","Poisoned Stab+1","Bullet Time","Crippling Poison","Deflect","Deflect","Deflect","Crippling Poison","Bandage Up+1","Burst","Noxious Fumes","Footwork"],"relics":["Ring of the Snake","Golden Idol","Blood Vial","TwistedFunnel","Snake Skull","Orichalcum","Ancient Tea Set","Gremlin Horn","Orrery","Bag of Preparation","Strawberry","Omamori"],"potions_floor_usage":[6,16,24,33],"damage_taken":[{"damage":2,"enemies":"Cultist","floor":1,"turns":4},{"damage":22,"enemies":"Gremlin Nob","floor":6,"turns":4},{"damage":0,"enemies":"Small Slimes","floor":7,"turns":2},{"damage":14,"enemies":"3 Sentries","floor":10,"turns":10},{"damage":0,"enemies":"2 Louse","floor":12,"turns":1},{"damage":0,"enemies":"Lots of Slimes","floor":13,"turns":2},{"damage":0,"enemies":"Gremlin Gang","floor":14,"turns":1},{"damage":10,"enemies":"Hexaghost","floor":16,"turns":7},{"damage":10,"enemies":"3 Byrds","floor":18,"turns":4},{"damage":0,"enemies":"Chosen","floor":20,"turns":3},{"damage":23,"enemies":"Gremlin Leader","floor":24,"turns":7},{"damage":21,"enemies":"Book of Stabbing","floor":27,"turns":5},{"damage":12,"enemies":"Snecko","floor":28,"turns":4},{"damage":21,"enemies":"Snake Plant","floor":30,"turns":5},{"damage":73,"enemies":"Automaton","floor":33,"turns":8}],"seed_played":"1649874753725136287","potions_obtained":[{"floor":1,"key":"Poison Potion"},{"floor":10,"key":"SteroidPotion"},{"floor":13,"key":"LiquidBronze"},{"floor":20,"key":"EssenceOfSteel"},{"floor":27,"key":"Energy Potion"}],"is_trial":false,"path_per_floor":["M","?","?","?","$","E","M","R","T","E","$","M","M","M","R","B",null,"M","$","M","?","?","R","E","R","T","E","M","?","M","$","R","B"],"character_chosen":"THE_SILENT","items_purchased":["TwistedFunnel","Snake Skull","Poisoned Stab","Bandage Up","Footwork"],"campfire_rested":2,"item_purchase_floors":[5,5,5,19,31],"current_hp_per_floor":[61,61,58,58,58,38,40,40,40,28,28,30,32,34,34,26,55,47,47,53,53,53,53,38,57,64,51,47,47,34,34,55,0],"gold":15,"neow_bonus":"HUNDRED_GOLD","is_prod":false,"is_daily":false,"chose_seed":false,"campfire_upgraded":3,"win_rate":0,"timestamp":1553717831,"path_taken":["M","?","?","?","$","E","M","R","T","E","$","M","?","?","R","BOSS","M","$","M","?","?","R","E","R","T","E","M","?","M","?","R","BOSS"],"build_version":"2019-01-23","purchased_purges":3,"victory":false,"max_hp_per_floor":[70,65,65,65,65,65,65,65,65,65,65,65,65,65,65,65,65,65,65,65,65,65,65,65,65,72,72,72,72,72,72,72,72],"card_choices":[{"not_picked":["Leg Sweep","Dagger Spray"],"picked":"Backstab","floor":1},{"not_picked":["Endless Agony","Caltrops"],"picked":"Dagger Spray","floor":6},{"not_picked":["Flying Knee","Acrobatics","Dagger Spray"],"picked":"SKIP","floor":7},{"not_picked":["Prepared","Endless Agony","Flying Knee"],"picked":"SKIP","floor":10},{"not_picked":["Bane","Deflect"],"picked":"Poisoned Stab","floor":12},{"not_picked":["PiercingWail","Blade Dance","Sucker Punch"],"picked":"SKIP","floor":13},{"not_picked":["Prepared","Masterful Stab","PiercingWail"],"picked":"SKIP","floor":14},{"not_picked":["Night Terror","Doppelganger"],"picked":"Bullet Time","floor":16},{"not_picked":["Blade Dance","Deadly Poison"],"picked":"Crippling Poison","floor":17},{"not_picked":["Dagger Throw","Riddle With Holes"],"picked":"Deflect","floor":17},{"not_picked":["Sucker Punch","Predator"],"picked":"Deflect","floor":17},{"not_picked":["Deadly Poison","Underhanded Strike"],"picked":"Deflect","floor":17},{"not_picked":["Slice","Bane"],"picked":"Crippling Poison","floor":18},{"not_picked":["Flechettes","All Out Attack+1","Dagger Spray"],"picked":"SKIP","floor":20},{"not_picked":["Poisoned Stab","Slice"],"picked":"Burst","floor":24},{"not_picked":["Masterful Stab","Well Laid Plans"],"picked":"Noxious Fumes","floor":27},{"not_picked":["Flying Knee","Heel Hook","Choke"],"picked":"SKIP","floor":28},{"not_picked":["Flechettes","Tactician","Blade Dance"],"picked":"SKIP","floor":30}],"player_experience":385271,"relics_obtained":[{"floor":6,"key":"Orichalcum"},{"floor":9,"key":"Ancient Tea Set"},{"floor":10,"key":"Gremlin Horn"},{"floor":24,"key":"Bag of Preparation"},{"floor":26,"key":"Strawberry"},{"floor":27,"key":"Omamori"}],"event_choices":[{"damage_healed":0,"gold_gain":0,"player_choice":"Lose Max HP","damage_taken":0,"relics_obtained":["Golden Idol"],"max_hp_gain":0,"max_hp_loss":5,"event_name":"Golden Idol","floor":2,"gold_loss":0},{"damage_healed":0,"gold_gain":0,"player_choice":"Success","damage_taken":3,"relics_obtained":["Blood Vial"],"max_hp_gain":0,"max_hp_loss":0,"event_name":"Scrap Ooze","floor":3,"gold_loss":0},{"damage_healed":0,"gold_gain":275,"player_choice":"Desecrate","damage_taken":0,"max_hp_gain":0,"max_hp_loss":0,"event_name":"Golden Shrine","floor":4,"gold_loss":0,"cards_obtained":["Regret"]},{"damage_healed":0,"gold_gain":0,"player_choice":"Simplicity","damage_taken":0,"max_hp_gain":0,"max_hp_loss":0,"event_name":"Back to Basics","floor":21,"gold_loss":0,"cards_upgraded":["Defend_G","Defend_G","Defend_G","Defend_G","Defend_G","Strike_G","Strike_G","Strike_G"]},{"damage_healed":0,"gold_gain":0,"player_choice":"Paid Fearfully","damage_taken":0,"max_hp_gain":0,"max_hp_loss":0,"event_name":"Masked Bandits","floor":22,"gold_loss":30},{"cards_removed":["Strike_G"],"damage_healed":0,"gold_gain":0,"player_choice":"Gave Gold","damage_taken":0,"max_hp_gain":0,"max_hp_loss":0,"event_name":"Beggar","floor":29,"gold_loss":75}],"is_beta":false,"boss_relics":[{"not_picked":["Snecko Eye","Runic Dome"],"picked":"Orrery"}],"items_purged_floors":[5,11,19],"is_endless":false,"potions_floor_spawned":[1,10,13,20,27],"killed_by":"Automaton","ascension_level":10}