{"gold_per_floor":[15,15,28,48,48,48,83,83,83,97,113,113,13,13,13,13],"floor_reached":16,"playtime":551,"items_purged":["Strike_B"],"score":102,"play_id":"755d8e02-3c4c-4dd3-923f-279ce9127138","local_time":"20190407081542","is_ascension_mode":false,"campfire_choices":[{"data":"Hologram","floor":6,"key":"SMITH"},{"data":"Buffer","floor":8,"key":"SMITH"},{"floor":15,"key":"REST"}],"neow_cost":"NO_GOLD","seed_source_timestamp":123428663544104,"circlet_count":0,"master_deck":["Strike_B","Strike_B","Defend_B","Defend_B","Defend_B","Zap+1","Dualcast","Go for the Eyes","Hologram+1","Buffer+1","Glacier","Leap"],"relics":["Cracked Core","Golden Idol","Cables"],"potions_floor_usage":[14],"damage_taken":[{"damage":0,"enemies":"2 Louse","floor":1,"turns":1},{"damage":0,"enemies":"Cultist","floor":3,"turns":3},{"damage":12,"enemies":"Jaw Worm","floor":4,"turns":4},{"damage":44,"enemies":"Gremlin Nob","floor":7,"turns":4},{"damage":0,"enemies":"Red Slaver","floor":10,"turns":3},{"damage":0,"enemies":"Exordium Wildlife","floor":11,"turns":3},{"damage":0,"enemies":"Lots of Slimes","floor":14,"turns":1},{"damage":33,"enemies":"Slime Boss","floor":16,"turns":16}],"seed_played":"-1807383749071669880","potions_obtained":[{"floor":3,"key":"SmokeBomb"}],"is_trial":false,"path_per_floor":["M","?","M","M","?","R","E","R","T","M","M","?","$","M","R","B"],"character_chosen":"DEFECT","items_purchased":["Leap"],"campfire_rested":1,"item_purchase_floors":[13],"current_hp_per_floor":[75,69,69,57,57,57,13,13,13,13,13,13,13,13,33,0],"gold":13,"neow_bonus":"REMOVE_TWO","is_prod":false,"is_daily":false,"chose_seed":false,"campfire_upgraded":2,"win_rate":0,"timestamp":1554617742,"path_taken":["M","?","M","M","?","R","E","R","T","M","?","?","$","M","R","BOSS"],"build_version":"2019-01-23","purchased_purges":1,"victory":false,"max_hp_per_floor":[75,69,69,69,69,69,69,69,69,69,69,69,69,69,69,69],"card_choices":[{"not_picked":["Stack","Compile Driver"],"picked":"Go for the Eyes","floor":1},{"not_picked":["Auto Shields","Beam Cell","Doom and Gloom"],"picked":"SKIP","floor":3},{"not_picked":["Auto Shields","Beam Cell","Doom and Gloom"],"picked":"SKIP","floor":3},{"not_picked":["Consume","Static Discharge"],"picked":"Hologram","floor":4},{"not_picked":["Reinforced Body","Rebound"],"picked":"Buffer","floor":7},{"not_picked":["Beam Cell","Stack","Rip and Tear"],"picked":"SKIP","floor":10},{"not_picked":["Storm","Cold Snap"],"picked":"Glacier","floor":11}],"player_experience":447627,"relics_obtained":[{"floor":7,"key":"Cables"}],"event_choices":[{"damage_healed":0,"gold_gain":0,"player_choice":"Lose Max HP","damage_taken":0,"relics_obtained":["Golden Idol"],"max_hp_gain":0,"max_hp_loss":6,"event_name":"Golden Idol","floor":2,"gold_loss":0},{"damage_healed":0,"gold_gain":0,"player_choice":"Forge","damage_taken":0,"max_hp_gain":0,"max_hp_loss":0,"event_name":"Accursed Blacksmith","floor":5,"gold_loss":0,"cards_upgraded":["Zap"]},{"damage_healed":0,"gold_gain":0,"player_choice":"Fled","damage_taken":0,"max_hp_gain":0,"max_hp_loss":0,"event_name":"Scrap Ooze","floor":12,"gold_loss":0}],"is_beta":false,"boss_relics":[],"items_purged_floors":[13],"is_endless":false,"potions_floor_spawned":[3,14],"killed_by":"Slime Boss","ascension_level":0}