{"gold_per_floor":[365,2,2,17,17,17,45,45,45,45,78,92,92,104,104,181,181,198,33,33,333,347,347,357,372,372,399,399,399],"floor_reached":29,"playtime":1302,"items_purged":["Strike_G"],"score":502,"play_id":"0a5dc1d0-c032-4dc6-bbd1-a1eda061d7d3","local_time":"20190322171543","is_ascension_mode":true,"campfire_choices":[{"floor":6,"key":"REST"},{"data":"Backflip","floor":8,"key":"SMITH"},{"floor":10,"key":"REST"},{"floor":15,"key":"REST"},{"floor":23,"key":"REST"},{"floor":28,"key":"REST"}],"neow_cost":"PERCENT_DAMAGE","seed_source_timestamp":310854937367017,"circlet_count":0,"master_deck":["AscendersBane","Defend_G","Defend_G","Defend_G","Defend_G","Defend_G","Strike_G","Strike_G+1","Strike_G","Survivor","Neutralize","Blade Dance","Noxious Fumes+1","Deadly Poison","Backflip+1","Poisoned Stab+1","PiercingWail","Corpse Explosion","Escape Plan","Flash of Steel","Calculated Gamble+1","Dodge and Roll"],"relics":["Ring of the Snake","Pantograph","Orichalcum","Sundial","Pocketwatch","Eternal Feather","Enchiridion","Old Coin","Whetstone","Matryoshka"],"potions_floor_usage":[7,11,27,27],"damage_taken":[{"damage":1,"enemies":"Jaw Worm","floor":1,"turns":5},{"damage":1,"enemies":"Cultist","floor":4,"turns":4},{"damage":23,"enemies":"Lagavulin","floor":7,"turns":6},{"damage":34,"enemies":"Gremlin Nob","floor":11,"turns":6},{"damage":0,"enemies":"2 Louse","floor":12,"turns":3},{"damage":0,"enemies":"Blue Slaver","floor":14,"turns":5},{"damage":21,"enemies":"The Guardian","floor":16,"turns":9},{"damage":5,"enemies":"Chosen","floor":18,"turns":5},{"damage":9,"enemies":"3 Byrds","floor":22,"turns":3},{"damage":16,"enemies":"Snake Plant","floor":24,"turns":6},{"damage":15,"enemies":"Cultist and Chosen","floor":25,"turns":5},{"damage":17,"enemies":"Slavers","floor":27,"turns":6},{"damage":43,"enemies":"Chosen and Byrds","floor":29,"turns":6}],"seed_played":"8671070655350163195","potions_obtained":[{"floor":4,"key":"Energy Potion"},{"floor":5,"key":"Dexterity Potion"},{"floor":16,"key":"Explosive Potion"},{"floor":18,"key":"Swift Potion"},{"floor":22,"key":"SteroidPotion"}],"is_trial":false,"path_per_floor":["M","$","?","M","?","R","E","R","T","R","E","M","?","M","R","B",null,"M","$","?","?","M","R","M","M","T","E","R","M"],"character_chosen":"THE_SILENT","items_purchased":["Noxious Fumes","Deadly Poison","Pantograph","Flash of Steel"],"campfire_rested":5,"item_purchase_floors":[2,2,2,19],"current_hp_per_floor":[43,43,36,35,35,54,31,31,31,50,16,16,16,16,35,39,59,54,54,33,33,24,55,39,24,24,7,38,0],"gold":399,"neow_bonus":"TWO_FIFTY_GOLD","is_prod":false,"is_daily":false,"chose_seed":false,"campfire_upgraded":1,"win_rate":0,"timestamp":1553242543,"path_taken":["M","$","?","M","?","R","E","R","T","R","E","?","?","M","R","BOSS","M","$","?","?","M","R","M","?","T","E","R","M"],"build_version":"2019-01-23","purchased_purges":1,"victory":false,"max_hp_per_floor":[66,66,66,66,66,66,66,66,66,66,66,66,66,66,66,66,66,66,66,66,66,66,66,66,66,66,66,66,66],"card_choices":[{"not_picked":["Dagger Throw","Endless Agony"],"picked":"Blade Dance","floor":1},{"not_picked":["Bouncing Flask","Eviscerate"],"picked":"Backflip","floor":4},{"not_picked":["Flying Knee","Prepared","Slice"],"picked":"SKIP","floor":7},{"not_picked":["Sucker Punch","Quick Slash"],"picked":"Poisoned Stab","floor":11},{"not_picked":["Accuracy","Finisher","Quick Slash"],"picked":"SKIP","floor":12},{"not_picked":["Setup","Outmaneuver"],"picked":"PiercingWail","floor":14},{"not_picked":["Doppelganger","Bullet Time"],"picked":"Corpse Explosion","floor":16},{"not_picked":["Deflect","Dodge and Roll"],"picked":"Escape Plan","floor":18},{"not_picked":["Well Laid Plans","Deflect"],"picked":"Calculated Gamble+1","floor":22},{"not_picked":["Dagger Throw","Blade Dance","Sucker Punch"],"picked":"SKIP","floor":24},{"not_picked":["Poisoned Stab","Accuracy","Sucker Punch"],"picked":"SKIP","floor":25},{"not_picked":["Calculated Gamble","Outmaneuver"],"picked":"Dodge and Roll","floor":27}],"player_experience":770235,"relics_obtained":[{"floor":7,"key":"Orichalcum"},{"floor":9,"key":"Sundial"},{"floor":11,"key":"Pocketwatch"},{"floor":20,"key":"Enchiridion"},{"floor":26,"key":"Whetstone"},{"floor":27,"key":"Matryoshka"}],"event_choices":[{"cards_removed":["Strike_G"],"damage_healed":0,"gold_gain":0,"player_choice":"Card Removal","damage_taken":7,"max_hp_gain":0,"max_hp_loss":0,"event_name":"Golden Wing","floor":3,"gold_loss":0},{"damage_healed":0,"gold_gain":0,"player_choice":"Got Potions","damage_taken":0,"max_hp_gain":0,"max_hp_loss":0,"event_name":"Lab","floor":5,"gold_loss":0},{"damage_healed":0,"gold_gain":0,"player_choice":"Grow","damage_taken":0,"max_hp_gain":0,"max_hp_loss":0,"event_name":"Living Wall","floor":13,"gold_loss":0,"cards_upgraded":["Noxious Fumes"]},{"damage_healed":0,"gold_gain":0,"player_choice":"Obtained Book","damage_taken":21,"max_hp_gain":0,"max_hp_loss":0,"event_name":"Cursed Tome","floor":20,"gold_loss":0},{"damage_healed":0,"gold_gain":0,"player_choice":"Gave Potion","damage_taken":0,"relics_obtained":["Old Coin"],"max_hp_gain":0,"max_hp_loss":0,"event_name":"WeMeetAgain","floor":21,"gold_loss":0}],"is_beta":false,"boss_relics":[{"not_picked":["Tiny House","Coffee Dripper"],"picked":"Eternal Feather"}],"items_purged_floors":[19],"is_endless":false,"potions_floor_spawned":[4,16,18,22,24],"killed_by":"Chosen and Byrds","ascension_level":20}