{"gold_per_floor":[110,110,120,120,45,45,70,70,70,103,120,138,152,172,172,249,249,225,236,236,247,263,263,278,278,357,357,357,26,44,44],"floor_reached":31,"playtime":1175,"items_purged":[],"score":548,"play_id":"6fa5c7fb-ce4d-43f5-88cf-611453559b4b","local_time":"20190221044331","is_ascension_mode":true,"campfire_choices":[{"data":"Zap","floor":6,"key":"SMITH"},{"data":"Go for the Eyes","floor":8,"key":"SMITH"},{"data":"Ball Lightning","floor":15,"key":"SMITH"},{"floor":23,"key":"REST"},{"floor":25,"key":"REST"}],"neow_cost":"NONE","seed_source_timestamp":2487019329128031,"circlet_count":0,"master_deck":["AscendersBane","Defend_B","Defend_B","Defend_B","Defend_B","Zap+1","Dualcast","Ball Lightning+1","Cold Snap","Go for the Eyes+1","Double Energy","Glacier","Core Surge","Steam","FTL","Hologram","Doom and Gloom","Streamline","Reinforced Body+1","Gash","BootSequence","Gash","Glacier"],"relics":["Cracked Core","NeowsBlessing","Singing Bowl","Darkstone Periapt","Ornamental Fan","Orrery","Bottled Lightning","Nilry\u0027s Codex","Gremlin Horn"],"potions_floor_usage":[10,13,16,22,31],"damage_taken":[{"damage":0,"enemies":"Small Slimes","floor":1,"turns":1},{"damage":0,"enemies":"Cultist","floor":3,"turns":1},{"damage":0,"enemies":"3 Sentries","floor":7,"turns":1},{"damage":27,"enemies":"Gremlin Nob","floor":10,"turns":4},{"damage":2,"enemies":"Jaw Worm","floor":11,"turns":2},{"damage":10,"enemies":"Exordium Wildlife","floor":12,"turns":3},{"damage":0,"enemies":"Gremlin Gang","floor":13,"turns":3},{"damage":1,"enemies":"3 Louse","floor":14,"turns":2},{"damage":29,"enemies":"The Guardian","floor":16,"turns":15},{"damage":15,"enemies":"2 Thieves","floor":18,"turns":4},{"damage":10,"enemies":"Chosen","floor":19,"turns":4},{"damage":14,"enemies":"Snake Plant","floor":21,"turns":4},{"damage":25,"enemies":"Shelled Parasite and Fungi","floor":22,"turns":6},{"damage":19,"enemies":"Snecko","floor":24,"turns":9},{"damage":1,"enemies":"Centurion and Healer","floor":30,"turns":7},{"damage":26,"enemies":"Cultist and Chosen","floor":31,"turns":4}],"seed_played":"3055886014120603278","potions_obtained":[{"floor":3,"key":"FearPotion"},{"floor":11,"key":"Explosive Potion"},{"floor":13,"key":"Weak Potion"},{"floor":14,"key":"PowerPotion"},{"floor":21,"key":"Energy Potion"},{"floor":22,"key":"LiquidBronze"}],"is_trial":false,"path_per_floor":["M","?","M","?","?","R","E","R","T","E","M","M","M","M","R","B",null,"M","M","?","M","M","R","M","R","T","?","?","$","M","M"],"character_chosen":"DEFECT","items_purchased":["Gremlin Horn","Gash"],"campfire_rested":2,"item_purchase_floors":[29,29],"current_hp_per_floor":[64,64,64,69,69,69,69,69,69,42,42,34,36,35,35,6,67,52,44,44,30,5,31,12,38,38,17,17,17,16,0],"gold":44,"neow_bonus":"THREE_ENEMY_KILL","is_prod":false,"is_daily":false,"chose_seed":false,"campfire_upgraded":3,"win_rate":0,"timestamp":1550691811,"path_taken":["M","?","?","?","?","R","E","R","T","E","M","?","M","M","R","BOSS","M","M","?","M","?","R","M","R","T","?","?","$","M","M"],"build_version":"2019-01-23","purchased_purges":0,"victory":false,"max_hp_per_floor":[71,71,71,76,76,76,76,76,76,76,78,80,82,82,82,82,86,86,88,88,88,88,88,88,88,88,88,88,88,88,88],"card_choices":[{"not_picked":["Cold Snap","Stack"],"picked":"Ball Lightning","floor":1},{"not_picked":["Barrage","Blizzard"],"picked":"Cold Snap","floor":3},{"not_picked":["Loop","Cold Snap"],"picked":"Go for the Eyes","floor":7},{"not_picked":["Blizzard","Fusion"],"picked":"Double Energy","floor":10},{"not_picked":["Redo","Reprogram","Turbo"],"picked":"Singing Bowl","floor":11},{"not_picked":["Coolheaded","Chill","Gash"],"picked":"Singing Bowl","floor":12},{"not_picked":["Gash","Darkness","Blizzard"],"picked":"Singing Bowl","floor":13},{"not_picked":["Skim","Coolheaded"],"picked":"Glacier","floor":14},{"not_picked":["Creative AI","Thunder Strike"],"picked":"Core Surge","floor":16},{"not_picked":["Fusion","Turbo","Force Field"],"picked":"Singing Bowl","floor":17},{"not_picked":["Hologram","Cold Snap"],"picked":"Steam","floor":17},{"not_picked":["Buffer","Beam Cell","Stack"],"picked":"Singing Bowl","floor":17},{"not_picked":["Undo","Darkness"],"picked":"FTL","floor":17},{"not_picked":["Conserve Battery","Cold Snap"],"picked":"Hologram","floor":17},{"not_picked":["Rebound","Genetic Algorithm"],"picked":"Doom and Gloom","floor":18},{"not_picked":["Rainbow","Hello World","Cold Snap"],"picked":"Singing Bowl","floor":19},{"not_picked":["Sweeping Beam","Static Discharge"],"picked":"Streamline","floor":21},{"not_picked":["Conserve Battery","Steam"],"picked":"FTL","floor":22},{"not_picked":["Cold Snap+1","Ball Lightning"],"picked":"Reinforced Body+1","floor":24},{"not_picked":["Lockon","Turbo"],"picked":"Glacier","floor":30}],"player_experience":574097,"relics_obtained":[{"floor":7,"key":"Singing Bowl"},{"floor":9,"key":"Darkstone Periapt"},{"floor":10,"key":"Ornamental Fan"},{"floor":26,"key":"Bottled Lightning"},{"floor":27,"key":"Nilry\u0027s Codex"}],"event_choices":[{"cards_removed":["Strike_B"],"damage_healed":0,"gold_gain":0,"player_choice":"Card Removal","damage_taken":0,"max_hp_gain":0,"max_hp_loss":0,"event_name":"Wheel of Change","floor":2,"gold_loss":0},{"damage_healed":0,"gold_gain":0,"player_choice":"Donut","damage_taken":0,"max_hp_gain":5,"max_hp_loss":0,"event_name":"Big Fish","floor":4,"gold_loss":0},{"cards_removed":["Strike_B"],"damage_healed":0,"gold_gain":0,"player_choice":"Card Removal","damage_taken":0,"max_hp_gain":0,"max_hp_loss":0,"event_name":"The Cleric","floor":5,"gold_loss":75},{"cards_removed":["Strike_B"],"damage_healed":0,"gold_gain":0,"player_choice":"Purged","damage_taken":0,"max_hp_gain":0,"max_hp_loss":0,"event_name":"Purifier","floor":20,"gold_loss":0},{"damage_healed":0,"gold_gain":0,"player_choice":"Obtained Book","damage_taken":21,"max_hp_gain":0,"max_hp_loss":0,"event_name":"Cursed Tome","floor":27,"gold_loss":0},{"damage_healed":0,"gold_gain":0,"cards_transformed":["Strike_B","FTL"],"player_choice":"Became Test Subject","damage_taken":0,"max_hp_gain":0,"max_hp_loss":0,"event_name":"Drug Dealer","floor":28,"gold_loss":0,"cards_obtained":["Gash","BootSequence"]}],"is_beta":false,"boss_relics":[{"not_picked":["Lizard Tail","Pandora\u0027s Box"],"picked":"Orrery"}],"items_purged_floors":[],"is_endless":false,"potions_floor_spawned":[3,11,13,14,21,22,24],"killed_by":"Cultist and Chosen","ascension_level":20}