{"gold_per_floor":[114,114,132,132,150,150,150,165,165,190,190,2,2,21,21,116,116,129,129,129,87,87,87,120,139,139,139,152,152,152,178,178,252,252,268,268,91,91,106,106,124,141,215,244,31,31,0,12,12,12,12,12,12,12,39,39],"floor_reached":56,"playtime":4558,"items_purged":["Injury"],"score":1801,"play_id":"8bcf04f3-6d19-4c5a-8d25-cddc5ee13676","local_time":"20190414233352","is_ascension_mode":true,"campfire_choices":[{"data":"Poisoned Stab","floor":6.0,"key":"SMITH"},{"data":"Noxious Fumes","floor":13.0,"key":"SMITH"},{"floor":15.0,"key":"REST"},{"data":"Footwork","floor":23.0,"key":"SMITH"},{"floor":27.0,"key":"REST"},{"floor":29.0,"key":"REST"},{"floor":32.0,"key":"REST"},{"data":"Footwork","floor":40.0,"key":"SMITH"},{"floor":46.0,"key":"RECALL"},{"data":"Crippling Poison","floor":49.0,"key":"SMITH"},{"data":"After Image","floor":53.0,"key":"SMITH"}],"neow_cost":"NONE","seed_source_timestamp":1432422023031424,"circlet_count":0,"master_deck":["AscendersBane","Defend_G+1","Defend_G+1","Defend_G+1","Defend_G+1","Defend_G+1","Strike_G+1","Survivor","Neutralize+1","Poisoned Stab+1","Backflip","Predator+1","Footwork+1","Noxious Fumes+1","Dodge and Roll","PiercingWail","Venomology","Tactician+1","Leg Sweep+1","Acrobatics","RitualDagger","Dagger Throw","Sucker Punch+1","Dodge and Roll","PiercingWail","After Image+1","Prepared","Madness","Madness","Escape Plan","Prepared","Footwork+1","Dark Shackles","Crippling Poison+1","Crippling Poison"],"special_seed":0,"relics":["Ring of the Snake","Oddly Smooth Stone","Peace Pipe","Calipers","Bloody Idol","Astrolabe","Art of War","Incense Burner","Letter Opener","Eternal Feather","Whetstone","Lee\u0027s Waffle","Red Mask","Bag of Preparation"],"potions_floor_usage":[56],"damage_taken":[{"damage":0.0,"enemies":"2 Louse","floor":1.0,"turns":3.0},{"damage":0.0,"enemies":"Small Slimes","floor":3.0,"turns":3.0},{"damage":0.0,"enemies":"Cultist","floor":5.0,"turns":4.0},{"damage":0.0,"enemies":"2 Fungi Beasts","floor":8.0,"turns":4.0},{"damage":34.0,"enemies":"3 Sentries","floor":10.0,"turns":15.0},{"damage":11.0,"enemies":"Exordium Wildlife","floor":14.0,"turns":4.0},{"damage":22.0,"enemies":"The Guardian","floor":16.0,"turns":11.0},{"damage":5.0,"enemies":"Spheric Guardian","floor":18.0,"turns":7.0},{"damage":4.0,"enemies":"2 Thieves","floor":21.0,"turns":5.0},{"damage":7.0,"enemies":"Slavers","floor":24.0,"turns":9.0},{"damage":14.0,"enemies":"Chosen and Byrds","floor":25.0,"turns":9.0},{"damage":3.0,"enemies":"Snake Plant","floor":28.0,"turns":8.0},{"damage":18.0,"enemies":"Gremlin Leader","floor":31.0,"turns":10.0},{"damage":17.0,"enemies":"Automaton","floor":33.0,"turns":17.0},{"damage":2.0,"enemies":"3 Shapes","floor":35.0,"turns":6.0},{"damage":8.0,"enemies":"3 Darklings","floor":39.0,"turns":6.0},{"damage":25.0,"enemies":"Sphere and 2 Shapes","floor":41.0,"turns":8.0},{"damage":11.0,"enemies":"Maw","floor":42.0,"turns":11.0},{"damage":25.0,"enemies":"Giant Head","floor":44.0,"turns":14.0},{"damage":3.0,"enemies":"4 Shapes","floor":48.0,"turns":6.0},{"damage":24.0,"enemies":"Awakened One","floor":50.0,"turns":69.0},{"damage":39.0,"enemies":"Donu and Deca","floor":51.0,"turns":18.0},{"damage":62.0,"enemies":"Shield and Spear","floor":55.0,"turns":11.0},{"damage":36,"enemies":"The Heart","floor":56,"turns":6}],"seed_played":"4934432143917321139","potions_obtained":[{"floor":8.0,"key":"Ancient Potion"},{"floor":10.0,"key":"Fire Potion"},{"floor":18.0,"key":"SteroidPotion"},{"floor":25.0,"key":"Poison Potion"},{"floor":48.0,"key":"GhostInAJar"},{"floor":55.0,"key":"LiquidBronze"}],"is_trial":false,"path_per_floor":["M","?","M","?","M","R","?","M","T","E","?","$","R","M","R","B",null,"M","?","?","M","?","R","E","M","T","R","M","R","?","E","R","B",null,"M","?","$","?","M","R","M","M","T","E","$","R","?","M","R","B","B",null,"R","$","E","B"],"character_chosen":"THE_SILENT","items_purchased":["Noxious Fumes","Dodge and Roll","Escape Plan","Prepared","Footwork","Lee\u0027s Waffle"],"campfire_rested":4,"item_purchase_floors":[12,12,37,37,37,45],"current_hp_per_floor":[59,64,64,64,64,64,64,64,64,30,30,30,30,19,40,18,58,53,47,47,43,43,43,36,22,22,43,40,61,61,48,69,57,68,71,58,58,58,55,71,51,45,50,30,78,78,78,78,78,54,15,62,78,78,36,0],"gold":39,"neow_bonus":"RANDOM_COMMON_RELIC","is_prod":false,"is_daily":false,"chose_seed":false,"campfire_upgraded":6,"win_rate":0,"timestamp":1555252432,"path_taken":["M","?","M","?","M","R","?","?","T","E","?","$","R","M","R","BOSS","M","?","?","M","?","R","E","M","T","R","?","R","?","E","R","BOSS","M","?","$","?","M","R","M","M","T","E","$","R","?","M","R","BOSS","BOSS","R","$","E","BOSS"],"build_version":"2019-01-23","purchased_purges":1,"victory":false,"max_hp_per_floor":[66,71,71,71,71,71,71,71,71,71,71,71,71,71,71,71,71,71,71,71,71,71,71,71,71,71,71,71,71,71,71,71,71,71,71,71,71,71,71,71,71,71,71,71,78,78,78,78,78,78,78,78,78,78,78,78],"card_choices":[{"not_picked":["Outmaneuver","PiercingWail"],"picked":"Poisoned Stab","floor":1.0},{"not_picked":["Acrobatics","Cloak And Dagger"],"picked":"Backflip","floor":3.0},{"not_picked":["Outmaneuver","Heel Hook","Night Terror"],"picked":"SKIP","floor":5.0},{"not_picked":["Backflip","Sucker Punch"],"picked":"Predator","floor":8.0},{"not_picked":["Bouncing Flask","Blade Dance"],"picked":"Footwork","floor":10.0},{"not_picked":["Deadly Poison","Dagger Spray"],"picked":"PiercingWail","floor":14.0},{"not_picked":["Tools of the Trade","Storm of Steel"],"picked":"Venomology","floor":16.0},{"not_picked":["Distraction","Underhanded Strike"],"picked":"Acrobatics","floor":18.0},{"not_picked":["Flechettes","Deadly Poison"],"picked":"Dagger Throw","floor":21.0},{"not_picked":["Dagger Throw+1","Blade Dance","Choke"],"picked":"SKIP","floor":24.0},{"not_picked":["Underhanded Strike","Dagger Throw","Flying Knee"],"picked":"SKIP","floor":25.0},{"not_picked":["Distraction","Deadly Poison"],"picked":"Dodge and Roll","floor":28.0},{"not_picked":["Envenom","Blade Dance"],"picked":"PiercingWail","floor":31.0},{"not_picked":["Night Terror","Unload"],"picked":"After Image","floor":33.0},{"not_picked":["Accuracy+1","Dagger Spray"],"picked":"Prepared","floor":35.0},{"not_picked":["Dramatic Entrance","Madness"],"picked":"Dark Shackles","floor":38.0},{"not_picked":["Quick Slash+1","Deflect","Slice"],"picked":"SKIP","floor":39.0},{"not_picked":["Underhanded Strike","Dagger Spray"],"picked":"Crippling Poison","floor":41.0},{"not_picked":["Reflex","Quick Slash","Deadly Poison+1"],"picked":"SKIP","floor":42.0},{"not_picked":["Slice","Deadly Poison+1"],"picked":"Crippling Poison","floor":44.0},{"not_picked":["Underhanded Strike","Setup","Prepared"],"picked":"SKIP","floor":48.0},{"not_picked":["Flying Knee","Endless Agony+1","Dagger Spray"],"picked":"SKIP","floor":55.0}],"player_experience":929240,"relics_obtained":[{"floor":9.0,"key":"Peace Pipe"},{"floor":10.0,"key":"Calipers"},{"floor":24.0,"key":"Art of War"},{"floor":26.0,"key":"Incense Burner"},{"floor":31.0,"key":"Letter Opener"},{"floor":44.0,"key":"Whetstone"},{"floor":55.0,"key":"Bag of Preparation"}],"event_choices":[{"damage_healed":0.0,"max_hp_gain":5.0,"max_hp_loss":0.0,"gold_gain":0.0,"event_name":"Big Fish","player_choice":"Donut","floor":2.0,"gold_loss":0.0,"damage_taken":0.0},{"damage_healed":0.0,"max_hp_gain":0.0,"max_hp_loss":0.0,"gold_gain":0.0,"event_name":"Living Wall","player_choice":"Grow","floor":4.0,"gold_loss":0.0,"damage_taken":0.0,"cards_upgraded":["Neutralize"]},{"cards_removed":["Strike_G"],"damage_healed":0.0,"max_hp_gain":0.0,"max_hp_loss":0.0,"gold_gain":0.0,"event_name":"Wheel of Change","player_choice":"Card Removal","floor":7.0,"gold_loss":0.0,"damage_taken":0.0},{"damage_healed":0.0,"max_hp_gain":0.0,"max_hp_loss":0.0,"gold_gain":0.0,"event_name":"Golden Idol","player_choice":"Take Wound","floor":11.0,"gold_loss":0.0,"damage_taken":0.0,"relics_obtained":["Golden Idol"],"cards_obtained":["Injury"]},{"damage_healed":0.0,"max_hp_gain":0.0,"max_hp_loss":0.0,"gold_gain":0.0,"event_name":"Nest","player_choice":"Joined the Cult","floor":19.0,"gold_loss":0.0,"damage_taken":6.0,"cards_obtained":["RitualDagger"]},{"damage_healed":0.0,"max_hp_gain":0.0,"max_hp_loss":0.0,"gold_gain":0.0,"event_name":"Back to Basics","player_choice":"Simplicity","floor":20.0,"gold_loss":0.0,"damage_taken":0.0,"cards_upgraded":["Defend_G","Defend_G","Defend_G","Defend_G","Defend_G","Strike_G"]},{"damage_healed":0.0,"max_hp_gain":0.0,"max_hp_loss":0.0,"gold_gain":0.0,"cards_transformed":["Eviscerate"],"event_name":"Transmorgrifier","player_choice":"Transformed","floor":22.0,"gold_loss":0.0,"damage_taken":0.0,"cards_obtained":["Sucker Punch"]},{"damage_healed":0.0,"max_hp_gain":0.0,"max_hp_loss":0.0,"gold_gain":0.0,"event_name":"Forgotten Altar","player_choice":"Gave Idol","floor":30.0,"relics_lost":["Golden Idol"],"gold_loss":0.0,"damage_taken":0.0,"relics_obtained":["Bloody Idol"]},{"damage_healed":0.0,"max_hp_gain":0.0,"max_hp_loss":0.0,"gold_gain":0.0,"event_name":"Winding Halls","player_choice":"Embrace Madness","floor":36.0,"gold_loss":0.0,"damage_taken":13.0,"cards_obtained":["Madness","Madness"]},{"damage_healed":0.0,"max_hp_gain":0.0,"max_hp_loss":0.0,"gold_gain":0.0,"event_name":"SensoryStone","player_choice":"Memory 1","floor":38.0,"gold_loss":0.0,"damage_taken":0.0},{"damage_healed":0.0,"max_hp_gain":0.0,"max_hp_loss":0.0,"gold_gain":0.0,"event_name":"Tomb of Lord Red Mask","player_choice":"Paid","floor":47.0,"gold_loss":31.0,"damage_taken":0.0,"relics_obtained":["Red Mask"]}],"is_beta":false,"boss_relics":[{"not_picked":["WristBlade","Runic Dome"],"picked":"Astrolabe"},{"not_picked":["Calling Bell","Pandora\u0027s Box"],"picked":"Eternal Feather"}],"items_purged_floors":[12],"is_endless":false,"potions_floor_spawned":[8,10,14,18,25,33,41,48,55],"killed_by":"The Heart","ascension_level":20}