{"gold_per_floor":[113,127,139,214,214,214,245,245,245,288,288,288,332,352,352,445,445,466,19,38,57,57,101,115,115],"floor_reached":25,"playtime":1679,"items_purged":["Defend_B"],"score":530,"play_id":"23b4dbf1-9c19-49f8-818c-6bcf0eed7072","local_time":"20190417153359","is_ascension_mode":true,"campfire_choices":[{"data":"Zap","floor":6,"key":"SMITH"},{"data":"Defragment","floor":8,"key":"SMITH"},{"floor":11,"key":"REST"},{"data":"Coolheaded","floor":15,"key":"SMITH"}],"neow_cost":"NONE","seed_source_timestamp":607271720343040,"circlet_count":0,"master_deck":["AscendersBane","Defend_B","Defend_B","Defend_B","Zap+1","Dualcast","FTL","Ball Lightning","Coolheaded+1","Defragment+1","Leap","Compile Driver","White Noise","All For One","Conserve Battery+1","Loop","Redo+1","Turbo+1","Bite","Bite","Bite","Bite","Bite","Glacier+1","White Noise+1"],"relics":["Cracked Core","Golden Idol","FossilizedHelix","Mummified Hand","Bottled Tornado","Ancient Tea Set","Ice Cream","Coffee Dripper","Toxic Egg 2","Pear"],"potions_floor_usage":[10,23,23,25],"damage_taken":[{"damage":0,"enemies":"Small Slimes","floor":1,"turns":3},{"damage":2,"enemies":"Jaw Worm","floor":2,"turns":3},{"damage":0,"enemies":"2 Louse","floor":3,"turns":2},{"damage":19,"enemies":"3 Sentries","floor":7,"turns":7},{"damage":0,"enemies":"Gremlin Nob","floor":10,"turns":3},{"damage":9,"enemies":"3 Sentries","floor":13,"turns":6},{"damage":0,"enemies":"Exordium Wildlife","floor":14,"turns":3},{"damage":23,"enemies":"Hexaghost","floor":16,"turns":9},{"damage":9,"enemies":"Chosen","floor":18,"turns":4},{"damage":0,"enemies":"Spheric Guardian","floor":20,"turns":3},{"damage":23,"enemies":"Shelled Parasite and Fungi","floor":21,"turns":4},{"damage":29,"enemies":"Slavers","floor":23,"turns":4},{"damage":9,"enemies":"Centurion and Healer","floor":24,"turns":5},{"damage":33,"enemies":"Gremlin Leader","floor":25,"turns":2}],"seed_played":"-6267907183438416266","potions_obtained":[{"floor":3,"key":"FearPotion"},{"floor":13,"key":"FocusPotion"},{"floor":16,"key":"Poison Potion"},{"floor":18,"key":"PowerPotion"},{"floor":24,"key":"FocusPotion"}],"is_trial":false,"path_per_floor":["M","M","M","?","?","R","E","R","T","E","R","?","E","M","R","B",null,"M","$","M","M","?","E","M","E"],"character_chosen":"DEFECT","items_purchased":["Toxic Egg 2","Conserve Battery+1","Loop"],"campfire_rested":1,"item_purchase_floors":[19,19,19],"current_hp_per_floor":[71,69,69,58,58,58,39,39,39,39,60,60,51,51,51,28,60,51,51,51,28,28,15,22,0],"gold":115,"neow_bonus":"TEN_PERCENT_HP_BONUS","is_prod":false,"is_daily":false,"chose_seed":false,"campfire_upgraded":3,"win_rate":0,"timestamp":1555508039,"path_taken":["M","M","M","?","?","R","E","R","T","E","R","?","E","?","R","BOSS","M","$","M","M","?","E","M","E"],"build_version":"2019-01-23","purchased_purges":1,"victory":false,"max_hp_per_floor":[78,78,78,78,71,71,71,71,71,71,71,71,71,71,71,71,71,71,71,71,71,49,59,59,59],"card_choices":[{"not_picked":["Gash","Tempest"],"picked":"FTL","floor":1},{"not_picked":["Go for the Eyes","Compile Driver"],"picked":"Ball Lightning","floor":2},{"not_picked":["Stack","Barrage"],"picked":"Coolheaded","floor":3},{"not_picked":["Tempest","Redo"],"picked":"Defragment","floor":7},{"not_picked":["Stack","Streamline"],"picked":"Leap","floor":10},{"not_picked":["Auto Shields","White Noise"],"picked":"Compile Driver","floor":13},{"not_picked":["Compile Driver","Auto Shields"],"picked":"White Noise","floor":14},{"not_picked":["Hyperbeam","Amplify"],"picked":"All For One","floor":16},{"not_picked":["Conserve Battery","Rebound","Compile Driver"],"picked":"SKIP","floor":18},{"not_picked":["Gash","Steam Power+1"],"picked":"Redo+1","floor":20},{"not_picked":["Rip and Tear+1","Compile Driver"],"picked":"Turbo+1","floor":21},{"not_picked":["Stack+1","Sweeping Beam"],"picked":"Glacier+1","floor":23},{"not_picked":["Ball Lightning","Coolheaded+1"],"picked":"White Noise+1","floor":24}],"player_experience":657168,"relics_obtained":[{"floor":7,"key":"FossilizedHelix"},{"floor":9,"key":"Mummified Hand"},{"floor":10,"key":"Bottled Tornado"},{"floor":13,"key":"Ice Cream"},{"floor":23,"key":"Pear"}],"event_choices":[{"damage_healed":0,"gold_gain":75,"player_choice":"Gather Gold","damage_taken":11,"max_hp_gain":0,"max_hp_loss":0,"event_name":"World of Goop","floor":4,"gold_loss":0},{"damage_healed":0,"gold_gain":0,"player_choice":"Lose Max HP","damage_taken":0,"relics_obtained":["Golden Idol"],"max_hp_gain":0,"max_hp_loss":7,"event_name":"Golden Idol","floor":5,"gold_loss":0},{"damage_healed":0,"gold_gain":0,"player_choice":"Searched \u00272\u0027 times","damage_taken":0,"relics_obtained":["Ancient Tea Set"],"max_hp_gain":0,"max_hp_loss":0,"event_name":"Dead Adventurer","floor":12,"gold_loss":0},{"damage_healed":0,"gold_gain":0,"player_choice":"Became a vampire","damage_taken":0,"max_hp_gain":0,"max_hp_loss":22,"event_name":"Vampires","floor":22,"gold_loss":0,"cards_obtained":["Bite","Bite","Bite","Bite","Bite"]}],"is_beta":false,"boss_relics":[{"not_picked":["Empty Cage","Pandora\u0027s Box"],"picked":"Coffee Dripper"}],"items_purged_floors":[19],"is_endless":false,"potions_floor_spawned":[3,13,16,18,20,21,24],"killed_by":"Gremlin Leader","ascension_level":18}