{"gold_per_floor":[109,109,119,30,49,381,381,392,392,426,426,501,501,501,501,501],"floor_reached":16,"playtime":735,"items_purged":[],"score":162,"play_id":"47c02067-14a5-4c28-a112-0f1ddf8adbc9","local_time":"20190327204116","is_ascension_mode":true,"campfire_choices":[{"floor":7,"key":"REST"},{"floor":11,"key":"REST"},{"floor":13,"key":"REST"},{"data":"Noxious Fumes","floor":15,"key":"SMITH"}],"neow_cost":"NONE","seed_source_timestamp":255341887951462,"circlet_count":0,"master_deck":["AscendersBane","Defend_G","Defend_G","Defend_G","Defend_G","Defend_G","Strike_G","Strike_G","Strike_G","Strike_G","Strike_G","Survivor","Neutralize","Blade Dance","Backflip","Bandage Up","Noxious Fumes+1","Deflect","Parasite"],"relics":["Ring of the Snake","Old Coin","Sundial","Blue Candle"],"potions_floor_usage":[6,6,6,10],"damage_taken":[{"damage":7,"enemies":"Small Slimes","floor":1,"turns":5},{"damage":3,"enemies":"Cultist","floor":3,"turns":4},{"damage":4,"enemies":"Jaw Worm","floor":5,"turns":5},{"damage":38,"enemies":"Gremlin Nob","floor":6,"turns":4},{"damage":7,"enemies":"Exordium Wildlife","floor":8,"turns":6},{"damage":22,"enemies":"3 Sentries","floor":10,"turns":9},{"damage":72,"enemies":"Hexaghost","floor":16,"turns":10}],"seed_played":"-2613070908950875675","potions_obtained":[{"floor":0,"key":"Ancient Potion"},{"floor":0,"key":"Energy Potion"},{"floor":0,"key":"Swift Potion"},{"floor":2,"key":"SkillPotion"},{"floor":8,"key":"Energy Potion"}],"is_trial":false,"path_per_floor":["M","?","M","$","M","E","R","M","T","E","R","?","R","?","R","B"],"character_chosen":"THE_SILENT","items_purchased":["Bandage Up"],"campfire_rested":3,"item_purchase_floors":[4],"current_hp_per_floor":[56,56,53,53,53,19,40,37,37,19,40,29,50,67,67,0],"gold":501,"neow_bonus":"THREE_SMALL_POTIONS","is_prod":false,"is_daily":false,"chose_seed":false,"campfire_upgraded":1,"win_rate":0,"timestamp":1553715676,"path_taken":["M","?","M","?","?","E","R","M","T","E","R","?","R","?","R","BOSS"],"build_version":"2019-01-23","purchased_purges":0,"victory":false,"max_hp_per_floor":[70,70,70,70,70,70,70,70,70,70,70,70,70,70,70,70],"card_choices":[{"not_picked":["Outmaneuver","Prepared"],"picked":"Blade Dance","floor":1},{"not_picked":["Caltrops","Flechettes"],"picked":"Backflip","floor":3},{"not_picked":["Deadly Poison","Underhanded Strike"],"picked":"Noxious Fumes","floor":5},{"not_picked":["Caltrops","Poisoned Stab","Acrobatics"],"picked":"SKIP","floor":6},{"not_picked":["Dash","Riddle With Holes","Flying Knee"],"picked":"SKIP","floor":8},{"not_picked":["Dagger Throw","Tactician"],"picked":"Deflect","floor":10}],"player_experience":383910,"relics_obtained":[{"floor":6,"key":"Old Coin"},{"floor":9,"key":"Sundial"},{"floor":10,"key":"Blue Candle"}],"event_choices":[{"damage_healed":0,"gold_gain":0,"player_choice":"Got Potions","damage_taken":0,"max_hp_gain":0,"max_hp_loss":0,"event_name":"Lab","floor":2,"gold_loss":0},{"damage_healed":0,"gold_gain":75,"player_choice":"Gather Gold","damage_taken":11,"max_hp_gain":0,"max_hp_loss":0,"event_name":"World of Goop","floor":12,"gold_loss":0},{"damage_healed":17,"gold_gain":0,"player_choice":"Healed and dodged fight","damage_taken":0,"max_hp_gain":0,"max_hp_loss":0,"event_name":"Mushrooms","floor":14,"gold_loss":0,"cards_obtained":["Parasite"]}],"is_beta":false,"boss_relics":[],"items_purged_floors":[],"is_endless":false,"potions_floor_spawned":[3,8],"killed_by":"Hexaghost","ascension_level":10}