{"gold_per_floor":[17,17,192,205,225,238,238,278,278,50,50,64,64,79,79,199,199,224,238,238,261,137,137,150,150,150,164,180,2,16,49,49,49],"floor_reached":33,"playtime":1583,"items_purged":["Doubt","Strike_B","Strike_B"],"score":339,"play_id":"c1f5c619-fc43-4415-885c-7d0d1cc9d6bf","local_time":"20181103223140","is_ascension_mode":true,"campfire_choices":[{"data":"Static Discharge","floor":7,"key":"SMITH"},{"floor":13,"key":"REST"},{"floor":15,"key":"REST"},{"floor":23,"key":"REST"},{"data":"Creative AI","floor":25,"key":"SMITH"},{"floor":32,"key":"REST"}],"neow_cost":"NO_GOLD","seed_source_timestamp":2499722831526,"circlet_count":0,"master_deck":["Strike_B","Strike_B","Defend_B","Defend_B","Defend_B","Defend_B","Zap","Dualcast","Rainbow","Loop","Defragment","Static Discharge+1","Steam","Heatsinks","Electrodynamics","FTL","White Noise+1","Conserve Battery+1","Creative AI+1","Conserve Battery+1","Undo+1","Stack+1","Self Repair","Auto Shields+1","Steam+1","Leap+1","Storm+1"],"relics":["Cracked Core","Golden Idol","Mummified Hand","Toxic Egg 2","Nuclear Battery","Singing Bowl","The Courier"],"potions_floor_usage":[16,27,31,31],"damage_taken":[{"damage":6,"enemies":"2 Louse","floor":1,"turns":2},{"damage":12,"enemies":"Small Slimes","floor":4,"turns":3},{"damage":4,"enemies":"Cultist","floor":5,"turns":5},{"damage":6,"enemies":"3 Louse","floor":6,"turns":3},{"damage":26,"enemies":"Gremlin Nob","floor":8,"turns":4},{"damage":6,"enemies":"Exordium Thugs","floor":12,"turns":4},{"damage":0,"enemies":"Exordium Wildlife","floor":14,"turns":2},{"damage":16,"enemies":"The Guardian","floor":16,"turns":9},{"damage":13,"enemies":"3 Byrds","floor":18,"turns":3},{"damage":9,"enemies":"Shell Parasite","floor":19,"turns":4},{"damage":12,"enemies":"Snake Plant","floor":21,"turns":4},{"damage":0,"enemies":"Snecko","floor":24,"turns":5},{"damage":20,"enemies":"Sentry and Sphere","floor":27,"turns":3},{"damage":11,"enemies":"Centurion and Healer","floor":28,"turns":5},{"damage":0,"enemies":"Shelled Parasite and Fungi","floor":30,"turns":7},{"damage":37,"enemies":"Gremlin Leader","floor":31,"turns":7},{"damage":55,"enemies":"Automaton","floor":33,"turns":6}],"seed_played":"-223435208575523937","potions_obtained":[{"floor":4,"key":"Poison Potion"},{"floor":12,"key":"SteroidPotion"},{"floor":18,"key":"Regen Potion"},{"floor":27,"key":"Block Potion"},{"floor":28,"key":"Explosive Potion"}],"is_trial":false,"path_per_floor":["M","?","?","M","M","M","R","E","T","$","?","M","R","M","R","B",null,"M","M","?","M","$","R","M","R","T","M","M","$","M","E","R","B"],"character_chosen":"DEFECT","items_purchased":["Electrodynamics","FTL","Stack+1","Steam+1"],"campfire_rested":4,"item_purchase_floors":[10,10,22,29],"current_hp_per_floor":[69,69,69,57,53,47,47,21,21,21,21,15,35,35,55,39,62,49,40,40,28,28,48,48,48,48,37,33,33,40,10,30,0],"gold":49,"neow_bonus":"THREE_RARE_CARDS","is_prod":false,"is_daily":false,"chose_seed":false,"campfire_upgraded":2,"win_rate":0,"timestamp":1541280700,"path_taken":["M","?","?","M","M","M","R","E","T","$","?","?","R","M","R","BOSS","M","M","?","M","?","R","M","R","T","M","M","$","M","E","R","BOSS"],"build_version":"2018-11-01","purchased_purges":3,"victory":false,"max_hp_per_floor":[75,69,69,69,69,69,69,69,69,69,69,69,69,69,69,69,69,69,69,69,69,69,69,69,69,69,69,69,69,69,69,69,69],"card_choices":[{"not_picked":["Multi-Cast","Echo Form"],"picked":"Rainbow","floor":0},{"not_picked":["Rebound","Streamline"],"picked":"Loop","floor":1},{"not_picked":["Cold Snap","Stack"],"picked":"Defragment","floor":4},{"not_picked":["Coolheaded","Sweeping Beam"],"picked":"Static Discharge","floor":5},{"not_picked":["Coolheaded","Sweeping Beam"],"picked":"Steam","floor":6},{"not_picked":["Sunder","Hello World"],"picked":"Heatsinks","floor":8},{"not_picked":["Loop","Go for the Eyes"],"picked":"Conserve Battery+1","floor":12},{"not_picked":["Beam Cell","Hello World","Rebound"],"picked":"SKIP","floor":14},{"not_picked":["Rainbow+1","Hyperbeam"],"picked":"Creative AI","floor":16},{"not_picked":["Go for the Eyes","Stack+1"],"picked":"Conserve Battery+1","floor":18},{"not_picked":["Chaos+1","Stack+1"],"picked":"Undo+1","floor":19},{"not_picked":["Double Energy+1","Fusion+1","Chaos+1"],"picked":"SKIP","floor":21},{"not_picked":["Steam Power+1","Barrage","Gash"],"picked":"SKIP","floor":24},{"not_picked":["Streamline","Conserve Battery+1"],"picked":"Self Repair","floor":27},{"not_picked":["Compile Driver","Rebound"],"picked":"Auto Shields+1","floor":28},{"not_picked":["Fusion+1","Gash"],"picked":"Leap+1","floor":30},{"not_picked":["Gash","BootSequence+1"],"picked":"Storm+1","floor":31}],"player_experience":278684,"relics_obtained":[{"floor":8,"key":"Mummified Hand"},{"floor":9,"key":"Toxic Egg 2"},{"floor":26,"key":"Singing Bowl"},{"floor":31,"key":"The Courier"}],"event_choices":[{"damage_healed":0,"gold_gain":0,"player_choice":"Lose Max HP","damage_taken":0,"relics_obtained":["Golden Idol"],"max_hp_gain":0,"max_hp_loss":6,"event_name":"Golden Idol","floor":2,"gold_loss":0},{"damage_healed":0,"gold_gain":175,"player_choice":"AGREE","damage_taken":0,"max_hp_gain":0,"max_hp_loss":0,"event_name":"Liars Game","floor":3,"gold_loss":0,"cards_obtained":["Doubt"]},{"damage_healed":0,"gold_gain":0,"player_choice":"1 cards matched","damage_taken":0,"max_hp_gain":0,"max_hp_loss":0,"event_name":"Match and Keep!","floor":11,"gold_loss":0,"cards_obtained":["White Noise"]},{"damage_healed":0,"gold_gain":0,"player_choice":"Bought 0 Potions","damage_taken":0,"max_hp_gain":0,"max_hp_loss":0,"event_name":"The Woman in Blue","floor":20,"gold_loss":0}],"is_beta":false,"boss_relics":[{"not_picked":["Calling Bell","Sozu"],"picked":"Nuclear Battery"}],"items_purged_floors":[10,22,29],"is_endless":false,"potions_floor_spawned":[4,12,18,27,28,30],"killed_by":"Automaton","ascension_level":5}