{"gold_per_floor":[119,139,289,303,303,303,315,333,333,333,333,349,379,344,344,344],"floor_reached":16,"playtime":484,"items_purged":[],"score":199,"play_id":"cc61b533-cb4b-4b11-9581-47e61c5cfbab","local_time":"20190410225215","is_ascension_mode":true,"campfire_choices":[{"data":"Self Repair","floor":6,"key":"SMITH"},{"floor":11,"key":"REST"},{"floor":15,"key":"REST"}],"neow_cost":"NONE","seed_source_timestamp":7212551904500,"circlet_count":0,"master_deck":["AscendersBane","Strike_B","Strike_B","Strike_B","Strike_B","Defend_B","Defend_B","Defend_B","Defend_B","Zap","Dualcast","Sweeping Beam","Hello World","Coolheaded","Self Repair+1","Coolheaded","FTL","White Noise","Conserve Battery"],"relics":["Cracked Core","Bottled Tornado","Ginger","Cables"],"potions_floor_usage":[13,13],"damage_taken":[{"damage":0,"enemies":"Small Slimes","floor":1,"turns":2},{"damage":3,"enemies":"2 Louse","floor":2,"turns":2},{"damage":7,"enemies":"Jaw Worm","floor":4,"turns":4},{"damage":8,"enemies":"3 Louse","floor":7,"turns":3},{"damage":10,"enemies":"Blue Slaver","floor":8,"turns":5},{"damage":14,"enemies":"Lots of Slimes","floor":12,"turns":3},{"damage":20,"enemies":"3 Sentries","floor":13,"turns":10},{"damage":72,"enemies":"The Guardian","floor":16,"turns":13}],"seed_played":"-7374672273357197169","potions_obtained":[{"floor":4,"key":"Weak Potion"},{"floor":8,"key":"Dexterity Potion"},{"floor":12,"key":"Explosive Potion"}],"is_trial":false,"path_per_floor":["M","M","?","M","?","R","M","M","T","?","R","M","E","?","R","B"],"character_chosen":"DEFECT","items_purchased":[],"campfire_rested":2,"item_purchase_floors":[],"current_hp_per_floor":[64,61,61,54,47,47,49,49,49,14,35,21,11,28,49,0],"gold":344,"neow_bonus":"THREE_CARDS","is_prod":false,"is_daily":false,"chose_seed":false,"campfire_upgraded":1,"win_rate":0,"timestamp":1554929535,"path_taken":["M","M","?","M","?","R","M","M","T","?","R","?","E","?","R","BOSS"],"build_version":"2019-01-23","purchased_purges":0,"victory":false,"max_hp_per_floor":[71,71,71,71,71,71,71,71,71,71,71,71,71,71,71,71],"card_choices":[{"not_picked":["Chill","Reinforced Body"],"picked":"Sweeping Beam","floor":0},{"not_picked":["Hologram","Turbo"],"picked":"Hello World","floor":1},{"not_picked":["Rebound","Turbo"],"picked":"Coolheaded","floor":2},{"not_picked":["Sweeping Beam","Doom and Gloom"],"picked":"Self Repair","floor":4},{"not_picked":["Barrage","Gash"],"picked":"Coolheaded","floor":7},{"not_picked":["Double Energy","Ball Lightning"],"picked":"FTL","floor":8},{"not_picked":["Recycle","Hologram"],"picked":"White Noise","floor":12},{"not_picked":["Reprogram","Thunder Strike"],"picked":"Conserve Battery","floor":13}],"player_experience":530466,"relics_obtained":[{"floor":9,"key":"Bottled Tornado"},{"floor":13,"key":"Cables"}],"event_choices":[{"damage_healed":0,"gold_gain":150,"player_choice":"AGREE","damage_taken":0,"max_hp_gain":0,"max_hp_loss":0,"event_name":"Liars Game","floor":3,"gold_loss":0,"cards_obtained":["Doubt"]},{"cards_removed":["Doubt"],"damage_healed":0,"gold_gain":0,"player_choice":"Card Removal","damage_taken":7,"max_hp_gain":0,"max_hp_loss":0,"event_name":"Golden Wing","floor":5,"gold_loss":0},{"damage_healed":0,"gold_gain":0,"player_choice":"Success","damage_taken":35,"relics_obtained":["Ginger"],"max_hp_gain":0,"max_hp_loss":0,"event_name":"Scrap Ooze","floor":10,"gold_loss":0},{"damage_healed":17,"gold_gain":0,"player_choice":"Healed","damage_taken":0,"max_hp_gain":0,"max_hp_loss":0,"event_name":"The Cleric","floor":14,"gold_loss":35}],"is_beta":false,"boss_relics":[],"items_purged_floors":[],"is_endless":false,"potions_floor_spawned":[4,8,12],"killed_by":"The Guardian","ascension_level":19}