{"gold_per_floor":[111,61,61,11,25,25,58,58,82,115,115,132,142,168,168,265,265,285,303,323,323,336,336,65,65,116,116,135,135,165,93,93,190,190,210,210,21,21,38,67,67,78,78,38,68,68,87,106,106,106],"floor_reached":51,"playtime":3531,"items_purged":["Defend_R","Rupture"],"score":879,"play_id":"f169a33f-4045-4da0-8b5d-ec493a0430eb","local_time":"20181115225536","is_ascension_mode":true,"campfire_choices":[{"data":"Perfected Strike","floor":6,"key":"SMITH"},{"data":"Armaments","floor":8,"key":"SMITH"},{"data":"Shrug It Off","floor":15,"key":"SMITH"},{"floor":23,"key":"REST"},{"data":"Offering","floor":25,"key":"SMITH"},{"data":"Armaments","floor":27,"key":"SMITH"},{"floor":32,"key":"REST"},{"floor":41,"key":"REST"},{"data":"Metamorphosis","floor":46,"key":"SMITH"},{"floor":49,"key":"REST"}],"neow_cost":"NONE","seed_source_timestamp":110618656323080,"circlet_count":0,"master_deck":["Strike_R","Strike_R","Strike_R","Strike_R","Strike_R","Defend_R","Defend_R","Bash","Perfected Strike+1","Anger+1","Shrug It Off+1","Offering+1","Armaments+1","Blood for Blood+1","Perfected Strike+1","Rampage+1","Shrug It Off","Flex+1","Inflame+1","Shrug It Off","Barricade+1","Swift Strike","Discovery","Swift Strike","Metamorphosis+1","Rampage+1","Wild Strike+1","Pommel Strike+1","Clumsy","Flex+1","Twin Strike+1","Pommel Strike+1"],"relics":["Burning Blood","Smiling Mask","Potion Belt","Regal Pillow","Self Forming Clay","Ancient Tea Set","Philosopher\u0027s Stone","Unceasing Top","Frozen Egg 2","Happy Flower","MutagenicStrength","Bronze Scales","Cursed Key","Boot","Mummified Hand","Omamori"],"potions_floor_usage":[16,16,30,30,33,40,40,40,50,50,50],"damage_taken":[{"damage":5,"enemies":"Jaw Worm","floor":1,"turns":5},{"damage":12,"enemies":"Small Slimes","floor":5,"turns":3},{"damage":30,"enemies":"Lagavulin","floor":7,"turns":6},{"damage":5,"enemies":"Gremlin Nob","floor":10,"turns":3},{"damage":0,"enemies":"Cultist","floor":12,"turns":2},{"damage":6,"enemies":"Gremlin Gang","floor":13,"turns":5},{"damage":55,"enemies":"Hexaghost","floor":16,"turns":10},{"damage":7,"enemies":"Chosen","floor":18,"turns":3},{"damage":10,"enemies":"2 Thieves","floor":19,"turns":3},{"damage":23,"enemies":"Snecko","floor":20,"turns":4},{"damage":32,"enemies":"Centurion and Healer","floor":22,"turns":7},{"damage":11,"enemies":"3 Cultists","floor":28,"turns":4},{"damage":23,"enemies":"Gremlin Leader","floor":30,"turns":6},{"damage":45,"enemies":"Champ","floor":33,"turns":8},{"damage":6,"enemies":"3 Shapes","floor":35,"turns":5},{"damage":13,"enemies":"3 Darklings","floor":39,"turns":3},{"damage":38,"enemies":"Reptomancer","floor":40,"turns":4},{"damage":6,"enemies":"Jaw Worm Horde","floor":42,"turns":2},{"damage":13,"enemies":"Giant Head","floor":45,"turns":6},{"damage":49,"enemies":"Transient","floor":47,"turns":5},{"damage":6,"enemies":"Writhing Mass","floor":48,"turns":3},{"damage":67,"enemies":"Time Eater","floor":50,"turns":7}],"seed_played":"8802593290602328394","potions_obtained":[{"floor":10,"key":"Fire Potion"},{"floor":12,"key":"BloodPotion"},{"floor":20,"key":"Dexterity Potion"},{"floor":28,"key":"BloodPotion"},{"floor":30,"key":"SpeedPotion"},{"floor":33,"key":"BloodPotion"},{"floor":35,"key":"BloodPotion"},{"floor":39,"key":"Dexterity Potion"},{"floor":42,"key":"SpeedPotion"},{"floor":47,"key":"Dexterity Potion"},{"floor":48,"key":"GamblersBrew"}],"is_trial":false,"path_per_floor":["M","?","?","$","M","R","E","R","T","E","?","M","M","T","R","B",null,"M","M","M","?","M","R","$","R","T","R","M","?","E","$","R","B",null,"M","?","$","?","M","E","R","M","T","?","E","R","M","M","R","B",null],"character_chosen":"IRONCLAD","items_purchased":["Shrug It Off","Frozen Egg 2","Shrug It Off","Metamorphosis"],"campfire_rested":4,"item_purchase_floors":[24,24,31,37],"current_hp_per_floor":[88,88,63,63,57,57,33,33,33,34,63,69,69,69,69,28,73,72,68,51,51,25,66,66,66,66,66,61,61,52,52,88,49,78,78,68,68,68,61,45,86,86,86,86,79,79,36,36,77,16],"gold":106,"neow_bonus":"TEN_PERCENT_HP_BONUS","is_prod":false,"is_daily":false,"chose_seed":false,"campfire_upgraded":6,"win_rate":0,"timestamp":1542344136,"path_taken":["M","?","?","?","M","R","E","R","T","E","?","?","M","?","R","BOSS","M","?","?","?","M","R","$","R","T","R","M","?","E","$","R","BOSS","M","?","$","?","M","E","R","M","T","?","E","R","?","M","R","BOSS"],"build_version":"2018-11-15","purchased_purges":2,"victory":true,"max_hp_per_floor":[88,88,88,88,88,88,88,88,88,88,88,88,88,88,88,88,88,88,88,88,88,88,88,88,88,88,88,88,88,88,88,88,88,88,88,88,88,88,88,88,88,88,88,88,88,88,88,88,88,88],"card_choices":[{"not_picked":["Uppercut","Second Wind"],"picked":"Perfected Strike","floor":1},{"not_picked":["Heavy Blade","Havoc"],"picked":"Anger","floor":5},{"not_picked":["Burning Pact","Fire Breathing"],"picked":"Armaments","floor":7},{"not_picked":["Ghostly Armor","Bludgeon"],"picked":"Shrug It Off","floor":10},{"not_picked":["Metallicize","True Grit","Flame Barrier"],"picked":"SKIP","floor":12},{"not_picked":["Havoc","Clothesline"],"picked":"Rupture","floor":13},{"not_picked":["Fiend Fire","Berserk"],"picked":"Offering","floor":16},{"not_picked":["Second Wind","Flame Barrier"],"picked":"Armaments","floor":18},{"not_picked":["Metallicize","Anger"],"picked":"Blood for Blood+1","floor":19},{"not_picked":["Power Through","Second Wind"],"picked":"Perfected Strike+1","floor":20},{"not_picked":["Cleave","Pommel Strike"],"picked":"Rampage","floor":22},{"not_picked":["Armaments","Iron Wave"],"picked":"Flex+1","floor":28},{"not_picked":["Pommel Strike","Shockwave"],"picked":"Inflame+1","floor":30},{"not_picked":["Berserk+1","Exhume"],"picked":"Barricade+1","floor":33},{"not_picked":["Clash","Clothesline","Havoc+1"],"picked":"SKIP","floor":35},{"not_picked":["Deep Breath","Jack Of All Trades"],"picked":"Swift Strike","floor":36},{"not_picked":["Dark Shackles","PanicButton"],"picked":"Discovery","floor":36},{"not_picked":["Dramatic Entrance","Dark Shackles"],"picked":"Swift Strike","floor":36},{"not_picked":["Combust+1","Iron Wave"],"picked":"Rampage+1","floor":39},{"not_picked":["Sword Boomerang","Shrug It Off"],"picked":"Wild Strike+1","floor":40},{"not_picked":["Dropkick+1","Impervious"],"picked":"Pommel Strike+1","floor":42},{"not_picked":["Iron Wave","Sentinel+1"],"picked":"Flex+1","floor":45},{"not_picked":["Anger","Rupture+1"],"picked":"Twin Strike+1","floor":47},{"not_picked":["Clash","Thunderclap+1"],"picked":"Pommel Strike+1","floor":48}],"player_experience":201179,"relics_obtained":[{"floor":7,"key":"Potion Belt"},{"floor":9,"key":"Regal Pillow"},{"floor":10,"key":"Self Forming Clay"},{"floor":14,"key":"Ancient Tea Set"},{"floor":26,"key":"Happy Flower"},{"floor":30,"key":"Bronze Scales"},{"floor":40,"key":"Boot"},{"floor":43,"key":"Mummified Hand"},{"floor":45,"key":"Omamori"}],"event_choices":[{"cards_removed":["Defend_R"],"damage_healed":0,"gold_gain":0,"player_choice":"Card Removal","damage_taken":0,"max_hp_gain":0,"max_hp_loss":0,"event_name":"The Cleric","floor":2,"gold_loss":50},{"damage_healed":0,"gold_gain":0,"player_choice":"Success","damage_taken":25,"relics_obtained":["Smiling Mask"],"max_hp_gain":0,"max_hp_loss":0,"event_name":"Scrap Ooze","floor":3,"gold_loss":0},{"damage_healed":29,"gold_gain":0,"player_choice":"Banana","damage_taken":0,"max_hp_gain":0,"max_hp_loss":0,"event_name":"Big Fish","floor":11,"gold_loss":0},{"damage_healed":0,"gold_gain":0,"player_choice":"Opened","damage_taken":0,"relics_obtained":["Unceasing Top"],"max_hp_gain":0,"max_hp_loss":0,"event_name":"The Mausoleum","floor":21,"gold_loss":0},{"damage_healed":0,"gold_gain":0,"player_choice":"Inject Mutagens","damage_taken":0,"relics_obtained":["MutagenicStrength"],"max_hp_gain":0,"max_hp_loss":0,"event_name":"Drug Dealer","floor":29,"gold_loss":0},{"damage_healed":0,"gold_gain":0,"player_choice":"Memory 3","damage_taken":10,"max_hp_gain":0,"max_hp_loss":0,"event_name":"SensoryStone","floor":36,"gold_loss":0},{"cards_removed":["Armaments"],"damage_healed":0,"gold_gain":0,"player_choice":"Removed Skill","damage_taken":0,"max_hp_gain":0,"max_hp_loss":0,"event_name":"Falling","floor":38,"gold_loss":0},{"damage_healed":0,"gold_gain":0,"player_choice":"Upgraded Two","damage_taken":0,"max_hp_gain":0,"max_hp_loss":0,"event_name":"Designer","floor":44,"gold_loss":40,"cards_upgraded":["Anger","Rampage"]}],"is_beta":false,"boss_relics":[{"not_picked":["Runic Pyramid","Velvet Choker"],"picked":"Philosopher\u0027s Stone"},{"not_picked":["Snecko Eye","Pandora\u0027s Box"],"picked":"Cursed Key"}],"items_purged_floors":[4,31],"is_endless":false,"potions_floor_spawned":[10,12,20,28,30,33,35,39,42,47,48],"ascension_level":5}