{"gold_per_floor":[112,72,85,85,85,118,118,149,199,199,199,224,224,239,239,370,370,390,405,405,330,330,330,330],"floor_reached":24,"playtime":791,"items_purged":[],"score":295,"play_id":"e5120064-3f32-4e0b-9f79-c4cd3935c8ac","local_time":"20181107130310","is_ascension_mode":true,"campfire_choices":[{"data":"Capacitor","floor":7,"key":"SMITH"},{"floor":10,"key":"REST"},{"data":"Dualcast","floor":13,"key":"SMITH"},{"data":"Storm","floor":15,"key":"SMITH"},{"floor":23,"key":"REST"}],"neow_cost":"NONE","seed_source_timestamp":314786174837632,"circlet_count":0,"master_deck":["Strike_B+1","Strike_B+1","Strike_B","Defend_B","Defend_B","Defend_B","Zap","Dualcast+1","Leap","Capacitor+1","Coolheaded","Conserve Battery","FTL","Storm+1","Coolheaded","BootSequence","Buffer","Leap","Self Repair+1"],"relics":["Cracked Core","NeowsBlessing","Golden Idol","Bronze Scales","Whetstone","Orichalcum","Black Star"],"potions_floor_usage":[],"damage_taken":[{"damage":0,"enemies":"Small Slimes","floor":1,"turns":1},{"damage":0,"enemies":"Jaw Worm","floor":3,"turns":1},{"damage":0,"enemies":"3 Sentries","floor":6,"turns":1},{"damage":20,"enemies":"Lagavulin","floor":8,"turns":9},{"damage":0,"enemies":"Cultist","floor":12,"turns":3},{"damage":0,"enemies":"2 Fungi Beasts","floor":14,"turns":4},{"damage":30,"enemies":"Hexaghost","floor":16,"turns":10},{"damage":1,"enemies":"Chosen","floor":18,"turns":5},{"damage":2,"enemies":"3 Byrds","floor":19,"turns":3},{"damage":40,"enemies":"Colosseum Slavers","floor":22,"turns":7},{"damage":47,"enemies":"Book of Stabbing","floor":24,"turns":5}],"seed_played":"8924810936189193202","potions_obtained":[{"floor":6,"key":"GamblersBrew"},{"floor":8,"key":"Weak Potion"},{"floor":14,"key":"FearPotion"},{"floor":18,"key":"SkillPotion"}],"is_trial":false,"path_per_floor":["M","$","M","?","?","E","R","E","T","R","?","M","R","M","R","B",null,"M","M","?","?","?","R","E"],"character_chosen":"DEFECT","items_purchased":["Capacitor"],"campfire_rested":2,"item_purchase_floors":[2],"current_hp_per_floor":[68,68,68,68,61,61,61,41,41,61,61,61,61,61,61,31,60,59,57,57,57,27,47,0],"gold":330,"neow_bonus":"THREE_ENEMY_KILL","is_prod":false,"is_daily":false,"chose_seed":false,"campfire_upgraded":3,"win_rate":0,"timestamp":1541592190,"path_taken":["M","$","M","?","?","E","R","E","T","R","?","?","R","M","R","BOSS","M","M","?","?","?","R","E"],"build_version":"2018-11-01","purchased_purges":0,"victory":false,"max_hp_per_floor":[75,75,75,69,69,69,69,69,69,69,69,69,69,69,69,69,69,69,69,69,69,69,69,69],"card_choices":[{"not_picked":["Beam Cell","Conserve Battery"],"picked":"Leap","floor":1},{"not_picked":["Steam","Undo"],"picked":"Coolheaded","floor":3},{"not_picked":["Fission","Redo"],"picked":"Conserve Battery","floor":6},{"not_picked":["Thunder Strike","Steam"],"picked":"FTL","floor":8},{"not_picked":["Hologram","Compile Driver"],"picked":"Coolheaded","floor":12},{"not_picked":["Cold Snap","Rip and Tear"],"picked":"BootSequence","floor":14},{"not_picked":["Rainbow","Reboot"],"picked":"Buffer","floor":16},{"not_picked":["Fusion","Reprogram+1"],"picked":"Leap","floor":18},{"not_picked":["Steam Power+1","Redo+1"],"picked":"Self Repair+1","floor":19}],"player_experience":302298,"relics_obtained":[{"floor":6,"key":"Bronze Scales"},{"floor":8,"key":"Whetstone"},{"floor":9,"key":"Orichalcum"}],"event_choices":[{"damage_healed":0,"gold_gain":0,"player_choice":"Lose Max HP","damage_taken":0,"relics_obtained":["Golden Idol"],"max_hp_gain":0,"max_hp_loss":6,"event_name":"Golden Idol","floor":4,"gold_loss":0},{"cards_removed":["Defend_B"],"damage_healed":0,"gold_gain":0,"player_choice":"Card Removal","damage_taken":7,"max_hp_gain":0,"max_hp_loss":0,"event_name":"Golden Wing","floor":5,"gold_loss":0},{"damage_healed":0,"gold_gain":0,"player_choice":"1 cards matched","damage_taken":0,"max_hp_gain":0,"max_hp_loss":0,"event_name":"Match and Keep!","floor":11,"gold_loss":0,"cards_obtained":["Storm"]},{"damage_healed":0,"gold_gain":0,"player_choice":"Ignored","damage_taken":0,"max_hp_gain":0,"max_hp_loss":0,"event_name":"Ghosts","floor":20,"gold_loss":0},{"cards_removed":["Strike_B"],"damage_healed":0,"gold_gain":0,"player_choice":"Gave Gold","damage_taken":0,"max_hp_gain":0,"max_hp_loss":0,"event_name":"Beggar","floor":21,"gold_loss":75},{"damage_healed":0,"gold_gain":0,"player_choice":"Fight","damage_taken":0,"max_hp_gain":0,"max_hp_loss":0,"event_name":"Colosseum","floor":22,"gold_loss":0},{"damage_healed":0,"gold_gain":0,"player_choice":"Fled From Nobs","damage_taken":0,"max_hp_gain":0,"max_hp_loss":0,"event_name":"Colosseum","floor":22,"gold_loss":0}],"is_beta":false,"boss_relics":[{"not_picked":["Inserter","Fusion Hammer"],"picked":"Black Star"}],"items_purged_floors":[],"is_endless":false,"potions_floor_spawned":[6,8,14,16,18],"killed_by":"Book of Stabbing","ascension_level":6}