{"gold_per_floor":[112,130,48,65,65,65,65,76,76,1,1,30,86,97,97,194,194,208,133,53,67,67,67,79,404,429,481,481,498,498,508,508,605,605,622,641,641,641,655,655,683,700,700,715,715],"floor_reached":45,"playtime":1344,"items_purged":["Strike_R"],"score":515,"play_id":"e6b7f013-c9fd-4383-a8b9-dbc31ebbeb90","local_time":"20190504205036","is_ascension_mode":false,"campfire_choices":[{"data":"Shockwave","floor":6,"key":"SMITH"},{"data":"Armaments","floor":15,"key":"SMITH"},{"data":"Uppercut","floor":23,"key":"SMITH"},{"floor":28,"key":"REST"},{"data":"Whirlwind","floor":30,"key":"SMITH"},{"floor":32,"key":"REST"},{"floor":40,"key":"RECALL"}],"neow_cost":"NONE","seed_source_timestamp":96851093962900,"circlet_count":0,"master_deck":["Strike_R+1","Defend_R+1","Defend_R+1","Defend_R+1","Bash+1","Clothesline+1","True Grit+1","Impervious+1","Shockwave+1","Battle Trance+1","Ghostly Armor+1","Armaments+1","Feed+1","Bludgeon+1","Rupture+1","Perfected Strike+1","Cleave+1","Second Wind+1","Thunderclap+1","Uppercut+1","Corruption+1","Whirlwind+1","Shrug It Off+1","Pommel Strike+1","Parasite","Flame Barrier"],"relics":["Burning Blood","Bronze Scales","Ornamental Fan","Pocketwatch","Pen Nib","Sundial","Astrolabe","Old Coin","Whetstone","Snecko Eye","Mark of the Bloom","Darkstone Periapt","Blue Candle"],"potions_floor_usage":[12,16,24,25,29,33,39,45,45],"damage_taken":[{"damage":7,"enemies":"2 Louse","floor":1,"turns":2},{"damage":11,"enemies":"Jaw Worm","floor":2,"turns":2},{"damage":10,"enemies":"Cultist","floor":4,"turns":3},{"damage":8,"enemies":"2 Fungi Beasts","floor":8,"turns":3},{"damage":10,"enemies":"Gremlin Nob","floor":12,"turns":3},{"damage":29,"enemies":"Gremlin Nob","floor":13,"turns":5},{"damage":0,"enemies":"Large Slime","floor":14,"turns":4},{"damage":31,"enemies":"Slime Boss","floor":16,"turns":10},{"damage":22,"enemies":"Spheric Guardian","floor":18,"turns":4},{"damage":0,"enemies":"3 Byrds","floor":21,"turns":3},{"damage":31,"enemies":"Centurion and Healer","floor":24,"turns":4},{"damage":33,"enemies":"Slavers","floor":25,"turns":4},{"damage":12,"enemies":"3 Cultists","floor":29,"turns":4},{"damage":12,"enemies":"Chosen and Byrds","floor":31,"turns":6},{"damage":75,"enemies":"Collector","floor":33,"turns":13},{"damage":0,"enemies":"Orb Walker","floor":35,"turns":4},{"damage":9,"enemies":"3 Shapes","floor":36,"turns":3},{"damage":10,"enemies":"Maw","floor":39,"turns":7},{"damage":26,"enemies":"Nemesis","floor":41,"turns":5},{"damage":12,"enemies":"Jaw Worm Horde","floor":42,"turns":3},{"damage":0,"enemies":"Writhing Mass","floor":44,"turns":4}],"seed_played":"-9066853972336563231","potions_obtained":[{"floor":1,"key":"Fire Potion"},{"floor":12,"key":"FairyPotion"},{"floor":13,"key":"GamblersBrew"},{"floor":14,"key":"PowerPotion"},{"floor":24,"key":"AttackPotion"},{"floor":25,"key":"Fruit Juice"},{"floor":31,"key":"GamblersBrew"},{"floor":33,"key":"Explosive Potion"},{"floor":35,"key":"SteroidPotion"},{"floor":41,"key":"Dexterity Potion"},{"floor":44,"key":"Energy Potion"}],"is_trial":false,"path_per_floor":["M","M","$","M","?","R","T","M","T","$","?","E","?","M","R","B",null,"M","?","$","M","?","R","M","E","T","T","R","M","R","M","R","B",null,"M","M","?","?","M","R","E","M","T","M","M"],"character_chosen":"IRONCLAD","items_purchased":["Impervious","Second Wind"],"campfire_rested":2,"item_purchase_floors":[3,20],"current_hp_per_floor":[79,74,74,70,75,75,75,73,73,73,73,69,46,52,52,27,85,69,69,69,75,75,75,50,23,23,23,48,47,47,41,68,9,90,90,87,87,87,77,77,51,39,39,39,0],"gold":715,"neow_bonus":"RANDOM_COMMON_RELIC","is_prod":false,"is_daily":false,"chose_seed":false,"campfire_upgraded":4,"win_rate":0,"timestamp":1557017436,"path_taken":["M","M","$","M","?","R","?","?","T","$","?","E","?","M","R","BOSS","M","?","$","M","?","R","M","E","T","?","R","M","R","M","R","BOSS","M","M","?","?","M","R","E","M","T","M","M"],"build_version":"2019-01-23","purchased_purges":1,"victory":false,"max_hp_per_floor":[80,80,80,80,85,85,85,85,85,85,85,85,85,85,85,85,85,85,85,85,85,85,85,85,85,85,85,85,90,90,90,90,90,90,90,90,90,90,94,94,94,94,94,100,100],"card_choices":[{"not_picked":["Feel No Pain","Body Slam"],"picked":"Clothesline","floor":1},{"not_picked":["Sentinel","Headbutt"],"picked":"True Grit","floor":2},{"not_picked":["Metallicize","Heavy Blade"],"picked":"Shockwave","floor":4},{"not_picked":["Headbutt","Clothesline"],"picked":"Battle Trance","floor":8},{"not_picked":["Headbutt","Heavy Blade"],"picked":"Ghostly Armor","floor":12},{"not_picked":["Power Through","Wild Strike"],"picked":"Armaments","floor":14},{"not_picked":["Brutality","Double Tap"],"picked":"Feed","floor":16},{"not_picked":["Burning Pact+1","Corruption"],"picked":"Cleave+1","floor":18},{"not_picked":["Havoc","Pommel Strike"],"picked":"Thunderclap","floor":21},{"not_picked":["Intimidate+1","Burning Pact"],"picked":"Corruption","floor":24},{"not_picked":["Perfected Strike","Havoc+1"],"picked":"Feel No Pain","floor":25},{"not_picked":["Headbutt","Perfected Strike"],"picked":"Whirlwind","floor":29},{"not_picked":["Thunderclap","Twin Strike"],"picked":"Shrug It Off+1","floor":31},{"not_picked":["Uppercut","Flex","Perfected Strike+1"],"picked":"SKIP","floor":35},{"not_picked":["Armaments","Headbutt+1","Berserk"],"picked":"SKIP","floor":36},{"not_picked":["Heavy Blade","Twin Strike","Body Slam+1"],"picked":"SKIP","floor":39},{"not_picked":["Ghostly Armor","Rage+1","Perfected Strike"],"picked":"SKIP","floor":41},{"not_picked":["Wild Strike+1","Dual Wield"],"picked":"Pommel Strike+1","floor":42},{"not_picked":["Shrug It Off+1","Wild Strike"],"picked":"Flame Barrier","floor":44}],"player_experience":91717,"relics_obtained":[{"floor":7,"key":"Ornamental Fan"},{"floor":9,"key":"Pocketwatch"},{"floor":12,"key":"Pen Nib"},{"floor":13,"key":"Sundial"},{"floor":25,"key":"Old Coin"},{"floor":27,"key":"Whetstone"},{"floor":41,"key":"Darkstone Periapt"},{"floor":43,"key":"Blue Candle"}],"event_choices":[{"damage_healed":0,"gold_gain":0,"player_choice":"Donut","damage_taken":0,"max_hp_gain":5,"max_hp_loss":0,"event_name":"Big Fish","floor":5,"gold_loss":0},{"damage_healed":0,"gold_gain":0,"player_choice":"Ignored","damage_taken":0,"max_hp_gain":0,"max_hp_loss":0,"event_name":"Liars Game","floor":11,"gold_loss":0},{"damage_healed":0,"gold_gain":0,"player_choice":"Searched \u00271\u0027 times","damage_taken":0,"max_hp_gain":0,"max_hp_loss":0,"event_name":"Dead Adventurer","floor":13,"gold_loss":0},{"cards_removed":["Strike_R"],"damage_healed":0,"gold_gain":0,"player_choice":"Gave Gold","damage_taken":0,"max_hp_gain":0,"max_hp_loss":0,"event_name":"Beggar","floor":19,"gold_loss":75},{"damage_healed":0,"gold_gain":0,"player_choice":"Read","damage_taken":0,"max_hp_gain":0,"max_hp_loss":0,"event_name":"The Library","floor":22,"gold_loss":0,"cards_obtained":["Uppercut"]},{"cards_removed":["Feel No Pain"],"damage_healed":0,"gold_gain":0,"player_choice":"Removed Power","damage_taken":0,"max_hp_gain":0,"max_hp_loss":0,"event_name":"Falling","floor":37,"gold_loss":0},{"damage_healed":0,"gold_gain":0,"player_choice":"Upgrade","damage_taken":0,"relics_obtained":["Mark of the Bloom"],"max_hp_gain":0,"max_hp_loss":0,"event_name":"MindBloom","floor":38,"gold_loss":0,"cards_upgraded":["Strike_R","Defend_R","Defend_R","Defend_R","Bash","True Grit","Impervious","Battle Trance","Ghostly Armor","Feed","Second Wind","Corruption"]}],"is_beta":false,"boss_relics":[{"not_picked":["Coffee Dripper","Runic Pyramid"],"picked":"Astrolabe"},{"not_picked":["Philosopher\u0027s Stone","Velvet Choker"],"picked":"Snecko Eye"}],"items_purged_floors":[10],"is_endless":false,"potions_floor_spawned":[1,12,13,14,24,25,31,33,35,41,44],"killed_by":"Sphere and 2 Shapes","ascension_level":0}