{"gold_per_floor":[110,110,121,140,65,65,82,34,34,34,59,59,77,91,91,167,167,185,146,160,160,179,179,191,191,240,240,268,268,279,279,279,279],"floor_reached":33,"playtime":1106,"items_purged":[],"score":450,"play_id":"3fc32a00-4bdb-4d3e-a5b5-75b3e394e440","local_time":"20190122152207","is_ascension_mode":true,"campfire_choices":[{"data":"Blade Dance","floor":6,"key":"SMITH"},{"data":"Survivor","floor":10,"key":"SMITH"},{"data":"Dagger Spray","floor":12,"key":"SMITH"},{"data":"Dash","floor":15,"key":"SMITH"},{"data":"Terror","floor":23,"key":"SMITH"},{"floor":25,"key":"REST"},{"data":"Glass Knife","floor":27,"key":"SMITH"},{"floor":32,"key":"REST"}],"neow_cost":"NONE","seed_source_timestamp":1520746447802081,"circlet_count":0,"master_deck":["AscendersBane","Defend_G+1","Defend_G+1","Defend_G+1","Defend_G+1","Strike_G+1","Strike_G+1","Strike_G+1","Survivor+1","Neutralize+1","Poisoned Stab","Blade Dance+1","Dagger Spray+1","Prepared","Burst","Dash+1","Glass Knife+1","Well Laid Plans","Cloak And Dagger","Terror+1"],"relics":["WristBlade","Paper Crane","Pen Nib","Empty Cage","Boot","Mummified Hand"],"potions_floor_usage":[16,16,28,28,30],"damage_taken":[{"damage":1,"enemies":"Jaw Worm","floor":1,"turns":6},{"damage":0,"enemies":"Cultist","floor":3,"turns":4},{"damage":4,"enemies":"2 Louse","floor":4,"turns":3},{"damage":7,"enemies":"Exordium Wildlife","floor":7,"turns":2},{"damage":2,"enemies":"Blue Slaver","floor":13,"turns":2},{"damage":7,"enemies":"Large Slime","floor":14,"turns":4},{"damage":18,"enemies":"Hexaghost","floor":16,"turns":11},{"damage":8,"enemies":"Shell Parasite","floor":18,"turns":4},{"damage":0,"enemies":"Chosen","floor":20,"turns":3},{"damage":1,"enemies":"Centurion and Healer","floor":22,"turns":6},{"damage":10,"enemies":"Shelled Parasite and Fungi","floor":24,"turns":5},{"damage":11,"enemies":"Book of Stabbing","floor":28,"turns":4},{"damage":0,"enemies":"Snake Plant","floor":30,"turns":3},{"damage":82,"enemies":"Collector","floor":33,"turns":7}],"seed_played":"6161932612745845305","potions_obtained":[{"floor":1,"key":"SpeedPotion"},{"floor":7,"key":"SpeedPotion"},{"floor":22,"key":"Dexterity Potion"},{"floor":24,"key":"LiquidBronze"},{"floor":28,"key":"Fire Potion"}],"is_trial":false,"path_per_floor":["M","?","M","M","?","R","M","$","T","R","T","R","M","M","R","B",null,"M","$","M","?","M","R","M","R","T","R","E","?","M","?","R","B"],"character_chosen":"THE_SILENT","items_purchased":["Prepared","Well Laid Plans"],"campfire_rested":2,"item_purchase_floors":[8,19],"current_hp_per_floor":[58,58,58,54,54,54,47,47,47,47,47,47,45,38,38,20,55,47,47,47,47,46,46,36,55,55,55,44,26,26,40,61,0],"gold":279,"neow_bonus":"BOSS_RELIC","is_prod":false,"is_daily":false,"chose_seed":false,"campfire_upgraded":6,"win_rate":0,"timestamp":1548138127,"path_taken":["M","?","M","?","?","R","M","?","T","R","?","R","M","M","R","BOSS","M","$","M","?","M","R","M","R","T","R","E","?","M","?","R","BOSS"],"build_version":"2019-01-17v2","purchased_purges":0,"victory":false,"max_hp_per_floor":[66,66,66,66,66,66,66,66,66,66,66,66,66,66,66,66,66,66,66,66,66,66,66,66,66,66,66,66,71,71,71,71,71],"card_choices":[{"not_picked":["Calculated Gamble","Dodge and Roll"],"picked":"Poisoned Stab","floor":1},{"not_picked":["Well Laid Plans","Dodge and Roll"],"picked":"Blade Dance","floor":3},{"not_picked":["Deflect","Underhanded Strike"],"picked":"Dagger Spray","floor":4},{"not_picked":["Bane","Quick Slash","Underhanded Strike"],"picked":"SKIP","floor":7},{"not_picked":["Setup","Slice"],"picked":"Burst","floor":13},{"not_picked":["Distraction","Underhanded Strike"],"picked":"Dash","floor":14},{"not_picked":["After Image","Tools of the Trade"],"picked":"Glass Knife","floor":16},{"not_picked":["Deadly Poison","Bane","Skewer"],"picked":"SKIP","floor":18},{"not_picked":["Skewer","PiercingWail"],"picked":"Cloak And Dagger","floor":20},{"not_picked":["Acrobatics","Poisoned Stab"],"picked":"Terror","floor":22},{"not_picked":["Riddle With Holes+1","Blade Dance","Tactician"],"picked":"SKIP","floor":24},{"not_picked":["Bane","Heel Hook","Expertise"],"picked":"SKIP","floor":28},{"not_picked":["Calculated Gamble","Prepared","Concentrate"],"picked":"SKIP","floor":30}],"player_experience":428015,"relics_obtained":[{"floor":9,"key":"Paper Crane"},{"floor":11,"key":"Pen Nib"},{"floor":26,"key":"Boot"},{"floor":28,"key":"Mummified Hand"}],"event_choices":[{"damage_healed":0,"gold_gain":0,"player_choice":"Forge","damage_taken":0,"max_hp_gain":0,"max_hp_loss":0,"event_name":"Accursed Blacksmith","floor":2,"gold_loss":0,"cards_upgraded":["Neutralize"]},{"cards_removed":["Strike_G"],"damage_healed":0,"gold_gain":0,"player_choice":"Card Removal","damage_taken":0,"max_hp_gain":0,"max_hp_loss":0,"event_name":"The Cleric","floor":5,"gold_loss":75},{"damage_healed":0,"gold_gain":0,"player_choice":"Simplicity","damage_taken":0,"max_hp_gain":0,"max_hp_loss":0,"event_name":"Back to Basics","floor":21,"gold_loss":0,"cards_upgraded":["Defend_G","Defend_G","Defend_G","Defend_G","Strike_G","Strike_G","Strike_G"]},{"damage_healed":0,"gold_gain":0,"player_choice":"Shed Blood","damage_taken":23,"max_hp_gain":5,"max_hp_loss":0,"event_name":"Forgotten Altar","floor":29,"gold_loss":0},{"damage_healed":14,"gold_gain":0,"player_choice":"Heal","damage_taken":0,"max_hp_gain":0,"max_hp_loss":0,"event_name":"The Library","floor":31,"gold_loss":0}],"is_beta":false,"boss_relics":[{"not_picked":["Fusion Hammer","Lizard Tail"],"picked":"Empty Cage"}],"items_purged_floors":[],"is_endless":false,"potions_floor_spawned":[1,7,22,24,28],"killed_by":"Collector","ascension_level":15}