{"gold_per_floor":[119,119,119,145,165,165,165,182,182,182,212,212,230,246,246,345,345,361,361,379,394,410,410,445,141,141,152,152,162,162,180,180,284,284,303,303,319,332,352,352,352,352,352,367,367,26,26,36,36,36],"floor_reached":51,"playtime":3564,"items_purged":["Strike_G"],"score":696,"play_id":"419c4bbc-7bbe-4200-a289-f1ac2899c4e5","local_time":"20190422194930","is_ascension_mode":false,"campfire_choices":[{"data":"Footwork","floor":6,"key":"SMITH"},{"data":"Sucker Punch","floor":10,"key":"SMITH"},{"floor":12,"key":"REST"},{"floor":15,"key":"REST"},{"floor":23,"key":"REST"},{"floor":30,"key":"REST"},{"floor":32,"key":"RECALL"},{"floor":40,"key":"REST"},{"floor":42,"key":"REST"},{"floor":45,"key":"REST"},{"floor":49,"key":"REST"}],"neow_cost":"NONE","seed_source_timestamp":101123326381462,"circlet_count":0,"master_deck":["Defend_G","Defend_G","Defend_G","Defend_G","Defend_G","Strike_G","Survivor","Neutralize+1","Bullet Time","Footwork+1","Outmaneuver","Sucker Punch+1","Cloak And Dagger+1","Poisoned Stab","Dodge and Roll+1","Storm of Steel+1","Blade Dance+1","RitualDagger","Accuracy","Footwork","Leg Sweep+1","Accuracy","Caltrops","Noxious Fumes+1","Blade Dance+1","Adrenaline+1","Leg Sweep+1","Dodge and Roll+1","Cloak And Dagger+1","Cloak And Dagger+1","Footwork+1"],"relics":["Ring of the Snake","Ice Cream","Juzu Bracelet","Dead Branch","Kunai","Toxic Egg 2","Fusion Hammer","Ancient Tea Set","Blood Vial","Ginger","Empty Cage","Nunchaku","StoneCalendar"],"potions_floor_usage":[24,38,50,50,50],"damage_taken":[{"damage":2,"enemies":"Small Slimes","floor":1,"turns":5},{"damage":0,"enemies":"2 Louse","floor":5,"turns":2},{"damage":0,"enemies":"Jaw Worm","floor":8,"turns":5},{"damage":53,"enemies":"Gremlin Nob","floor":11,"turns":7},{"damage":1,"enemies":"Looter","floor":13,"turns":3},{"damage":3,"enemies":"Blue Slaver","floor":14,"turns":4},{"damage":9,"enemies":"Hexaghost","floor":16,"turns":11},{"damage":7,"enemies":"Shell Parasite","floor":18,"turns":5},{"damage":4,"enemies":"2 Thieves","floor":20,"turns":3},{"damage":0,"enemies":"3 Cultists","floor":21,"turns":4},{"damage":0,"enemies":"Snake Plant","floor":22,"turns":8},{"damage":9,"enemies":"Gremlin Leader","floor":24,"turns":8},{"damage":5,"enemies":"Chosen and Byrds","floor":27,"turns":9},{"damage":0,"enemies":"3 Cultists","floor":29,"turns":7},{"damage":1,"enemies":"Snake Plant","floor":31,"turns":3},{"damage":17,"enemies":"Automaton","floor":33,"turns":9},{"damage":7,"enemies":"3 Darklings","floor":35,"turns":5},{"damage":0,"enemies":"Orb Walker","floor":37,"turns":4},{"damage":19,"enemies":"Maw","floor":38,"turns":7},{"damage":0,"enemies":"4 Shapes","floor":39,"turns":7},{"damage":16,"enemies":"Jaw Worm Horde","floor":44,"turns":3},{"damage":0,"enemies":"Sphere and 2 Shapes","floor":48,"turns":5},{"damage":0,"enemies":"Donu and Deca","floor":50,"turns":9}],"seed_played":"-907286655743999926","potions_obtained":[{"floor":5,"key":"Swift Potion"},{"floor":8,"key":"Energy Potion"},{"floor":11,"key":"Dexterity Potion"},{"floor":18,"key":"FearPotion"},{"floor":24,"key":"EssenceOfSteel"},{"floor":29,"key":"Strength Potion"},{"floor":44,"key":"Poison Potion"},{"floor":48,"key":"LiquidBronze"}],"is_trial":false,"path_per_floor":["M","?","?","T","M","R","?","M","T","R","E","R","M","M","R","B",null,"M","?","M","M","M","R","E","$","T","M","?","M","R","M","R","B",null,"M","?","M","M","M","R","?","R","T","M","R","$","?","M","R","B",null],"character_chosen":"THE_SILENT","items_purchased":["Blood Vial","Accuracy","StoneCalendar","Cloak And Dagger+1"],"campfire_rested":8,"item_purchase_floors":[25,25,46,46],"current_hp_per_floor":[68,61,61,61,61,61,61,61,61,61,8,29,28,25,46,37,70,63,57,53,53,53,70,61,61,61,58,58,60,70,69,69,53,70,63,63,65,48,50,70,70,70,70,54,70,70,70,70,70,70],"gold":36,"neow_bonus":"ONE_RANDOM_RARE_CARD","is_prod":false,"is_daily":false,"chose_seed":false,"campfire_upgraded":2,"win_rate":0,"timestamp":1555976970,"path_taken":["M","?","?","?","M","R","?","M","T","R","E","R","M","M","R","BOSS","M","?","M","M","M","R","E","$","T","M","?","M","R","M","R","BOSS","M","?","M","M","M","R","?","R","T","M","R","$","?","M","R","BOSS"],"build_version":"2019-01-23","purchased_purges":1,"victory":true,"max_hp_per_floor":[70,70,70,70,70,70,70,70,70,70,70,70,70,70,70,70,70,70,70,70,70,70,70,70,70,70,70,70,70,70,70,70,70,70,70,70,70,70,70,70,70,70,70,70,70,70,70,70,70,70],"card_choices":[{"not_picked":["Dodge and Roll","Underhanded Strike"],"picked":"Footwork","floor":1},{"not_picked":["Accuracy","Setup"],"picked":"Outmaneuver","floor":5},{"not_picked":["Endless Agony","Finisher"],"picked":"Sucker Punch","floor":8},{"not_picked":["Dash","Finisher"],"picked":"Cloak And Dagger","floor":11},{"not_picked":["Acrobatics+1","Bouncing Flask+1"],"picked":"Poisoned Stab","floor":13},{"not_picked":["Prepared+1","After Image"],"picked":"Dodge and Roll+1","floor":14},{"not_picked":["Burst+1","Wraith Form v2"],"picked":"Storm of Steel+1","floor":16},{"not_picked":["Terror+1","Dagger Spray"],"picked":"Blade Dance+1","floor":18},{"not_picked":["Riddle With Holes","Escape Plan+1"],"picked":"Accuracy","floor":20},{"not_picked":["Masterful Stab","Crippling Poison+1"],"picked":"Footwork","floor":21},{"not_picked":["Endless Agony+1","Poisoned Stab"],"picked":"Leg Sweep+1","floor":22},{"not_picked":["Dagger Spray","Deadly Poison+1","Distraction+1"],"picked":"SKIP","floor":24},{"not_picked":["Escape Plan+1","Slice","Heel Hook"],"picked":"SKIP","floor":27},{"not_picked":["Prepared+1","All Out Attack+1"],"picked":"Noxious Fumes+1","floor":29},{"not_picked":["Skewer+1","Dodge and Roll+1"],"picked":"Blade Dance+1","floor":31},{"not_picked":["Corpse Explosion+1","Glass Knife"],"picked":"Adrenaline+1","floor":33},{"not_picked":["Prepared+1","Caltrops+1"],"picked":"Leg Sweep+1","floor":35},{"not_picked":["Bane+1","Slice+1","Underhanded Strike+1"],"picked":"SKIP","floor":37},{"not_picked":["Skewer+1","Reflex+1"],"picked":"Dodge and Roll+1","floor":38},{"not_picked":["Heel Hook","Sucker Punch"],"picked":"Cloak And Dagger+1","floor":39},{"not_picked":["Deadly Poison+1","Flying Knee+1","Escape Plan+1"],"picked":"SKIP","floor":44},{"not_picked":["Backflip+1","Dagger Throw"],"picked":"Footwork+1","floor":48}],"player_experience":158871,"relics_obtained":[{"floor":4,"key":"Juzu Bracelet"},{"floor":9,"key":"Kunai"},{"floor":11,"key":"Toxic Egg 2"},{"floor":24,"key":"Ancient Tea Set"},{"floor":26,"key":"Ginger"},{"floor":43,"key":"Nunchaku"}],"event_choices":[{"damage_healed":0,"gold_gain":0,"player_choice":"Success","damage_taken":7,"relics_obtained":["Ice Cream"],"max_hp_gain":0,"max_hp_loss":0,"event_name":"Scrap Ooze","floor":2,"gold_loss":0},{"damage_healed":0,"gold_gain":0,"player_choice":"Grow","damage_taken":0,"max_hp_gain":0,"max_hp_loss":0,"event_name":"Living Wall","floor":3,"gold_loss":0,"cards_upgraded":["Neutralize"]},{"damage_healed":0,"gold_gain":0,"player_choice":"Searched \u00271\u0027 times","damage_taken":0,"relics_obtained":["Dead Branch"],"max_hp_gain":0,"max_hp_loss":0,"event_name":"Dead Adventurer","floor":7,"gold_loss":0},{"damage_healed":0,"gold_gain":0,"player_choice":"Joined the Cult","damage_taken":6,"max_hp_gain":0,"max_hp_loss":0,"event_name":"Nest","floor":19,"gold_loss":0,"cards_obtained":["RitualDagger"]},{"damage_healed":0,"gold_gain":0,"cards_transformed":["Strike_G"],"player_choice":"Transformed","damage_taken":0,"max_hp_gain":0,"max_hp_loss":0,"event_name":"Transmorgrifier","floor":28,"gold_loss":0,"cards_obtained":["Caltrops"]},{"damage_healed":0,"gold_gain":0,"player_choice":"Ignored","damage_taken":0,"max_hp_gain":0,"max_hp_loss":0,"event_name":"Mysterious Sphere","floor":36,"gold_loss":0},{"damage_healed":0,"gold_gain":0,"player_choice":"Ignored","damage_taken":0,"max_hp_gain":0,"max_hp_loss":0,"event_name":"Tomb of Lord Red Mask","floor":41,"gold_loss":0},{"damage_healed":0,"gold_gain":0,"player_choice":"Leave","damage_taken":0,"max_hp_gain":0,"max_hp_loss":0,"event_name":"FaceTrader","floor":47,"gold_loss":0}],"is_beta":false,"boss_relics":[{"not_picked":["Runic Dome","Cursed Key"],"picked":"Fusion Hammer"},{"not_picked":["Orrery","Astrolabe"],"picked":"Empty Cage"}],"items_purged_floors":[25],"is_endless":false,"potions_floor_spawned":[5,8,11,14,18,24,27,29,33,37,44,48],"ascension_level":0}