{"gold_per_floor":[114,127,127,141,141,141,9,21,44,44,61,95,15,46,46,46],"floor_reached":16,"playtime":937,"items_purged":[],"score":220,"play_id":"0a628705-cc60-4a10-a6af-e6a2890663bd","local_time":"20190418203452","is_ascension_mode":true,"campfire_choices":[{"floor":6,"key":"REST"},{"data":"Dagger Spray","floor":10,"key":"SMITH"},{"data":"Deadly Poison","floor":15,"key":"SMITH"}],"neow_cost":"NONE","seed_source_timestamp":1770964531837564,"circlet_count":0,"master_deck":["AscendersBane","Defend_G","Defend_G","Defend_G","Defend_G","Defend_G","Strike_G","Strike_G","Strike_G+1","Strike_G","Strike_G","Survivor","Neutralize","Cloak And Dagger+1","Dagger Spray+1","Dagger Spray","Well Laid Plans","Cloak And Dagger","Deadly Poison+1","Burst","Backstab","Prepared"],"relics":["Ring of the Snake","Bag of Preparation","PreservedInsect","Centennial Puzzle","Bird Faced Urn","Omamori"],"potions_floor_usage":[11,14,16,16],"damage_taken":[{"damage":2,"enemies":"Small Slimes","floor":1,"turns":4},{"damage":2,"enemies":"Jaw Worm","floor":2,"turns":7},{"damage":1,"enemies":"Cultist","floor":4,"turns":4},{"damage":4,"enemies":"Red Slaver","floor":8,"turns":4},{"damage":0,"enemies":"Gremlin Gang","floor":11,"turns":2},{"damage":15,"enemies":"3 Sentries","floor":12,"turns":7},{"damage":9,"enemies":"Lagavulin","floor":14,"turns":4},{"damage":25,"enemies":"Hexaghost","floor":16,"turns":9}],"seed_played":"-5615250343301966789","potions_obtained":[{"floor":2,"key":"Swift Potion"},{"floor":11,"key":"Dexterity Potion"},{"floor":14,"key":"Weak Potion"}],"is_trial":false,"path_per_floor":["M","M","?","M","?","R","$","M","T","R","M","E","$","E","R","B"],"character_chosen":"THE_SILENT","items_purchased":["Well Laid Plans","Explosive Potion","Backstab"],"campfire_rested":1,"item_purchase_floors":[7,7,13],"current_hp_per_floor":[57,55,50,49,29,48,48,44,44,44,44,29,29,22,22,0],"gold":46,"neow_bonus":"RANDOM_COMMON_RELIC","is_prod":false,"is_daily":false,"chose_seed":false,"campfire_upgraded":2,"win_rate":0,"timestamp":1555587292,"path_taken":["M","M","?","M","?","R","$","?","T","R","M","E","?","E","R","BOSS"],"build_version":"2019-01-23","purchased_purges":0,"victory":false,"max_hp_per_floor":[66,66,66,66,66,66,66,66,66,66,66,66,66,66,66,66],"card_choices":[{"not_picked":["Bane","Flying Knee"],"picked":"Cloak And Dagger","floor":1},{"not_picked":["Predator","Flying Knee"],"picked":"Dagger Spray","floor":2},{"not_picked":["PiercingWail","Eviscerate"],"picked":"Dagger Spray","floor":4},{"not_picked":["Underhanded Strike","Bane"],"picked":"Cloak And Dagger","floor":8},{"not_picked":["Slice","Calculated Gamble"],"picked":"Deadly Poison","floor":11},{"not_picked":["Concentrate","Masterful Stab"],"picked":"Burst","floor":12},{"not_picked":["Cloak And Dagger","Bullet Time"],"picked":"Prepared","floor":14}],"player_experience":969946,"relics_obtained":[{"floor":9,"key":"Centennial Puzzle"},{"floor":12,"key":"Bird Faced Urn"},{"floor":14,"key":"Omamori"}],"event_choices":[{"damage_healed":0,"gold_gain":0,"player_choice":"Success","damage_taken":5,"relics_obtained":["PreservedInsect"],"max_hp_gain":0,"max_hp_loss":0,"event_name":"Scrap Ooze","floor":3,"gold_loss":0},{"damage_healed":0,"gold_gain":0,"player_choice":"Entered Light","damage_taken":20,"max_hp_gain":0,"max_hp_loss":0,"event_name":"Shining Light","floor":5,"gold_loss":0,"cards_upgraded":["Cloak And Dagger","Strike_G"]}],"is_beta":false,"boss_relics":[],"items_purged_floors":[],"is_endless":false,"potions_floor_spawned":[2,11,14],"killed_by":"Hexaghost","ascension_level":20}