{"gold_per_floor":[112,126,51,68,68,68,88,104,104,116,149,181,212,239,251,394,406,441,368,63,63,84,84,107,121,121,156,156,171,191,66,66,192,192,210,210,228,228,27,27,27],"floor_reached":41,"playtime":5887,"items_purged":["Strike_G","Injury","Strike_G","Defend_G"],"score":409,"play_id":"207fc5c9-1b6a-4325-bab2-69e3d1b27565","local_time":"20180926192233","is_ascension_mode":false,"campfire_choices":[{"data":"Neutralize","floor":6,"key":"SMITH"},{"data":"Glass Knife","floor":15,"key":"SMITH"},{"data":"Dodge and Roll","floor":23,"key":"SMITH"},{"floor":28,"key":"REST"},{"floor":32,"key":"REST"},{"floor":40,"key":"REST"}],"neow_cost":"","seed_source_timestamp":444311016282554,"circlet_count":0,"master_deck":["Defend_G","Defend_G","Survivor","Neutralize+1","All Out Attack","Prepared","Deflect","Glass Knife+1","Flying Knee","Deadly Poison","Dagger Spray","Well Laid Plans","Dodge and Roll+1","Doppelganger+1","Doppelganger+1","Wraith Form v2+1","Leg Sweep","Deadly Poison","PiercingWail","PiercingWail+1","Dodge and Roll","Crippling Poison+1","Footwork+1","Caltrops+1","Predator+1","Corpse Explosion","Heel Hook+1","Deflect+1"],"relics":["Ring of the Snake","Golden Idol","MawBank","Astrolabe","Happy Flower","Molten Egg 2","Dodecahedron","Empty Cage","Pantograph"],"potions_floor_usage":[12,13,14,16,22,27,33,33,33,41,41,41],"damage_taken":[{"damage":1,"enemies":"Cultist","floor":1,"turns":4},{"damage":5,"enemies":"2 Louse","floor":2,"turns":2},{"damage":3,"enemies":"Jaw Worm","floor":4,"turns":3},{"damage":0,"enemies":"Lots of Slimes","floor":7,"turns":2},{"damage":0,"enemies":"3 Louse","floor":8,"turns":2},{"damage":0,"enemies":"2 Fungi Beasts","floor":11,"turns":2},{"damage":4,"enemies":"Gremlin Gang","floor":12,"turns":4},{"damage":3,"enemies":"Exordium Wildlife","floor":13,"turns":6},{"damage":1,"enemies":"Exordium Thugs","floor":14,"turns":2},{"damage":39,"enemies":"The Guardian","floor":16,"turns":15},{"damage":9,"enemies":"Shell Parasite","floor":18,"turns":11},{"damage":7,"enemies":"Chosen","floor":22,"turns":5},{"damage":4,"enemies":"Centurion and Healer","floor":24,"turns":8},{"damage":13,"enemies":"Sentry and Sphere","floor":25,"turns":6},{"damage":1,"enemies":"Slavers","floor":27,"turns":6},{"damage":1,"enemies":"Snecko","floor":29,"turns":6},{"damage":1,"enemies":"Centurion and Healer","floor":30,"turns":7},{"damage":30,"enemies":"Collector","floor":33,"turns":11},{"damage":19,"enemies":"Orb Walker","floor":35,"turns":5},{"damage":15,"enemies":"3 Darklings","floor":37,"turns":5},{"damage":89,"enemies":"2 Orb Walkers","floor":41,"turns":5}],"seed_played":"-3324729949126439259","potions_obtained":[{"floor":1,"key":"Dexterity Potion"},{"floor":4,"key":"Swift Potion"},{"floor":11,"key":"EssenceOfSteel"},{"floor":13,"key":"Block Potion"},{"floor":25,"key":"SpeedPotion"},{"floor":29,"key":"PowerPotion"},{"floor":30,"key":"Poison Potion"},{"floor":35,"key":"Dexterity Potion"},{"floor":37,"key":"SkillPotion"}],"is_trial":false,"path_per_floor":["M","M","$","M","?","R","M","M","T","?","M","M","M","M","R","B",null,"M","?","$","?","M","R","M","M","T","E","R","M","M","$","R","B",null,"M","?","M","T","$","R"],"character_chosen":"THE_SILENT","items_purchased":["Deadly Poison","Fire Potion","PiercingWail","Ancient Potion","Explosive Potion"],"campfire_rested":3,"item_purchase_floors":[20,20,20,20,39],"current_hp_per_floor":[69,64,64,61,61,61,61,61,61,66,66,62,59,58,58,19,75,66,66,66,66,59,59,55,42,42,41,63,62,61,61,75,45,75,56,56,41,41,41,63,0],"gold":27,"neow_bonus":"","is_prod":false,"is_daily":false,"chose_seed":false,"campfire_upgraded":3,"win_rate":0.0,"timestamp":1537982553,"path_taken":["M","M","$","M","?","R","?","M","T","?","M","?","M","M","R","BOSS","M","?","$","?","M","R","M","M","T","E","R","?","M","$","R","BOSS","M","?","M","?","?","R","E"],"build_version":"2018-09-20","purchased_purges":4,"victory":false,"max_hp_per_floor":[70,70,70,70,70,70,70,70,70,75,75,75,75,75,75,75,75,75,75,75,75,75,75,75,75,75,75,75,75,75,75,75,75,75,75,75,75,75,75,75,75],"card_choices":[{"not_picked":["Catalyst","Prepared"],"picked":"All Out Attack","floor":1},{"not_picked":["Outmaneuver","Bouncing Flask"],"picked":"Prepared","floor":2},{"not_picked":["Tactician","Underhanded Strike"],"picked":"Deflect","floor":4},{"not_picked":["Distraction","Expertise"],"picked":"Glass Knife","floor":7},{"not_picked":["Deadly Poison","Infinite Blades"],"picked":"Flying Knee","floor":8},{"not_picked":["Blade Dance","Masterful Stab"],"picked":"Deadly Poison","floor":11},{"not_picked":["All Out Attack","Dagger Throw"],"picked":"Dagger Spray","floor":12},{"not_picked":["Riddle With Holes","Bane"],"picked":"Well Laid Plans","floor":13},{"not_picked":["Outmaneuver","Poisoned Stab"],"picked":"Dodge and Roll","floor":14},{"not_picked":["Acrobatics","Blur"],"picked":"Leg Sweep","floor":18},{"not_picked":["Underhanded Strike+1","Flechettes+1"],"picked":"PiercingWail+1","floor":22},{"not_picked":["Infinite Blades","Dagger Spray+1"],"picked":"Dodge and Roll","floor":24},{"not_picked":["Flying Knee","Sucker Punch+1"],"picked":"Crippling Poison+1","floor":25},{"not_picked":["Backflip","Wraith Form v2"],"picked":"Footwork+1","floor":27},{"not_picked":["Noxious Fumes","Skewer+1"],"picked":"Caltrops+1","floor":29},{"not_picked":["Dodge and Roll+1","Sucker Punch+1"],"picked":"Predator+1","floor":30},{"not_picked":["Burst","Bullet Time"],"picked":"Corpse Explosion","floor":33},{"not_picked":["Calculated Gamble+1","Dagger Spray+1"],"picked":"Heel Hook+1","floor":35},{"not_picked":["All Out Attack+1","Slice+1"],"picked":"Deflect+1","floor":37}],"player_experience":19325,"relics_obtained":[{"floor":9,"key":"MawBank"},{"floor":26,"key":"Molten Egg 2"},{"floor":27,"key":"Dodecahedron"},{"floor":38,"key":"Pantograph"}],"event_choices":[{"event_name":"Golden Idol","player_choice":"Take Wound","floor":5,"damage_taken":0},{"event_name":"Big Fish","player_choice":"Donut","floor":10,"damage_taken":0},{"event_name":"Addict","player_choice":"Obtained Relic","floor":19,"damage_taken":0},{"event_name":"Beggar","player_choice":"Ignored","floor":21,"damage_taken":0},{"event_name":"Mysterious Sphere","player_choice":"Ignore","floor":36,"damage_taken":0}],"is_beta":false,"boss_relics":[{"not_picked":["Velvet Choker","Philosopher\u0027s Stone"],"picked":"Astrolabe"},{"not_picked":["Lizard Tail","HoveringKite"],"picked":"Empty Cage"}],"items_purged_floors":[3,20,31,39],"is_endless":false,"potions_floor_spawned":[1,4,11,13,25,29,30,35,37],"killed_by":"2 Orb Walkers","ascension_level":0}