{"gold_per_floor":[212,387,398,398,8,36,24,24,24,42,76,41,4,17,17,118,118,136,136,152,251,261,261],"floor_reached":23,"playtime":1085,"items_purged":[],"score":264,"play_id":"dbad4d01-27a8-4532-a1c1-eb634f25f215","local_time":"20190509231511","is_ascension_mode":true,"campfire_choices":[{"data":"Bash","floor":8,"key":"SMITH"},{"floor":15,"key":"REST"}],"neow_cost":"NONE","seed_source_timestamp":273118680710250,"circlet_count":0,"master_deck":["Strike_R","Strike_R","Strike_R","Strike_R","Strike_R+1","Defend_R","Defend_R+1","Defend_R","Defend_R","Bash+1","Armaments","Doubt","Clothesline","Corruption","Feel No Pain","Twin Strike+1","Pommel Strike+1","Intimidate","Disarm","Offering","Heavy Blade+1","Ghostly","Ghostly","Ghostly","Ghostly","Ghostly","Iron Wave+1","Battle Trance"],"relics":["Burning Blood","Membership Card","Incense Burner","Molten Egg 2","Bottled Tornado","Pantograph","Sozu"],"potions_floor_usage":[11,16,22],"damage_taken":[{"damage":7,"enemies":"2 Louse","floor":1,"turns":3},{"damage":8,"enemies":"Jaw Worm","floor":3,"turns":5},{"damage":38,"enemies":"Gremlin Nob","floor":6,"turns":7},{"damage":0,"enemies":"Small Slimes","floor":10,"turns":2},{"damage":33,"enemies":"3 Sentries","floor":11,"turns":7},{"damage":7,"enemies":"2 Fungi Beasts","floor":14,"turns":4},{"damage":67,"enemies":"The Guardian","floor":16,"turns":17},{"damage":13,"enemies":"Shell Parasite","floor":18,"turns":5},{"damage":6,"enemies":"Spheric Guardian","floor":20,"turns":6},{"damage":13,"enemies":"Snake Plant","floor":22,"turns":6},{"damage":49,"enemies":"Gremlin Leader","floor":23,"turns":9}],"seed_played":"8390442596331696209","potions_obtained":[{"floor":6,"key":"GamblersBrew"},{"floor":11,"key":"LiquidBronze"},{"floor":16,"key":"AttackPotion"}],"is_trial":false,"path_per_floor":["M","?","M","?","$","E","$","R","T","M","E","?","$","M","R","B",null,"M","?","M","?","M","E"],"character_chosen":"IRONCLAD","items_purchased":["Membership Card","Incense Burner","Corruption","Twin Strike+1","Disarm"],"campfire_rested":1,"item_purchase_floors":[5,5,5,7,13],"current_hp_per_floor":[79,79,77,61,61,29,29,29,29,35,8,28,28,27,51,15,80,73,40,40,40,33,0],"gold":261,"neow_bonus":"HUNDRED_GOLD","is_prod":false,"is_daily":false,"chose_seed":false,"campfire_upgraded":1,"win_rate":0,"timestamp":1557458111,"path_taken":["M","?","M","?","$","E","?","R","T","M","E","?","$","M","R","BOSS","M","?","M","?","M","E"],"build_version":"2019-01-23","purchased_purges":0,"victory":false,"max_hp_per_floor":[80,80,80,80,80,80,80,80,80,80,80,80,80,80,80,80,80,80,40,40,40,40,40],"card_choices":[{"not_picked":["Havoc","Headbutt"],"picked":"Armaments","floor":1},{"not_picked":["True Grit","Iron Wave"],"picked":"Clothesline","floor":3},{"not_picked":["Bludgeon","Corruption"],"picked":"Feel No Pain","floor":6},{"not_picked":["Warcry","Perfected Strike+1"],"picked":"Pommel Strike+1","floor":10},{"not_picked":["Warcry","Twin Strike+1"],"picked":"Intimidate","floor":11},{"not_picked":["Bloodletting","Pommel Strike+1","Twin Strike+1"],"picked":"SKIP","floor":14},{"not_picked":["Bludgeon+1","Impervious"],"picked":"Offering","floor":16},{"not_picked":["Clash+1","True Grit"],"picked":"Heavy Blade+1","floor":18},{"not_picked":["Perfected Strike+1","Warcry"],"picked":"Iron Wave+1","floor":20},{"not_picked":["Flex","Body Slam+1"],"picked":"Battle Trance","floor":22}],"player_experience":113416,"relics_obtained":[{"floor":6,"key":"Molten Egg 2"},{"floor":9,"key":"Bottled Tornado"},{"floor":11,"key":"Pantograph"}],"event_choices":[{"damage_healed":0,"gold_gain":175,"player_choice":"AGREE","damage_taken":0,"max_hp_gain":0,"max_hp_loss":0,"event_name":"Liars Game","floor":2,"gold_loss":0,"cards_obtained":["Doubt"]},{"damage_healed":0,"gold_gain":0,"player_choice":"Entered Light","damage_taken":16,"max_hp_gain":0,"max_hp_loss":0,"event_name":"Shining Light","floor":4,"gold_loss":0,"cards_upgraded":["Strike_R","Defend_R"]},{"damage_healed":20,"gold_gain":0,"player_choice":"Healed","damage_taken":0,"max_hp_gain":0,"max_hp_loss":0,"event_name":"The Cleric","floor":12,"gold_loss":35},{"damage_healed":0,"gold_gain":0,"player_choice":"Became a Ghost","damage_taken":0,"max_hp_gain":0,"max_hp_loss":40,"event_name":"Ghosts","floor":19,"gold_loss":0,"cards_obtained":["Ghostly","Ghostly","Ghostly","Ghostly","Ghostly"]},{"damage_healed":0,"gold_gain":99,"player_choice":"Stole From Cult","damage_taken":0,"max_hp_gain":0,"max_hp_loss":0,"event_name":"Nest","floor":21,"gold_loss":0}],"is_beta":false,"boss_relics":[{"not_picked":["Orrery","Empty Cage"],"picked":"Sozu"}],"items_purged_floors":[],"is_endless":false,"potions_floor_spawned":[6,11,16,20,22],"killed_by":"Gremlin Leader","ascension_level":4}