{"gold_per_floor":[210,229,5,5,19,19,33,33,33,58,58,58,73,93,93,169,169,180,180,180,280,70,70,70,70,70,83,83,83,109,129,129,201,201,219,53,65,78,96,96,126,126,126,141,0,10,10,40,40,40,40],"floor_reached":51,"playtime":2428,"items_purged":[],"score":1450,"play_id":"bb684923-0aef-4f42-a789-5727514f1848","local_time":"20190322100920","is_ascension_mode":true,"campfire_choices":[{"data":"Carnage","floor":6.0,"key":"SMITH"},{"data":"Spot Weakness","floor":8.0,"key":"SMITH"},{"data":"Shrug It Off","floor":11.0,"key":"SMITH"},{"data":"Immolate","floor":15.0,"key":"SMITH"},{"data":"Shrug It Off","floor":23.0,"key":"SMITH"},{"floor":29.0,"key":"REST"},{"data":"Limit Break","floor":32.0,"key":"SMITH"},{"floor":40.0,"key":"REST"},{"floor":42.0,"key":"REST"},{"data":"Inflame","floor":47.0,"key":"SMITH"},{"data":"Flame Barrier","floor":49.0,"key":"SMITH"}],"neow_cost":"NONE","seed_source_timestamp":283932910358763,"circlet_count":0,"master_deck":["AscendersBane","Strike_R","Strike_R","Strike_R","Strike_R","Strike_R","Defend_R","Defend_R","Defend_R","Defend_R","Bash","Uppercut+1","Iron Wave","Carnage+1","Spot Weakness+1","Shrug It Off+1","Immolate+1","Double Tap","Shrug It Off+1","Writhe","Shrug It Off","Apotheosis","Clothesline","Flame Barrier+1","Limit Break+1","Reaper","Heavy Blade+1","Inflame+1"],"special_seed":0,"relics":["Black Blood","Vajra","Question Card","Bronze Scales","Bag of Marbles","Snecko Eye","Nunchaku","Prayer Wheel","Mummified Hand","Nilry\u0027s Codex","Gremlin Horn","Lantern","Dream Catcher","Pen Nib","Pantograph","Red Mask","Darkstone Periapt"],"potions_floor_usage":[],"damage_taken":[{"damage":7.0,"enemies":"Small Slimes","floor":1.0,"turns":3.0},{"damage":1.0,"enemies":"Cultist","floor":2.0,"turns":4.0},{"damage":5.0,"enemies":"2 Louse","floor":5.0,"turns":4.0},{"damage":2.0,"enemies":"2 Fungi Beasts","floor":7.0,"turns":3.0},{"damage":20.0,"enemies":"3 Sentries","floor":10.0,"turns":6.0},{"damage":1.0,"enemies":"3 Louse","floor":13.0,"turns":3.0},{"damage":4.0,"enemies":"Gremlin Gang","floor":14.0,"turns":4.0},{"damage":23.0,"enemies":"The Guardian","floor":16.0,"turns":10.0},{"damage":0.0,"enemies":"3 Byrds","floor":18.0,"turns":2.0},{"damage":0.0,"enemies":"Colosseum Slavers","floor":21.0,"turns":2.0},{"damage":0.0,"enemies":"Colosseum Nobs","floor":21.0,"turns":3.0},{"damage":14.0,"enemies":"Spheric Guardian","floor":27.0,"turns":4.0},{"damage":8.0,"enemies":"Slavers","floor":30.0,"turns":2.0},{"damage":5.0,"enemies":"Snake Plant","floor":31.0,"turns":2.0},{"damage":17.0,"enemies":"Automaton","floor":33.0,"turns":8.0},{"damage":3.0,"enemies":"3 Darklings","floor":35.0,"turns":3.0},{"damage":0.0,"enemies":"3 Shapes","floor":37.0,"turns":2.0},{"damage":35.0,"enemies":"Spire Growth","floor":38.0,"turns":4.0},{"damage":32.0,"enemies":"Writhing Mass","floor":39.0,"turns":4.0},{"damage":39.0,"enemies":"Nemesis","floor":41.0,"turns":7.0},{"damage":9.0,"enemies":"3 Darklings","floor":44.0,"turns":3.0},{"damage":5.0,"enemies":"Jaw Worm Horde","floor":46.0,"turns":3.0},{"damage":0.0,"enemies":"Reptomancer","floor":48.0,"turns":2.0},{"damage":45.0,"enemies":"Awakened One","floor":50.0,"turns":17.0},{"damage":82,"enemies":"Time Eater","floor":51,"turns":5}],"seed_played":"8969479461526106410","potions_obtained":[{"floor":1.0,"key":"Energy Potion"},{"floor":5.0,"key":"Fire Potion"},{"floor":13.0,"key":"Swift Potion"},{"floor":14.0,"key":"Strength Potion"},{"floor":18.0,"key":"PowerPotion"},{"floor":33.0,"key":"Explosive Potion"},{"floor":35.0,"key":"GamblersBrew"},{"floor":44.0,"key":"Fruit Juice"},{"floor":46.0,"key":"PowerPotion"}],"is_trial":false,"path_per_floor":["M","M","$","?","M","R","M","R","T","E","R","T","M","M","R","B",null,"M","?","?","?","$","R","?","?","T","M","T","R","E","M","R","B",null,"M","$","M","M","M","R","E","R","T","M","?","M","R","E","R","B","B"],"character_chosen":"IRONCLAD","items_purchased":["Vajra","Fire Potion","Apotheosis","Pen Nib"],"campfire_rested":3,"item_purchase_floors":[3,3,22,36],"current_hp_per_floor":[67,72,72,72,73,73,75,75,75,61,61,61,66,68,68,51,69,75,75,75,75,75,75,75,54,54,46,46,68,66,67,67,56,70,75,75,75,59,37,59,42,64,64,65,65,80,80,80,80,72,0],"gold":40,"neow_bonus":"HUNDRED_GOLD","is_prod":false,"is_daily":false,"chose_seed":false,"campfire_upgraded":8,"win_rate":0,"timestamp":1553216960,"path_taken":["M","M","$","?","M","R","?","R","T","E","R","?","M","M","R","BOSS","M","?","?","?","$","R","?","?","T","M","?","R","E","M","R","BOSS","M","$","M","M","M","R","E","R","T","?","?","M","R","E","R","BOSS","BOSS"],"build_version":"2019-01-23","purchased_purges":0,"victory":false,"max_hp_per_floor":[75,75,75,75,75,75,75,75,75,75,75,75,75,75,75,75,75,75,75,75,75,75,75,75,75,75,75,75,75,75,75,75,75,75,75,75,75,75,75,75,75,75,75,75,75,80,80,80,80,80,80],"card_choices":[{"not_picked":["Burning Pact","Perfected Strike"],"picked":"Uppercut","floor":1.0},{"not_picked":["Body Slam","Flex"],"picked":"Iron Wave","floor":2.0},{"not_picked":["Iron Wave","Havoc"],"picked":"Carnage","floor":5.0},{"not_picked":["True Grit","Whirlwind"],"picked":"Spot Weakness","floor":7.0},{"not_picked":["Cleave","Evolve","Anger"],"picked":"Shrug It Off","floor":10.0},{"not_picked":["Metallicize","Intimidate","Shrug It Off"],"picked":"Immolate","floor":13.0},{"not_picked":["Burning Pact","Perfected Strike","Armaments","Uppercut"],"picked":"SKIP","floor":14.0},{"not_picked":["Exhume","Bludgeon","Dark Embrace"],"picked":"Double Tap","floor":16.0},{"not_picked":["Cleave","Metallicize","Blood for Blood"],"picked":"Shrug It Off","floor":18.0},{"not_picked":["Perfected Strike","Iron Wave","Dual Wield"],"picked":"Shrug It Off","floor":21.0},{"not_picked":["Warcry+1","Clash","Wild Strike","Rupture"],"picked":"SKIP","floor":27.0},{"not_picked":["True Grit","Iron Wave","Armaments","Blood for Blood"],"picked":"SKIP","floor":27.0},{"not_picked":["Body Slam","Intimidate","Searing Blow+1"],"picked":"Clothesline","floor":30.0},{"not_picked":["Infernal Blade","Perfected Strike","Cleave+1"],"picked":"Flame Barrier","floor":31.0},{"not_picked":["Warcry","Sever Soul","Ghostly Armor"],"picked":"Limit Break","floor":31.0},{"not_picked":["Barricade","Immolate","Offering"],"picked":"Reaper","floor":33.0},{"not_picked":["Sword Boomerang","Thunderclap","Armaments+1","Pommel Strike"],"picked":"SKIP","floor":35.0},{"not_picked":["Rage+1","Iron Wave","Armaments","Carnage+1"],"picked":"SKIP","floor":35.0},{"not_picked":["Clothesline","Burning Pact+1","Cleave+1","Havoc+1"],"picked":"SKIP","floor":37.0},{"not_picked":["Pummel","Flex","Warcry","Reckless Charge+1"],"picked":"SKIP","floor":37.0},{"not_picked":["Second Wind","Twin Strike+1","Blood for Blood","Seeing Red"],"picked":"SKIP","floor":38.0},{"not_picked":["Rage","Seeing Red","Exhume","Wild Strike"],"picked":"SKIP","floor":38.0},{"not_picked":["Pommel Strike","Cleave","Hemokinesis","Thunderclap"],"picked":"SKIP","floor":39.0},{"not_picked":["Whirlwind","Perfected Strike","Metallicize","Headbutt+1"],"picked":"SKIP","floor":39.0},{"not_picked":["Metallicize+1","Flex","Fire Breathing"],"picked":"Heavy Blade+1","floor":41.0},{"not_picked":["Spot Weakness","Limit Break","Body Slam+1","True Grit"],"picked":"SKIP","floor":44.0},{"not_picked":["Havoc+1","Bloodletting","Clothesline","Clash"],"picked":"SKIP","floor":44.0},{"not_picked":["Second Wind","Clothesline","Headbutt"],"picked":"Inflame","floor":46.0},{"not_picked":["Whirlwind","Blood for Blood","Headbutt+1","Uppercut"],"picked":"SKIP","floor":46.0},{"not_picked":["Warcry+1","Sword Boomerang+1","Havoc","Immolate"],"picked":"SKIP","floor":48.0}],"player_experience":765014,"relics_obtained":[{"floor":9.0,"key":"Question Card"},{"floor":10.0,"key":"Bronze Scales"},{"floor":12.0,"key":"Bag of Marbles"},{"floor":21.0,"key":"Prayer Wheel"},{"floor":21.0,"key":"Mummified Hand"},{"floor":25.0,"key":"Nilry\u0027s Codex"},{"floor":26.0,"key":"Gremlin Horn"},{"floor":28.0,"key":"Lantern"},{"floor":30.0,"key":"Dream Catcher"},{"floor":41.0,"key":"Pantograph"},{"floor":48.0,"key":"Darkstone Periapt"}],"event_choices":[{"damage_healed":0.0,"max_hp_gain":0.0,"max_hp_loss":0.0,"gold_gain":0.0,"event_name":"Upgrade Shrine","player_choice":"Upgraded","floor":4.0,"gold_loss":0.0,"damage_taken":0.0,"cards_upgraded":["Uppercut"]},{"damage_healed":0.0,"max_hp_gain":0.0,"max_hp_loss":0.0,"gold_gain":0.0,"event_name":"The Mausoleum","player_choice":"Opened","floor":19.0,"gold_loss":0.0,"damage_taken":0.0,"relics_obtained":["Nunchaku"],"cards_obtained":["Writhe"]},{"damage_healed":0.0,"max_hp_gain":0.0,"max_hp_loss":0.0,"gold_gain":0.0,"event_name":"Vampires","player_choice":"Ignored","floor":20.0,"gold_loss":0.0,"damage_taken":0.0},{"damage_healed":0.0,"max_hp_gain":0.0,"max_hp_loss":0.0,"gold_gain":0.0,"event_name":"Colosseum","player_choice":"Fight","floor":21.0,"gold_loss":0.0,"damage_taken":0.0},{"damage_healed":0.0,"max_hp_gain":0.0,"max_hp_loss":0.0,"gold_gain":0.0,"event_name":"Colosseum","player_choice":"Fought Nobs","floor":21.0,"gold_loss":0.0,"damage_taken":0.0},{"damage_healed":0.0,"max_hp_gain":0.0,"max_hp_loss":0.0,"gold_gain":0.0,"event_name":"Beggar","player_choice":"Ignored","floor":24.0,"gold_loss":0.0,"damage_taken":0.0},{"damage_healed":0.0,"max_hp_gain":0.0,"max_hp_loss":0.0,"gold_gain":0.0,"event_name":"Cursed Tome","player_choice":"Obtained Book","floor":25.0,"gold_loss":0.0,"damage_taken":21.0},{"damage_healed":0.0,"max_hp_gain":0.0,"max_hp_loss":0.0,"gold_gain":0.0,"event_name":"Tomb of Lord Red Mask","player_choice":"Paid","floor":45.0,"gold_loss":141.0,"damage_taken":0.0,"relics_obtained":["Red Mask"]}],"is_beta":false,"boss_relics":[{"not_picked":["Sozu","Runic Cube"],"picked":"Snecko Eye"},{"not_picked":["Black Star","Philosopher\u0027s Stone"],"picked":"Black Blood"}],"items_purged_floors":[],"is_endless":false,"potions_floor_spawned":[1,5,13,14,16,18,27,30,33,35,38,44,46],"killed_by":"Time Eater","ascension_level":20}