{"gold_per_floor":[217,6,6,21,21,65,77,107,198,241,253,265,352,382,394,535,547,574,0,35,47,84,96,124,136,148,160,198,226,238],"floor_reached":30,"playtime":2016,"items_purged":[],"score":395,"play_id":"c3c6e25d-4492-47dc-9f98-ac00bdeb6ab6","local_time":"20181215171259","is_ascension_mode":true,"campfire_choices":[{"data":"Footwork","floor":7.0,"key":"SMITH"},{"data":"Well Laid Plans","floor":11.0,"key":"SMITH"},{"floor":15.0,"key":"REST"},{"floor":23.0,"key":"REST"},{"floor":25,"key":"REST"}],"neow_cost":"NONE","seed_source_timestamp":0,"circlet_count":0,"master_deck":["AscendersBane","Defend_G","Defend_G","Defend_G","Defend_G","Defend_G","Strike_G","Strike_G","Strike_G","Strike_G","Survivor","Neutralize+1","Well Laid Plans+1","Backstab","Footwork+1","Flying Knee","Injury","Quick Slash","Backstab","Backflip","Caltrops","A Thousand Cuts","Slice","Choke+1","Pain","Injury"],"special_seed":0,"relics":["Ring of the Snake","Golden Idol","MawBank","Kunai","Smiling Mask","Cursed Key","MutagenicStrength","Bottled Flame","Lantern"],"potions_floor_usage":[24],"damage_taken":[{"damage":10.0,"enemies":"Small Slimes","floor":1.0,"turns":4.0},{"damage":0.0,"enemies":"2 Louse","floor":4.0,"turns":3.0},{"damage":6.0,"enemies":"Lagavulin","floor":6.0,"turns":9.0},{"damage":0.0,"enemies":"Jaw Worm","floor":8.0,"turns":5.0},{"damage":0.0,"enemies":"Gremlin Nob","floor":10.0,"turns":2.0},{"damage":1.0,"enemies":"2 Fungi Beasts","floor":14.0,"turns":4.0},{"damage":17.0,"enemies":"Slime Boss","floor":16.0,"turns":12.0},{"damage":36.0,"enemies":"3 Byrds","floor":18.0,"turns":5.0},{"damage":6.0,"enemies":"Chosen","floor":20.0,"turns":5.0},{"damage":9.0,"enemies":"Snake Plant","floor":22.0,"turns":6.0},{"damage":11,"enemies":"Chosen and Byrds","floor":24,"turns":5},{"damage":37,"enemies":"Sentry and Sphere","floor":29,"turns":6},{"damage":3,"enemies":"3 Cultists","floor":30,"turns":3}],"seed_played":"4334907197899977943","potions_obtained":[{"floor":1.0,"key":"GhostInAJar"},{"floor":8.0,"key":"Strength Potion"},{"floor":10.0,"key":"Explosive Potion"},{"floor":18.0,"key":"Ancient Potion"},{"floor":22.0,"key":"Ancient Potion"}],"is_trial":false,"path_per_floor":["M","$","?","M","?","E","R","M","T","E","R","?","?","M","R","B",null,"M","?","M","?","M","R","M","R","T","?","T","M","M"],"character_chosen":"THE_SILENT","items_purchased":["Backstab","Footwork","Explosive Potion"],"campfire_rested":3,"item_purchase_floors":[2,2,2],"current_hp_per_floor":[53,53,53,53,53,47,47,47,47,47,47,40,29,28,49,32,61,25,25,19,19,10,31,20,41,41,41,41,4,1],"gold":238,"neow_bonus":"HUNDRED_GOLD","is_prod":false,"is_daily":false,"chose_seed":false,"campfire_upgraded":2,"win_rate":0,"timestamp":1544915579,"path_taken":["M","$","?","M","?","E","R","M","T","E","R","?","?","M","R","BOSS","M","?","M","?","M","R","M","R","T","?","?","?","M"],"build_version":"2018-12-13","purchased_purges":0,"victory":false,"max_hp_per_floor":[70,70,70,70,70,70,70,70,70,70,70,70,70,70,70,70,70,70,70,70,70,70,70,70,70,70,70,70,70,70],"card_choices":[{"not_picked":["Masterful Stab","Blade Dance"],"picked":"Well Laid Plans","floor":1.0},{"not_picked":["PiercingWail","Concentrate"],"picked":"Flying Knee","floor":4.0},{"not_picked":["Terror","Endless Agony"],"picked":"Quick Slash","floor":6.0},{"not_picked":["Crippling Poison","Infinite Blades"],"picked":"Backstab","floor":8.0},{"not_picked":["Poisoned Stab","Flechettes"],"picked":"Backflip","floor":10.0},{"not_picked":["Outmaneuver","Flechettes"],"picked":"Caltrops","floor":14.0},{"not_picked":["Doppelganger","Grand Finale"],"picked":"A Thousand Cuts","floor":16.0},{"not_picked":["Backflip","Blade Dance"],"picked":"Slice","floor":18.0},{"not_picked":["Acrobatics","Flying Knee","Prepared"],"picked":"SKIP","floor":20.0},{"not_picked":["Concentrate+1","Slice"],"picked":"Choke+1","floor":22.0},{"not_picked":["Backflip","Dagger Throw","Catalyst"],"picked":"SKIP","floor":24},{"not_picked":["Underhanded Strike","Dodge and Roll","All Out Attack"],"picked":"SKIP","floor":29}],"player_experience":313759,"relics_obtained":[{"floor":6.0,"key":"MawBank"},{"floor":9.0,"key":"Kunai"},{"floor":10.0,"key":"Smiling Mask"},{"floor":26,"key":"Bottled Flame"},{"floor":28,"key":"Lantern"}],"event_choices":[{"damage_healed":0.0,"max_hp_gain":0.0,"max_hp_loss":0.0,"gold_gain":0.0,"event_name":"Living Wall","player_choice":"Grow","floor":3.0,"gold_loss":0.0,"damage_taken":0.0,"cards_upgraded":["Neutralize"]},{"damage_healed":0.0,"max_hp_gain":0.0,"max_hp_loss":0.0,"gold_gain":0.0,"event_name":"Golden Idol","player_choice":"Take Wound","floor":5.0,"gold_loss":0.0,"damage_taken":0.0,"relics_obtained":["Golden Idol"],"cards_obtained":["Injury"]},{"cards_removed":["Strike_G"],"damage_healed":0.0,"max_hp_gain":0.0,"max_hp_loss":0.0,"gold_gain":0.0,"event_name":"Golden Wing","player_choice":"Card Removal","floor":12.0,"gold_loss":0.0,"damage_taken":7.0},{"damage_healed":0.0,"max_hp_gain":0.0,"max_hp_loss":0.0,"gold_gain":75.0,"event_name":"World of Goop","player_choice":"Gather Gold","floor":13.0,"gold_loss":0.0,"damage_taken":11.0},{"damage_healed":0.0,"max_hp_gain":0.0,"max_hp_loss":0.0,"gold_gain":0.0,"event_name":"Masked Bandits","player_choice":"Paid Fearfully","floor":19.0,"gold_loss":586.0,"damage_taken":0.0},{"damage_healed":0.0,"max_hp_gain":0.0,"max_hp_loss":0.0,"gold_gain":0.0,"event_name":"Drug Dealer","player_choice":"Inject Mutagens","floor":21.0,"gold_loss":0.0,"damage_taken":0.0,"relics_obtained":["MutagenicStrength"]},{"damage_healed":0,"gold_gain":0,"player_choice":"Ignored","damage_taken":0,"max_hp_gain":0,"max_hp_loss":0,"event_name":"Cursed Tome","floor":27,"gold_loss":0}],"is_beta":false,"boss_relics":[{"not_picked":["Snecko Eye","Runic Dome"],"picked":"Cursed Key"}],"items_purged_floors":[],"is_endless":false,"potions_floor_spawned":[1,8,10,18,22],"killed_by":"3 Cultists","ascension_level":10}