{"gold_per_floor":[362,376,376,393,393,413,413,446,446,456,456,515,515,79,79,174,174,193,193,111,124,143,143,143,154,154,60,60,89,89,114,114,217,217,237,237,237,247,1,26,26,51,75,75,92,92,112,130,130,130],"floor_reached":51,"playtime":3408,"items_purged":["Strike_B"],"score":1042,"play_id":"5b0d86e0-ac19-4445-aed5-5cb7c2bfd3cb","local_time":"20190331184547","is_ascension_mode":true,"campfire_choices":[{"data":"Zap","floor":7.0,"key":"SMITH"},{"floor":11.0,"key":"REST"},{"data":"Creative AI","floor":15.0,"key":"SMITH"},{"data":"Consume","floor":23,"key":"SMITH"},{"floor":28,"key":"REST"},{"data":"Defragment","floor":30,"key":"SMITH"},{"data":"Storm","floor":32,"key":"SMITH"},{"data":"Melter","floor":41,"key":"SMITH"},{"data":"Steam","floor":44,"key":"SMITH"},{"floor":49,"key":"REST"}],"neow_cost":"TEN_PERCENT_HP_LOSS","seed_source_timestamp":0,"circlet_count":0,"master_deck":["Defend_B","Defend_B","Defend_B+1","Defend_B","Zap+1","Dualcast+1","Go for the Eyes+1","Creative AI+1","Beam Cell","Steam+1","Consume+1","Steam+1","Melter+1","Glacier+1","Steam+1","Electrodynamics","Ball Lightning+1","Auto Shields+1","Seek+1","White Noise+1","Coolheaded+1","Leap+1","Ball Lightning+1","Storm+1","Defragment+1","Redo+1","Enlightenment+1","Capacitor+1","Reinforced Body+1"],"special_seed":0,"relics":["FrozenCore","Bag of Marbles","Meat on the Bone","Toxic Egg 2","Tiny Chest","Matryoshka","Bottled Lightning","War Paint","Sundial","Blue Candle","Bag of Preparation","Black Star","Vajra","Oddly Smooth Stone","PreservedInsect","Gremlin Horn","Dream Catcher","Smiling Mask","Question Card","Whetstone"],"potions_floor_usage":[29,31,31,40,48,48,50],"damage_taken":[{"damage":0.0,"enemies":"Small Slimes","floor":1.0,"turns":3.0},{"damage":7.0,"enemies":"Jaw Worm","floor":2.0,"turns":3.0},{"damage":2.0,"enemies":"Cultist","floor":4.0,"turns":4.0},{"damage":4.0,"enemies":"Looter","floor":6.0,"turns":3.0},{"damage":12.0,"enemies":"3 Sentries","floor":8.0,"turns":7.0},{"damage":12.0,"enemies":"Lots of Slimes","floor":10.0,"turns":4.0},{"damage":27.0,"enemies":"Gremlin Nob","floor":12.0,"turns":4.0},{"damage":15.0,"enemies":"Slime Boss","floor":16.0,"turns":12.0},{"damage":14.0,"enemies":"Shell Parasite","floor":18.0,"turns":7.0},{"damage":0.0,"enemies":"Spheric Guardian","floor":21.0,"turns":4.0},{"damage":30.0,"enemies":"Snecko","floor":22.0,"turns":10.0},{"damage":13,"enemies":"Shelled Parasite and Fungi","floor":25,"turns":10},{"damage":6,"enemies":"Gremlin Leader","floor":29,"turns":8},{"damage":7,"enemies":"Book of Stabbing","floor":31,"turns":7},{"damage":15,"enemies":"Champ","floor":33,"turns":11},{"damage":0,"enemies":"Orb Walker","floor":35,"turns":4},{"damage":7,"enemies":"3 Darklings","floor":38,"turns":4},{"damage":0,"enemies":"Reptomancer","floor":40,"turns":3},{"damage":0,"enemies":"Nemesis","floor":42,"turns":6},{"damage":20,"enemies":"Spire Growth","floor":45,"turns":5},{"damage":29,"enemies":"4 Shapes","floor":47,"turns":5},{"damage":2,"enemies":"Transient","floor":48,"turns":5},{"damage":49,"enemies":"Donu and Deca","floor":50,"turns":12}],"seed_played":"-2061738543449342609","potions_obtained":[{"floor":4.0,"key":"AttackPotion"},{"floor":6.0,"key":"LiquidBronze"},{"floor":12.0,"key":"Swift Potion"},{"floor":21.0,"key":"Swift Potion"},{"floor":22,"key":"Swift Potion"},{"floor":29,"key":"SkillPotion"},{"floor":33,"key":"SkillPotion"},{"floor":38,"key":"Fire Potion"},{"floor":42,"key":"Fire Potion"},{"floor":47,"key":"SkillPotion"}],"is_trial":false,"path_per_floor":["M","M","?","M","?","M","R","E","T","M","R","E","T","$","R","B",null,"M","?","$","M","M","R","?","M","T","$","R","E","R","E","R","B",null,"M","T","?","M","$","E","R","E","T","R","M","?","M","M","R","B",null],"character_chosen":"DEFECT","items_purchased":["Bottled Lightning","Glacier+1","Steam+1","White Noise+1","Ball Lightning","Storm","PreservedInsect","Enlightenment+1"],"campfire_rested":3,"item_purchase_floors":[14,14,14,20,27,27,39,39],"current_hp_per_floor":[68,61,54,52,45,41,41,29,29,29,49,34,34,34,34,31,59,45,45,45,45,27,27,27,26,26,26,46,40,40,45,45,42,62,62,62,59,52,52,52,52,52,52,52,44,44,27,37,57,20],"gold":130,"neow_bonus":"TWO_FIFTY_GOLD","is_prod":false,"is_daily":false,"chose_seed":false,"campfire_upgraded":7,"win_rate":0,"timestamp":1554050747,"path_taken":["M","M","?","M","?","M","R","E","T","M","R","E","?","$","R","BOSS","M","?","$","M","M","R","?","M","T","$","R","E","R","E","R","BOSS","M","?","?","?","$","E","R","E","T","R","M","?","M","M","R","BOSS"],"build_version":"2019-01-23","purchased_purges":1,"victory":true,"max_hp_per_floor":[68,68,68,68,68,68,68,68,68,68,68,68,68,68,68,68,68,68,68,68,68,68,68,68,68,68,68,68,68,68,68,68,68,68,68,68,68,68,68,68,68,68,68,68,68,68,68,68,68,68],"card_choices":[{"not_picked":["Rip and Tear","Turbo"],"picked":"Go for the Eyes","floor":1.0},{"not_picked":["Coolheaded","Scrape"],"picked":"Creative AI","floor":2.0},{"not_picked":["Turbo","Hello World"],"picked":"Beam Cell","floor":4.0},{"not_picked":["White Noise","Reinforced Body"],"picked":"Steam","floor":6.0},{"not_picked":["Double Energy","Storm"],"picked":"Consume","floor":8.0},{"not_picked":["Leap+1","Consume+1"],"picked":"Steam+1","floor":10.0},{"not_picked":["Leap+1","Hello World"],"picked":"Melter","floor":12.0},{"not_picked":["Hyperbeam","Biased Cognition"],"picked":"Electrodynamics","floor":16.0},{"not_picked":["Doom and Gloom","Steam+1"],"picked":"Ball Lightning+1","floor":18.0},{"not_picked":["Melter","Glacier+1","Leap+1"],"picked":"SKIP","floor":21.0},{"not_picked":["Cold Snap","Consume+1"],"picked":"Coolheaded+1","floor":22},{"not_picked":["Chaos+1","Consume+1"],"picked":"Leap+1","floor":25},{"not_picked":["Reprogram+1","FTL"],"picked":"Defragment","floor":29},{"not_picked":["Leap+1","Hello World","Thunder Strike"],"picked":"SKIP","floor":31},{"not_picked":["Beam Cell+1","Rebound+1"],"picked":"Redo+1","floor":35},{"not_picked":["Beam Cell+1","Compile Driver","Stack+1"],"picked":"SKIP","floor":38},{"not_picked":["Redo+1","White Noise+1","Rebound+1"],"picked":"SKIP","floor":40},{"not_picked":["Darkness+1","Compile Driver","Hologram+1"],"picked":"SKIP","floor":42},{"not_picked":["Self Repair+1","Recycle+1","Chill+1","Aggregate+1"],"picked":"SKIP","floor":45},{"not_picked":["Streamline+1","Rebound","Hello World"],"picked":"Capacitor+1","floor":47},{"not_picked":["Go for the Eyes+1","Stack+1","Redo+1","Hologram+1"],"picked":"SKIP","floor":48},{"not_picked":["Turbo+1","Chaos+1","Coolheaded+1"],"picked":"Reinforced Body+1","floor":49}],"player_experience":402314,"relics_obtained":[{"floor":8.0,"key":"Meat on the Bone"},{"floor":9.0,"key":"Toxic Egg 2"},{"floor":12.0,"key":"Tiny Chest"},{"floor":13.0,"key":"Matryoshka"},{"floor":26,"key":"War Paint"},{"floor":26,"key":"Sundial"},{"floor":29,"key":"Blue Candle"},{"floor":31,"key":"Bag of Preparation"},{"floor":36,"key":"Vajra"},{"floor":36,"key":"Oddly Smooth Stone"},{"floor":40,"key":"Gremlin Horn"},{"floor":40,"key":"Dream Catcher"},{"floor":42,"key":"Smiling Mask"},{"floor":42,"key":"Question Card"},{"floor":43,"key":"Whetstone"}],"event_choices":[{"cards_removed":["Strike_B"],"damage_healed":0.0,"max_hp_gain":0.0,"max_hp_loss":0.0,"gold_gain":0.0,"event_name":"Golden Wing","player_choice":"Card Removal","floor":3.0,"gold_loss":0.0,"damage_taken":7.0},{"damage_healed":0.0,"max_hp_gain":0.0,"max_hp_loss":0.0,"gold_gain":0.0,"event_name":"Scrap Ooze","player_choice":"Success","floor":5.0,"gold_loss":0.0,"damage_taken":7.0,"relics_obtained":["Bag of Marbles"]},{"damage_healed":0.0,"max_hp_gain":0.0,"max_hp_loss":0.0,"gold_gain":0.0,"cards_transformed":["Strike_B","Strike_B"],"event_name":"Drug Dealer","player_choice":"Became Test Subject","floor":19.0,"gold_loss":0.0,"damage_taken":0.0,"cards_obtained":["Auto Shields","Seek"]},{"damage_healed":0,"gold_gain":0,"player_choice":"Bought 0 Potions","damage_taken":0,"max_hp_gain":0,"max_hp_loss":0,"event_name":"The Woman in Blue","floor":24,"gold_loss":0},{"damage_healed":0,"gold_gain":0,"player_choice":"Punched","damage_taken":3,"max_hp_gain":0,"max_hp_loss":0,"event_name":"Designer","floor":37,"gold_loss":0},{"damage_healed":0,"gold_gain":0,"player_choice":"Memory 1","damage_taken":0,"max_hp_gain":0,"max_hp_loss":0,"event_name":"SensoryStone","floor":46,"gold_loss":0}],"is_beta":false,"boss_relics":[{"not_picked":["White Beast Statue","Orrery"],"picked":"FrozenCore"},{"not_picked":["Runic Pyramid","Fusion Hammer"],"picked":"Black Star"}],"items_purged_floors":[14],"is_endless":false,"potions_floor_spawned":[4,6,12,21,22,29,33,38,42,47],"ascension_level":7}