{"gold_per_floor":[119,135,25,40,40,40,79,92,173,273,273,289,312,332,332,332],"floor_reached":16,"playtime":1528,"items_purged":["Defend_G"],"score":145,"play_id":"ec551f8d-ec01-4632-92af-430f824caaf9","local_time":"20181118082501","is_ascension_mode":true,"campfire_choices":[{"data":"Backflip","floor":6,"key":"SMITH"},{"data":"Masterful Stab","floor":11,"key":"SMITH"},{"floor":15,"key":"REST"}],"neow_cost":"NONE","seed_source_timestamp":319612692135662,"circlet_count":0,"master_deck":["Defend_G","Defend_G","Defend_G","Defend_G","Strike_G","Strike_G","Strike_G","Strike_G","Strike_G","Survivor","Neutralize","Deadly Poison","Backflip+1","Well Laid Plans","Flechettes","Injury","Masterful Stab+1","Blur","Backstab","Deflect","Dagger Spray"],"relics":["Ring of the Snake","Golden Idol","Mango","Question Card"],"potions_floor_usage":[7,12,16,16,16],"damage_taken":[{"damage":1,"enemies":"Small Slimes","floor":1,"turns":5},{"damage":3,"enemies":"Jaw Worm","floor":2,"turns":4},{"damage":1,"enemies":"Cultist","floor":4,"turns":3},{"damage":34,"enemies":"3 Sentries","floor":7,"turns":14},{"damage":7,"enemies":"Large Slime","floor":8,"turns":7},{"damage":6,"enemies":"Red Slaver","floor":12,"turns":2},{"damage":6,"enemies":"Exordium Thugs","floor":13,"turns":4},{"damage":0,"enemies":"Exordium Wildlife","floor":14,"turns":2},{"damage":69,"enemies":"Slime Boss","floor":16,"turns":10}],"seed_played":"-496780494109466249","potions_obtained":[{"floor":2,"key":"Block Potion"},{"floor":8,"key":"SkillPotion"},{"floor":12,"key":"Fire Potion"},{"floor":13,"key":"EssenceOfSteel"},{"floor":14,"key":"SpeedPotion"}],"is_trial":false,"path_per_floor":["M","M","$","M","?","R","E","M","T","?","R","M","M","M","R","B"],"character_chosen":"THE_SILENT","items_purchased":["Well Laid Plans"],"campfire_rested":1,"item_purchase_floors":[3],"current_hp_per_floor":[76,73,73,72,72,72,52,45,45,45,45,39,33,33,60,0],"gold":332,"neow_bonus":"TEN_PERCENT_HP_BONUS","is_prod":false,"is_daily":false,"chose_seed":false,"campfire_upgraded":2,"win_rate":0,"timestamp":1542551101,"path_taken":["M","M","$","M","?","R","E","M","T","?","R","M","M","?","R","BOSS"],"build_version":"2018-11-15","purchased_purges":1,"victory":false,"max_hp_per_floor":[77,77,77,77,77,77,91,91,91,91,91,91,91,91,91,91],"card_choices":[{"not_picked":["Dagger Spray","Underhanded Strike"],"picked":"Deadly Poison","floor":1},{"not_picked":["Slice","Expertise"],"picked":"Backflip","floor":2},{"not_picked":["Flying Knee","Distraction"],"picked":"Flechettes","floor":4},{"not_picked":["Cloak And Dagger","Backstab"],"picked":"Masterful Stab","floor":7},{"not_picked":["Acrobatics","Dodge and Roll"],"picked":"Blur","floor":8},{"not_picked":["Well Laid Plans","Calculated Gamble","Dash"],"picked":"Backstab","floor":12},{"not_picked":["Leg Sweep","Sucker Punch","Flechettes"],"picked":"Deflect","floor":13},{"not_picked":["Slice","Deflect","Dodge and Roll"],"picked":"Dagger Spray","floor":14}],"player_experience":222920,"relics_obtained":[{"floor":7,"key":"Mango"},{"floor":9,"key":"Question Card"}],"event_choices":[{"damage_healed":0,"gold_gain":0,"player_choice":"Take Wound","damage_taken":0,"relics_obtained":["Golden Idol"],"max_hp_gain":0,"max_hp_loss":0,"event_name":"Golden Idol","floor":5,"gold_loss":0,"cards_obtained":["Injury"]},{"damage_healed":0,"gold_gain":100,"player_choice":"Pray","damage_taken":0,"max_hp_gain":0,"max_hp_loss":0,"event_name":"Golden Shrine","floor":10,"gold_loss":0}],"is_beta":false,"boss_relics":[],"items_purged_floors":[3],"is_endless":false,"potions_floor_spawned":[2,8,12,13,14],"killed_by":"Slime Boss","ascension_level":3}