{"gold_per_floor":[110,61,77,91,102,134,145,145,145,176,176,193,193,258,288,288],"floor_reached":16,"playtime":1103,"items_purged":[],"score":134,"play_id":"b908d37b-f69c-43d0-bdc2-cfef932d770e","local_time":"20190302130033","is_ascension_mode":true,"campfire_choices":[{"floor":8,"key":"REST"},{"floor":11,"key":"REST"},{"floor":13,"key":"DIG"},{"floor":15,"key":"DIG"}],"neow_cost":"NONE","seed_source_timestamp":1265613509897222,"circlet_count":0,"master_deck":["Defend_G","Defend_G","Defend_G","Defend_G","Defend_G","Strike_G","Strike_G","Strike_G","Strike_G","Strike_G","Survivor","Neutralize+1","Slice","Deadly Poison","Predator","Outmaneuver","Dodge and Roll","Catalyst","PiercingWail","Sucker Punch","Prepared","Dagger Spray"],"relics":["Ring of the Snake","Shovel","Prayer Wheel","Dodecahedron","Tiny Chest"],"potions_floor_usage":[6,10,16],"damage_taken":[{"damage":4,"enemies":"Small Slimes","floor":1,"turns":5},{"damage":0,"enemies":"2 Louse","floor":3,"turns":2},{"damage":0,"enemies":"Jaw Worm","floor":4,"turns":3},{"damage":7,"enemies":"2 Fungi Beasts","floor":5,"turns":3},{"damage":34,"enemies":"3 Sentries","floor":6,"turns":14},{"damage":8,"enemies":"3 Louse","floor":7,"turns":3},{"damage":24,"enemies":"Gremlin Nob","floor":10,"turns":6},{"damage":2,"enemies":"Blue Slaver","floor":12,"turns":3},{"damage":35,"enemies":"Hexaghost","floor":16,"turns":11}],"seed_played":"-4525238808388818889","potions_obtained":[{"floor":1,"key":"Swift Potion"},{"floor":6,"key":"Energy Potion"},{"floor":7,"key":"SpeedPotion"},{"floor":10,"key":"SkillPotion"}],"is_trial":false,"path_per_floor":["M","$","M","M","M","E","M","R","T","E","R","M","R","?","R","B"],"character_chosen":"THE_SILENT","items_purchased":["Deadly Poison"],"campfire_rested":2,"item_purchase_floors":[2],"current_hp_per_floor":[66,66,66,66,59,25,17,38,38,14,35,33,33,33,33,0],"gold":288,"neow_bonus":"UPGRADE_CARD","is_prod":false,"is_daily":false,"chose_seed":false,"campfire_upgraded":0,"win_rate":0,"timestamp":1551549633,"path_taken":["M","$","M","M","M","E","M","R","T","E","R","M","R","?","R","BOSS"],"build_version":"2019-01-23","purchased_purges":0,"victory":false,"max_hp_per_floor":[70,70,70,70,70,70,70,70,70,70,70,70,70,70,70,70],"card_choices":[{"not_picked":["Accuracy","Dagger Throw"],"picked":"Slice","floor":1},{"not_picked":["Flechettes","Prepared"],"picked":"Predator","floor":3},{"not_picked":["Choke","Calculated Gamble"],"picked":"Outmaneuver","floor":4},{"not_picked":["Prepared","Dagger Throw"],"picked":"Dodge and Roll","floor":5},{"not_picked":["Acrobatics","Setup"],"picked":"Catalyst","floor":6},{"not_picked":["Distraction","Tactician"],"picked":"PiercingWail","floor":7},{"not_picked":["Reflex","Underhanded Strike"],"picked":"Sucker Punch","floor":10},{"not_picked":["Doppelganger","Poisoned Stab"],"picked":"Prepared","floor":12},{"not_picked":["PiercingWail","Prepared"],"picked":"Dagger Spray","floor":12}],"player_experience":116585,"relics_obtained":[{"floor":6,"key":"Shovel"},{"floor":10,"key":"Prayer Wheel"},{"floor":13,"key":"Dodecahedron"},{"floor":15,"key":"Tiny Chest"}],"event_choices":[{"damage_healed":0,"gold_gain":65,"player_choice":"Gained Gold","damage_taken":0,"max_hp_gain":0,"max_hp_loss":0,"event_name":"Golden Wing","floor":14,"gold_loss":0}],"is_beta":false,"boss_relics":[],"items_purged_floors":[],"is_endless":false,"potions_floor_spawned":[1,6,7,10],"killed_by":"Hexaghost","ascension_level":4}