{"gold_per_floor":[110,6,6,17,33,45,45,58,58,93,111,143,143,157,157,234,234,234,134,3,3,3,3,3,3,3,3,3,3,3,3,3,3,3,3,3,3,3,3,3],"floor_reached":40,"playtime":1906,"items_purged":["Strike_G"],"score":832,"play_id":"47cb0b02-d88a-4dae-8d65-251403800997","local_time":"20190428130858","is_ascension_mode":true,"campfire_choices":[{"data":"Crippling Poison","floor":7,"key":"SMITH"},{"data":"Noxious Fumes","floor":13,"key":"SMITH"},{"data":"Leg Sweep","floor":15,"key":"SMITH"},{"floor":23,"key":"REST"},{"data":"Catalyst","floor":30,"key":"SMITH"},{"floor":32,"key":"REST"}],"neow_cost":"NONE","seed_source_timestamp":103961806999146,"circlet_count":0,"master_deck":["AscendersBane","Defend_G","Defend_G","Defend_G","Defend_G","Defend_G","Strike_G","Strike_G","Survivor","Neutralize+1","Blade Dance","Die Die Die","Crippling Poison+1","Leg Sweep+1","Catalyst+1","Footwork","Noxious Fumes+1","Terror","Dash","Bullet Time","Deflect","Crippling Poison","Cloak And Dagger","Riddle With Holes","PiercingWail","Dodge and Roll","PiercingWail","Deadly Poison+1","Malaise","PiercingWail","Decay"],"relics":["Ring of the Serpent","Pantograph","Shuriken","Bottled Flame","Ectoplasm","Orichalcum","Smiling Mask","Molten Egg 2","Mango"],"potions_floor_usage":[10,12,27,33,40],"damage_taken":[{"damage":0,"enemies":"Small Slimes","floor":1,"turns":5},{"damage":0,"enemies":"Cultist","floor":4,"turns":3},{"damage":0,"enemies":"Jaw Worm","floor":5,"turns":4},{"damage":1,"enemies":"Looter","floor":6,"turns":4},{"damage":0,"enemies":"2 Fungi Beasts","floor":8,"turns":3},{"damage":36,"enemies":"Gremlin Nob","floor":10,"turns":5},{"damage":5,"enemies":"3 Louse","floor":11,"turns":4},{"damage":10,"enemies":"Lagavulin","floor":12,"turns":6},{"damage":0,"enemies":"Red Slaver","floor":14,"turns":7},{"damage":4,"enemies":"The Guardian","floor":16,"turns":9},{"damage":18,"enemies":"Chosen","floor":18,"turns":6},{"damage":13,"enemies":"2 Thieves","floor":19,"turns":4},{"damage":16,"enemies":"Slavers","floor":24,"turns":5},{"damage":12,"enemies":"Snecko","floor":25,"turns":6},{"damage":0,"enemies":"Cultist and Chosen","floor":27,"turns":7},{"damage":54,"enemies":"Collector","floor":33,"turns":8},{"damage":24,"enemies":"3 Darklings","floor":35,"turns":6},{"damage":8,"enemies":"Mind Bloom Boss Battle","floor":36,"turns":7},{"damage":13,"enemies":"Orb Walker","floor":37,"turns":6},{"damage":47,"enemies":"Giant Head","floor":40,"turns":7}],"seed_played":"8089881026957883957","potions_obtained":[{"floor":0,"key":"Explosive Potion"},{"floor":0,"key":"Regen Potion"},{"floor":11,"key":"Ancient Potion"},{"floor":14,"key":"GhostInAJar"},{"floor":16,"key":"Dexterity Potion"},{"floor":35,"key":"SkillPotion"},{"floor":37,"key":"Weak Potion"}],"is_trial":false,"path_per_floor":["M","$","?","M","M","M","R","M","T","E","M","E","R","M","R","B",null,"M","M","$","?","$","R","E","M","T","M","?","T","R","?","R","B",null,"M","?","M","?","?","E"],"character_chosen":"THE_SILENT","items_purchased":["Blade Dance","Crippling Poison","Cloak And Dagger"],"campfire_rested":2,"item_purchase_floors":[2,20,20],"current_hp_per_floor":[59,59,59,59,59,58,58,58,58,22,17,22,22,22,22,43,60,42,29,29,29,29,48,32,20,20,20,33,33,33,33,52,12,53,29,60,47,47,47,0],"gold":3,"neow_bonus":"THREE_SMALL_POTIONS","is_prod":false,"is_daily":false,"chose_seed":false,"campfire_upgraded":4,"win_rate":0,"timestamp":1556424538,"path_taken":["M","$","?","M","M","M","R","?","T","E","M","E","R","M","R","BOSS","M","M","$","?","$","R","E","M","T","M","?","?","R","?","R","BOSS","M","?","M","?","?","E"],"build_version":"2019-01-23","purchased_purges":1,"victory":false,"max_hp_per_floor":[66,66,66,66,66,66,66,66,66,66,66,66,66,66,66,66,66,66,66,66,66,66,66,66,66,66,66,66,66,66,66,66,66,66,66,80,80,80,80,80],"card_choices":[{"not_picked":["Outmaneuver","Distraction","Underhanded Strike"],"picked":"SKIP","floor":1},{"not_picked":["Outmaneuver","Deadly Poison"],"picked":"Die Die Die","floor":4},{"not_picked":["Dash","Prepared"],"picked":"Crippling Poison","floor":5},{"not_picked":["Prepared","Quick Slash"],"picked":"Leg Sweep","floor":6},{"not_picked":["Distraction","Sucker Punch"],"picked":"Catalyst","floor":8},{"not_picked":["Outmaneuver","A Thousand Cuts"],"picked":"Footwork","floor":10},{"not_picked":["Outmaneuver","Flying Knee"],"picked":"Noxious Fumes","floor":11},{"not_picked":["Accuracy","Tactician"],"picked":"Terror","floor":12},{"not_picked":["Distraction","Flying Knee"],"picked":"Dash","floor":14},{"not_picked":["Tools of the Trade","Phantasmal Killer"],"picked":"Bullet Time","floor":16},{"not_picked":["Heel Hook","Bane"],"picked":"Deflect","floor":18},{"not_picked":["Acrobatics","Accuracy","Flechettes"],"picked":"SKIP","floor":19},{"not_picked":["Cloak And Dagger","Night Terror"],"picked":"Dodge and Roll","floor":24},{"not_picked":["Underhanded Strike","Blur"],"picked":"PiercingWail","floor":25},{"not_picked":["Dodge and Roll","Underhanded Strike"],"picked":"Deadly Poison+1","floor":27},{"not_picked":["Burst","After Image"],"picked":"Malaise","floor":33},{"not_picked":["Acrobatics","Setup","Terror+1"],"picked":"SKIP","floor":35},{"not_picked":["Bane+1","Deflect+1"],"picked":"PiercingWail","floor":36},{"not_picked":["Infinite Blades+1","Tactician+1","Deadly Poison"],"picked":"SKIP","floor":37}],"player_experience":1128287,"relics_obtained":[{"floor":9,"key":"Pantograph"},{"floor":10,"key":"Shuriken"},{"floor":12,"key":"Bottled Flame"},{"floor":24,"key":"Orichalcum"},{"floor":26,"key":"Smiling Mask"},{"floor":29,"key":"Molten Egg 2"},{"floor":36,"key":"Mango"}],"event_choices":[{"damage_healed":0,"gold_gain":0,"player_choice":"Forge","damage_taken":0,"max_hp_gain":0,"max_hp_loss":0,"event_name":"Accursed Blacksmith","floor":3,"gold_loss":0,"cards_upgraded":["Neutralize"]},{"damage_healed":0,"gold_gain":0,"cards_transformed":["Strike_G","Strike_G"],"player_choice":"Became Test Subject","damage_taken":0,"max_hp_gain":0,"max_hp_loss":0,"event_name":"Drug Dealer","floor":21,"gold_loss":0,"cards_obtained":["Riddle With Holes","PiercingWail"]},{"damage_healed":13,"gold_gain":0,"player_choice":"Heal","damage_taken":0,"max_hp_gain":0,"max_hp_loss":0,"event_name":"The Library","floor":28,"gold_loss":0},{"damage_healed":0,"gold_gain":0,"player_choice":"Ignored","damage_taken":0,"max_hp_gain":0,"max_hp_loss":0,"event_name":"Vampires","floor":31,"gold_loss":0},{"damage_healed":0,"gold_gain":0,"player_choice":"Fight","damage_taken":0,"max_hp_gain":0,"max_hp_loss":0,"event_name":"MindBloom","floor":36,"gold_loss":0},{"damage_healed":0,"gold_gain":0,"player_choice":"Ignored","damage_taken":0,"max_hp_gain":0,"max_hp_loss":0,"event_name":"Mysterious Sphere","floor":38,"gold_loss":0},{"damage_healed":0,"gold_gain":0,"player_choice":"Cursed","damage_taken":0,"max_hp_gain":0,"max_hp_loss":0,"event_name":"Wheel of Change","floor":39,"gold_loss":0,"cards_obtained":["Decay"]}],"is_beta":false,"boss_relics":[{"not_picked":["Orrery","Tiny House"],"picked":"Ectoplasm"},{"not_picked":["HoveringKite","Velvet Choker"],"picked":"Ring of the Serpent"}],"items_purged_floors":[2],"is_endless":false,"potions_floor_spawned":[4,5,6,11,14,16,35,37],"killed_by":"Giant Head","ascension_level":20}