{"gold_per_floor":[113,113,66,84,84,84,107,127,150,150,173,189,214,57,57,186,186,211,211,236,236],"floor_reached":21,"playtime":960,"items_purged":["Strike_B"],"score":260,"play_id":"eec379bb-e266-400c-bb39-fa6da2596c61","local_time":"20190105110124","is_ascension_mode":true,"campfire_choices":[{"data":"Go for the Eyes","floor":6,"key":"SMITH"},{"data":"Sweeping Beam","floor":10,"key":"SMITH"},{"data":"Glacier","floor":15,"key":"SMITH"}],"neow_cost":"NONE","seed_source_timestamp":36446657440019,"circlet_count":0,"master_deck":["AscendersBane","Strike_B","Strike_B","Strike_B","Defend_B","Defend_B","Defend_B","Defend_B","Zap+1","Dualcast","Go for the Eyes+1","Stack","Sweeping Beam+1","Self Repair","Conserve Battery","Cold Snap","Glacier+1","Seek","Zap+1","Capacitor+1"],"relics":["Cracked Core","Golden Idol","Regal Pillow","Nuclear Battery"],"potions_floor_usage":[7,16,20,20,21],"damage_taken":[{"damage":3,"enemies":"2 Louse","floor":1,"turns":2},{"damage":6,"enemies":"Small Slimes","floor":4,"turns":3},{"damage":0,"enemies":"Jaw Worm","floor":7,"turns":3},{"damage":15,"enemies":"Exordium Wildlife","floor":8,"turns":6},{"damage":5,"enemies":"Red Slaver","floor":11,"turns":4},{"damage":2,"enemies":"Looter","floor":12,"turns":3},{"damage":0,"enemies":"Large Slime","floor":13,"turns":4},{"damage":22,"enemies":"The Guardian","floor":16,"turns":15},{"damage":6,"enemies":"Chosen","floor":18,"turns":6},{"damage":2,"enemies":"3 Byrds","floor":20,"turns":5},{"damage":94,"enemies":"Cultist and Chosen","floor":21,"turns":8}],"seed_played":"9112414459845769085","potions_obtained":[{"floor":1,"key":"EssenceOfSteel"},{"floor":4,"key":"Fruit Juice"},{"floor":8,"key":"Poison Potion"},{"floor":12,"key":"AttackPotion"},{"floor":16,"key":"Poison Potion"},{"floor":20,"key":"Energy Potion"}],"is_trial":false,"path_per_floor":["M","?","$","M","?","R","M","M","T","R","M","M","M","$","R","B",null,"M","?","M","M"],"character_chosen":"DEFECT","items_purchased":["Stack","Glacier"],"campfire_rested":0,"item_purchase_floors":[3,14],"current_hp_per_floor":[65,65,65,59,59,59,64,56,56,56,58,63,70,70,70,55,69,70,70,74,0],"gold":236,"neow_bonus":"UPGRADE_CARD","is_prod":false,"is_daily":false,"chose_seed":false,"campfire_upgraded":3,"win_rate":0,"timestamp":1546653684,"path_taken":["M","?","$","M","?","R","M","M","T","R","M","M","M","?","R","BOSS","M","?","M","?"],"build_version":"2019-01-03v4","purchased_purges":1,"victory":false,"max_hp_per_floor":[75,69,69,69,69,69,74,74,74,74,74,74,74,74,74,74,74,74,74,74,74],"card_choices":[{"not_picked":["Hello World","Force Field"],"picked":"Go for the Eyes","floor":1},{"not_picked":["Conserve Battery","Coolheaded"],"picked":"Sweeping Beam","floor":4},{"not_picked":["Leap","Rip and Tear"],"picked":"Self Repair","floor":7},{"not_picked":["Go for the Eyes","Compile Driver"],"picked":"Conserve Battery","floor":8},{"not_picked":["Go for the Eyes","Redo","Sunder"],"picked":"SKIP","floor":11},{"not_picked":["Hyperbeam","Sweeping Beam","Turbo"],"picked":"SKIP","floor":12},{"not_picked":["Aggregate","Compile Driver"],"picked":"Cold Snap","floor":13},{"not_picked":["Creative AI","Amplify"],"picked":"Seek","floor":16},{"not_picked":["Consume","Cold Snap","Go for the Eyes"],"picked":"SKIP","floor":18},{"not_picked":["Loop","Go for the Eyes"],"picked":"Capacitor+1","floor":20}],"player_experience":337006,"relics_obtained":[{"floor":9,"key":"Regal Pillow"}],"event_choices":[{"damage_healed":0,"gold_gain":0,"player_choice":"Lose Max HP","damage_taken":0,"relics_obtained":["Golden Idol"],"max_hp_gain":0,"max_hp_loss":6,"event_name":"Golden Idol","floor":2,"gold_loss":0},{"damage_healed":0,"gold_gain":0,"player_choice":"Ignored","damage_taken":0,"max_hp_gain":0,"max_hp_loss":0,"event_name":"Liars Game","floor":5,"gold_loss":0},{"damage_healed":0,"gold_gain":0,"player_choice":"Copied","damage_taken":0,"max_hp_gain":0,"max_hp_loss":0,"event_name":"Duplicator","floor":19,"gold_loss":0,"cards_obtained":["Zap"]}],"is_beta":false,"boss_relics":[{"not_picked":["Philosopher\u0027s Stone","Snecko Eye"],"picked":"Nuclear Battery"}],"items_purged_floors":[14],"is_endless":false,"potions_floor_spawned":[1,4,8,12,16,20],"killed_by":"Cultist and Chosen","ascension_level":10}