{"gold_per_floor":[213,227,5,5,16,16,50,5,59,59,72,72,83,95,95,95],"floor_reached":16,"playtime":532,"items_purged":[],"score":138,"play_id":"faa17d03-1856-4d90-b736-f24dcc387166","local_time":"20181106192114","is_ascension_mode":true,"campfire_choices":[{"data":"Neutralize","floor":6,"key":"SMITH"},{"floor":10,"key":"REST"},{"floor":15,"key":"REST"}],"neow_cost":"NONE","seed_source_timestamp":251323678015125,"circlet_count":0,"master_deck":["Defend_G","Defend_G","Defend_G","Defend_G","Defend_G","Strike_G","Strike_G","Strike_G","Strike_G","Survivor","Neutralize+1","Dodge and Roll+1","Bouncing Flask","Deflect","Deadly Poison","PiercingWail"],"relics":["Ring of the Snake","Art of War","Orichalcum","Boot"],"potions_floor_usage":[],"damage_taken":[{"damage":0,"enemies":"Small Slimes","floor":1,"turns":4},{"damage":5,"enemies":"2 Louse","floor":2,"turns":4},{"damage":0,"enemies":"Cultist","floor":5,"turns":4},{"damage":35,"enemies":"Gremlin Nob","floor":7,"turns":5},{"damage":22,"enemies":"Lots of Slimes","floor":11,"turns":7},{"damage":13,"enemies":"Large Slime","floor":13,"turns":6},{"damage":1,"enemies":"2 Fungi Beasts","floor":14,"turns":4},{"damage":34,"enemies":"Slime Boss","floor":16,"turns":5}],"seed_played":"2076965065766355211","potions_obtained":[{"floor":11,"key":"Swift Potion"},{"floor":14,"key":"SteroidPotion"}],"is_trial":false,"path_per_floor":["M","M","$","?","M","R","E","$","T","R","M","?","M","M","R","B"],"character_chosen":"THE_SILENT","items_purchased":["Art of War","Bouncing Flask","Deadly Poison"],"campfire_rested":2,"item_purchase_floors":[3,3,8],"current_hp_per_floor":[63,58,58,58,58,58,23,23,23,44,22,22,9,8,29,0],"gold":95,"neow_bonus":"HUNDRED_GOLD","is_prod":false,"is_daily":false,"chose_seed":false,"campfire_upgraded":1,"win_rate":0,"timestamp":1541528474,"path_taken":["M","M","$","?","M","R","E","$","T","R","M","?","M","M","R","BOSS"],"build_version":"2018-11-01","purchased_purges":0,"victory":false,"max_hp_per_floor":[70,70,70,70,70,70,70,70,70,70,70,70,70,70,70,70],"card_choices":[{"not_picked":["Underhanded Strike","Sucker Punch","Quick Slash"],"picked":"SKIP","floor":1},{"not_picked":["Catalyst","Dagger Spray"],"picked":"Dodge and Roll","floor":2},{"not_picked":["Backflip","Poisoned Stab"],"picked":"Deflect","floor":5},{"not_picked":["Concentrate","Calculated Gamble","Slice"],"picked":"SKIP","floor":7},{"not_picked":["Slice","Acrobatics","Bullet Time"],"picked":"SKIP","floor":11},{"not_picked":["Terror","Riddle With Holes"],"picked":"PiercingWail","floor":13},{"not_picked":["Prepared","Blade Dance","Distraction"],"picked":"SKIP","floor":14}],"player_experience":295676,"relics_obtained":[{"floor":7,"key":"Orichalcum"},{"floor":9,"key":"Boot"}],"event_choices":[{"damage_healed":0,"gold_gain":0,"player_choice":"Grow","damage_taken":0,"max_hp_gain":0,"max_hp_loss":0,"event_name":"Living Wall","floor":4,"gold_loss":0,"cards_upgraded":["Dodge and Roll"]},{"cards_removed":["Strike_G"],"damage_healed":0,"gold_gain":0,"player_choice":"Purged","damage_taken":0,"max_hp_gain":0,"max_hp_loss":0,"event_name":"Purifier","floor":12,"gold_loss":0}],"is_beta":false,"boss_relics":[],"items_purged_floors":[],"is_endless":false,"potions_floor_spawned":[11,14],"killed_by":"Slime Boss","ascension_level":7}