{"gold_per_floor":[113,127,77,77,77,77,116,116,116,116,80,123,144,69,69,197,197,213,213,238,41,54,54,88,109,191,191,191,91,115,153,153,153],"floor_reached":33,"playtime":1500,"items_purged":["Strike_B","Decay"],"score":474,"play_id":"14dcf848-865b-4139-8223-af0eb5019ad8","local_time":"20190429180901","is_ascension_mode":true,"campfire_choices":[{"floor":6,"key":"REST"},{"data":"Go for the Eyes","floor":10,"key":"SMITH"},{"floor":15,"key":"REST"},{"floor":23,"key":"REST"},{"data":"Sweeping Beam","floor":28,"key":"SMITH"},{"data":"Loop","floor":32,"key":"SMITH"}],"neow_cost":"NONE","seed_source_timestamp":252272512576661,"circlet_count":0,"master_deck":["AscendersBane","Strike_B","Defend_B","Defend_B","Defend_B","Defend_B","Zap","Dualcast","Cold Snap","Hologram","Go for the Eyes+1","Glacier","Ball Lightning","Ball Lightning","Core Surge","Sweeping Beam+1","Loop+1","Reinforced Body","Conserve Battery","Loop+1"],"relics":["Cracked Core","PreservedInsect","Golden Idol","FossilizedHelix","Gremlin Horn","Du-Vu Doll","Sozu","Ancient Tea Set","ClockworkSouvenir","Bottled Tornado","Ornamental Fan","Ice Cream"],"potions_floor_usage":[12],"damage_taken":[{"damage":0,"enemies":"Small Slimes","floor":1,"turns":3},{"damage":7,"enemies":"Jaw Worm","floor":2,"turns":4},{"damage":17,"enemies":"3 Sentries","floor":7,"turns":9},{"damage":12,"enemies":"Gremlin Nob","floor":12,"turns":5},{"damage":0,"enemies":"2 Louse","floor":13,"turns":2},{"damage":25,"enemies":"The Guardian","floor":16,"turns":12},{"damage":0,"enemies":"3 Byrds","floor":18,"turns":4},{"damage":18,"enemies":"2 Thieves","floor":20,"turns":4},{"damage":9,"enemies":"Shelled Parasite and Fungi","floor":22,"turns":6},{"damage":0,"enemies":"Gremlin Leader","floor":24,"turns":4},{"damage":0,"enemies":"Snecko","floor":25,"turns":5},{"damage":9,"enemies":"Centurion and Healer","floor":30,"turns":6},{"damage":5,"enemies":"Slavers","floor":31,"turns":5},{"damage":44,"enemies":"Collector","floor":33,"turns":3}],"seed_played":"8337046938152892464","potions_obtained":[{"floor":2,"key":"LiquidBronze"},{"floor":12,"key":"AttackPotion"}],"is_trial":false,"path_per_floor":["M","M","?","?","?","R","E","$","T","R","$","E","M","$","R","B",null,"M","?","M","$","M","R","E","M","T","?","R","$","M","E","R","B"],"character_chosen":"DEFECT","items_purchased":["Glacier","ClockworkSouvenir"],"campfire_rested":3,"item_purchase_floors":[11,21],"current_hp_per_floor":[68,61,61,54,36,58,41,41,41,41,41,29,29,29,51,26,63,63,63,45,45,36,58,58,58,58,58,58,58,49,44,44,0],"gold":153,"neow_bonus":"RANDOM_COMMON_RELIC","is_prod":false,"is_daily":false,"chose_seed":false,"campfire_upgraded":3,"win_rate":0,"timestamp":1556554141,"path_taken":["M","M","?","?","?","R","E","?","T","R","$","E","?","$","R","BOSS","M","?","M","$","M","R","E","?","T","?","R","$","M","E","R","BOSS"],"build_version":"2019-01-23","purchased_purges":2,"victory":false,"max_hp_per_floor":[75,75,75,75,75,75,75,75,75,75,75,75,75,75,75,75,75,75,75,75,75,75,75,75,75,75,75,75,75,75,75,75,75],"card_choices":[{"not_picked":["Barrage","Stack"],"picked":"Cold Snap","floor":1},{"not_picked":["Beam Cell","Cold Snap"],"picked":"Hologram","floor":2},{"not_picked":["Double Energy","Leap"],"picked":"Go for the Eyes","floor":7},{"not_picked":["Redo","Tempest"],"picked":"Ball Lightning","floor":12},{"not_picked":["Blizzard","Rebound"],"picked":"Ball Lightning","floor":13},{"not_picked":["Seek","Fission"],"picked":"Core Surge","floor":16},{"not_picked":["FTL","Ball Lightning"],"picked":"Sweeping Beam","floor":18},{"not_picked":["Defragment","Recycle"],"picked":"Loop+1","floor":20},{"not_picked":["Sweeping Beam","Beam Cell","Go for the Eyes"],"picked":"SKIP","floor":22},{"not_picked":["Leap","Thunder Strike"],"picked":"Reinforced Body","floor":24},{"not_picked":["Ball Lightning+1","Glacier"],"picked":"Conserve Battery","floor":25},{"not_picked":["Coolheaded","Reprogram+1"],"picked":"Loop","floor":30},{"not_picked":["Tempest+1","Rebound","Amplify"],"picked":"SKIP","floor":31}],"player_experience":506180,"relics_obtained":[{"floor":7,"key":"FossilizedHelix"},{"floor":9,"key":"Gremlin Horn"},{"floor":12,"key":"Du-Vu Doll"},{"floor":24,"key":"Bottled Tornado"},{"floor":26,"key":"Ornamental Fan"},{"floor":31,"key":"Ice Cream"}],"event_choices":[{"cards_removed":["Strike_B"],"damage_healed":0,"gold_gain":0,"player_choice":"Card Removal","damage_taken":0,"max_hp_gain":0,"max_hp_loss":0,"event_name":"The Cleric","floor":3,"gold_loss":50},{"cards_removed":["Strike_B"],"damage_healed":0,"gold_gain":0,"player_choice":"Card Removal","damage_taken":7,"max_hp_gain":0,"max_hp_loss":0,"event_name":"Golden Wing","floor":4,"gold_loss":0},{"damage_healed":0,"gold_gain":0,"player_choice":"Take Damage","damage_taken":18,"relics_obtained":["Golden Idol"],"max_hp_gain":0,"max_hp_loss":0,"event_name":"Golden Idol","floor":5,"gold_loss":0},{"damage_healed":0,"gold_gain":0,"player_choice":"Gave Potion","damage_taken":0,"relics_obtained":["Ancient Tea Set"],"max_hp_gain":0,"max_hp_loss":0,"event_name":"WeMeetAgain","floor":19,"gold_loss":0},{"damage_healed":0,"gold_gain":0,"player_choice":"Cursed","damage_taken":0,"max_hp_gain":0,"max_hp_loss":0,"event_name":"Wheel of Change","floor":27,"gold_loss":0,"cards_obtained":["Decay"]}],"is_beta":false,"boss_relics":[{"not_picked":["Pandora\u0027s Box","Coffee Dripper"],"picked":"Sozu"}],"items_purged_floors":[14,29],"is_endless":false,"potions_floor_spawned":[2,12,18,24,25],"killed_by":"Collector","ascension_level":10}