{"gold_per_floor":[110,121,121,141,141,141,172,172,172,172,189,200,225,238,238,309,309,329,339,7,7,34,34,34],"floor_reached":24,"playtime":791,"items_purged":["Strike_G"],"score":512,"play_id":"950a7fec-d74d-4023-83d1-fd3494628e1e","local_time":"20190502233908","is_ascension_mode":true,"campfire_choices":[{"data":"Neutralize","floor":6,"key":"SMITH"},{"data":"Footwork","floor":8,"key":"SMITH"},{"data":"Dagger Spray","floor":10,"key":"SMITH"},{"floor":15,"key":"REST"},{"floor":23,"key":"REST"}],"neow_cost":"TEN_PERCENT_HP_LOSS","seed_source_timestamp":12633818192200,"circlet_count":0,"master_deck":["AscendersBane","Defend_G","Defend_G","Defend_G","Defend_G","Strike_G","Strike_G","Strike_G","Survivor","Neutralize+1","Dagger Spray+1","All Out Attack","Backflip","Neutralize","Quick Slash","Footwork+1","Calculated Gamble+1","Setup+1","Noxious Fumes","Dodge and Roll+1","After Image","Footwork","Riddle With Holes+1","Footwork"],"relics":["Ring of the Snake","Mercury Hourglass","Toxic Egg 2","Bottled Flame","Snecko Eye","Orichalcum","Anchor"],"potions_floor_usage":[7,19,19],"damage_taken":[{"damage":0,"enemies":"Small Slimes","floor":1,"turns":3},{"damage":0,"enemies":"Cultist","floor":2,"turns":3},{"damage":2,"enemies":"Jaw Worm","floor":4,"turns":4},{"damage":21,"enemies":"Lagavulin","floor":7,"turns":6},{"damage":2,"enemies":"Red Slaver","floor":11,"turns":3},{"damage":0,"enemies":"2 Fungi Beasts","floor":12,"turns":2},{"damage":21,"enemies":"Gremlin Nob","floor":13,"turns":4},{"damage":3,"enemies":"Exordium Wildlife","floor":14,"turns":3},{"damage":0,"enemies":"The Guardian","floor":16,"turns":15},{"damage":21,"enemies":"Spheric Guardian","floor":18,"turns":8},{"damage":7,"enemies":"2 Thieves","floor":19,"turns":2},{"damage":38,"enemies":"Gremlin Leader","floor":24,"turns":4}],"seed_played":"8704047278528502674","potions_obtained":[{"floor":1,"key":"Poison Potion"},{"floor":2,"key":"GamblersBrew"},{"floor":11,"key":"Explosive Potion"},{"floor":18,"key":"SkillPotion"}],"is_trial":false,"path_per_floor":["M","M","?","M","?","R","E","R","T","R","M","M","E","M","R","B",null,"M","M","$","?","T","R","E"],"character_chosen":"THE_SILENT","items_purchased":["Footwork","Orichalcum"],"campfire_rested":2,"item_purchase_floors":[20,20],"current_hp_per_floor":[59,59,59,57,54,54,33,33,33,33,31,31,10,7,25,25,51,30,23,23,7,7,26,0],"gold":34,"neow_bonus":"TRANSFORM_TWO_CARDS","is_prod":false,"is_daily":false,"chose_seed":false,"campfire_upgraded":3,"win_rate":0,"timestamp":1556833148,"path_taken":["M","M","?","?","?","R","E","R","T","R","M","M","E","?","R","BOSS","M","M","$","?","?","R","E"],"build_version":"2019-01-23","purchased_purges":1,"victory":false,"max_hp_per_floor":[60,60,60,60,60,60,60,60,60,60,60,60,60,60,60,60,60,60,60,60,65,65,65,65],"card_choices":[{"not_picked":["Poisoned Stab","Riddle With Holes","Outmaneuver"],"picked":"SKIP","floor":1},{"not_picked":["Poisoned Stab","Deflect"],"picked":"Backflip","floor":2},{"not_picked":["Flying Knee","Acrobatics"],"picked":"Quick Slash","floor":4},{"not_picked":["Eviscerate","Die Die Die"],"picked":"Footwork","floor":7},{"not_picked":["Prepared+1","Slice"],"picked":"Calculated Gamble+1","floor":11},{"not_picked":["Underhanded Strike","Poisoned Stab"],"picked":"Setup+1","floor":12},{"not_picked":["Bane","Acrobatics+1"],"picked":"Noxious Fumes","floor":13},{"not_picked":["Flying Knee","Blade Dance+1"],"picked":"Dodge and Roll+1","floor":14},{"not_picked":["Grand Finale","Bullet Time+1"],"picked":"After Image","floor":16},{"not_picked":["Riddle With Holes","Backflip+1"],"picked":"Footwork","floor":18},{"not_picked":["Accuracy","Dagger Spray","Riddle With Holes+1"],"picked":"SKIP","floor":19},{"not_picked":["Accuracy","Dagger Spray"],"picked":"Riddle With Holes+1","floor":19}],"player_experience":626221,"relics_obtained":[{"floor":7,"key":"Mercury Hourglass"},{"floor":9,"key":"Toxic Egg 2"},{"floor":13,"key":"Bottled Flame"},{"floor":22,"key":"Anchor"}],"event_choices":[{"damage_healed":0,"gold_gain":0,"player_choice":"1 cards matched","damage_taken":0,"max_hp_gain":0,"max_hp_loss":0,"event_name":"Match and Keep!","floor":3,"gold_loss":0,"cards_obtained":["Neutralize"]},{"damage_healed":0,"gold_gain":0,"player_choice":"Bought 0 Potions","damage_taken":0,"max_hp_gain":0,"max_hp_loss":0,"event_name":"The Woman in Blue","floor":5,"gold_loss":0},{"damage_healed":0,"gold_gain":0,"player_choice":"Shed Blood","damage_taken":21,"max_hp_gain":5,"max_hp_loss":0,"event_name":"Forgotten Altar","floor":21,"gold_loss":0}],"is_beta":false,"boss_relics":[{"not_picked":["Eternal Feather","Pandora\u0027s Box"],"picked":"Snecko Eye"}],"items_purged_floors":[20],"is_endless":false,"potions_floor_spawned":[1,2,11,12,16,18],"killed_by":"Gremlin Leader","ascension_level":20}