{"gold_per_floor":[210,210,210,230,24,24,55,55,55,55,67,82,7,23,23,118,118,131,31,31,42,0,0,0,0,0,0,17,45,61,61,61,61],"floor_reached":33,"playtime":1232,"items_purged":["Strike_R","Strike_R"],"score":341,"play_id":"60c5dbce-5334-4796-a773-b64e899a40e1","local_time":"20181026213335","is_ascension_mode":true,"campfire_choices":[{"data":"Cleave","floor":6.0,"key":"SMITH"},{"data":"Body Slam","floor":8.0,"key":"SMITH"},{"floor":15.0,"key":"REST"},{"data":"Bash","floor":23,"key":"SMITH"},{"data":"Defend_R","floor":25,"key":"SMITH"},{"data":"Defend_R","floor":27,"key":"SMITH"},{"data":"Heavy Blade","floor":32,"key":"SMITH"}],"neow_cost":"NONE","seed_source_timestamp":516929289565149,"circlet_count":0,"master_deck":["Strike_R+1","Strike_R+1","Strike_R+1","Defend_R+1","Defend_R+1","Defend_R+1","Defend_R+1","Bash+1","Shrug It Off","Cleave+1","Twin Strike+1","Body Slam+1","Entrench+1","Impervious+1","Spot Weakness+1","Wild Strike+1","Sentinel+1","Shockwave+1","Heavy Blade+1"],"special_seed":0,"relics":["Burning Blood","Pear","Oddly Smooth Stone","Toxic Egg 2","Regal Pillow","Coffee Dripper","Darkstone Periapt","Pantograph"],"potions_floor_usage":[33,33],"damage_taken":[{"damage":11.0,"enemies":"Jaw Worm","floor":1.0,"turns":4.0},{"damage":0.0,"enemies":"2 Louse","floor":4.0,"turns":4.0},{"damage":24.0,"enemies":"Gremlin Nob","floor":7.0,"turns":4.0},{"damage":0.0,"enemies":"Small Slimes","floor":11.0,"turns":2.0},{"damage":0.0,"enemies":"Exordium Wildlife","floor":12.0,"turns":2.0},{"damage":3.0,"enemies":"2 Fungi Beasts","floor":14.0,"turns":2.0},{"damage":62.0,"enemies":"The Guardian","floor":16.0,"turns":14.0},{"damage":6,"enemies":"3 Byrds","floor":18,"turns":7},{"damage":8,"enemies":"Shell Parasite","floor":21,"turns":4},{"damage":4,"enemies":"3 Cultists","floor":28,"turns":5},{"damage":20,"enemies":"Slavers","floor":29,"turns":5},{"damage":9,"enemies":"Centurion and Healer","floor":30,"turns":5},{"damage":100,"enemies":"Collector","floor":33,"turns":13}],"seed_played":"6651314319487260614","potions_obtained":[{"floor":1.0,"key":"Energy Potion"},{"floor":11.0,"key":"Ancient Potion"},{"floor":12.0,"key":"Regen Potion"}],"is_trial":false,"path_per_floor":["M","?","?","M","$","R","E","R","T","?","M","M","$","M","R","B",null,"M","$","?","M","?","R","$","R","T","R","M","E","M","?","R"],"character_chosen":"IRONCLAD","items_purchased":["Oddly Smooth Stone","Twin Strike"],"campfire_rested":1,"item_purchase_floors":[5,5],"current_hp_per_floor":[75,80,65,71,71,71,53,53,53,34,40,46,46,49,92,36,95,95,95,86,84,84,84,84,84,84,84,86,72,69,69,69,0],"gold":61,"neow_bonus":"HUNDRED_GOLD","is_prod":false,"is_daily":false,"chose_seed":false,"campfire_upgraded":6,"win_rate":0,"timestamp":1540582415,"path_taken":["M","?","?","M","$","R","E","R","T","?","M","M","?","?","R","BOSS","M","$","?","M","?","R","$","R","T","R","M","E","M","?","R","BOSS"],"build_version":"2018-10-25v2","purchased_purges":2,"victory":false,"max_hp_per_floor":[80,85,95,95,95,95,95,95,95,95,95,95,95,95,95,95,95,95,95,95,95,95,95,95,95,95,95,95,95,95,95,95,95],"card_choices":[{"not_picked":["Burning Pact","Perfected Strike"],"picked":"Shrug It Off","floor":1.0},{"not_picked":["Anger","Infernal Blade"],"picked":"Cleave","floor":4.0},{"not_picked":["Infernal Blade","Wild Strike"],"picked":"Body Slam","floor":7.0},{"not_picked":["Feel No Pain","Pommel Strike","Fire Breathing"],"picked":"SKIP","floor":11.0},{"not_picked":["Searing Blow","Perfected Strike","Havoc+1"],"picked":"SKIP","floor":12.0},{"not_picked":["Clothesline","Headbutt"],"picked":"Entrench+1","floor":14.0},{"not_picked":["Double Tap+1","Exhume+1"],"picked":"Impervious+1","floor":16.0},{"not_picked":["Corruption","Thunderclap+1"],"picked":"Spot Weakness+1","floor":18},{"not_picked":["Armaments+1","Bloodletting+1"],"picked":"Wild Strike+1","floor":21},{"not_picked":["Warcry+1","Evolve"],"picked":"Sentinel+1","floor":28},{"not_picked":["Pommel Strike","Dropkick"],"picked":"Shockwave+1","floor":29},{"not_picked":["Warcry+1","Power Through+1"],"picked":"Heavy Blade","floor":30}],"player_experience":253851,"relics_obtained":[{"floor":7.0,"key":"Toxic Egg 2"},{"floor":9.0,"key":"Regal Pillow"},{"floor":26,"key":"Darkstone Periapt"},{"floor":29,"key":"Pantograph"}],"event_choices":[{"damage_healed":0.0,"max_hp_gain":5.0,"max_hp_loss":0.0,"gold_gain":0.0,"event_name":"Big Fish","player_choice":"Donut","floor":2.0,"gold_loss":0.0,"damage_taken":0.0},{"damage_healed":0.0,"max_hp_gain":0.0,"max_hp_loss":0.0,"gold_gain":0.0,"event_name":"Scrap Ooze","player_choice":"Success","floor":3.0,"gold_loss":0.0,"damage_taken":25.0,"relics_obtained":["Pear"]},{"damage_healed":0.0,"max_hp_gain":0.0,"max_hp_loss":0.0,"gold_gain":0.0,"event_name":"Shining Light","player_choice":"Entered Light","floor":10.0,"gold_loss":0.0,"damage_taken":19.0,"cards_upgraded":["Twin Strike","Strike_R"]},{"damage_healed":0,"gold_gain":0,"player_choice":"Damaged","damage_taken":9,"max_hp_gain":0,"max_hp_loss":0,"event_name":"Wheel of Change","floor":20,"gold_loss":0},{"damage_healed":0,"gold_gain":0,"player_choice":"Paid Fearfully","damage_taken":0,"max_hp_gain":0,"max_hp_loss":0,"event_name":"Masked Bandits","floor":22,"gold_loss":42},{"damage_healed":0,"gold_gain":0,"player_choice":"Simplicity","damage_taken":0,"max_hp_gain":0,"max_hp_loss":0,"event_name":"Back to Basics","floor":31,"gold_loss":0,"cards_upgraded":["Strike_R","Strike_R","Defend_R","Defend_R"]}],"is_beta":false,"boss_relics":[{"not_picked":["Orrery","Runic Cube"],"picked":"Coffee Dripper"}],"items_purged_floors":[13,19],"is_endless":false,"potions_floor_spawned":[1,11,12,16,18,30],"killed_by":"Collector","ascension_level":4}