{"gold_per_floor":[116,41,41,41,41,41,70,83,83,83,140,140,160,172,172,247,247,264,275,294,344,344,344],"floor_reached":23,"playtime":3191,"items_purged":["Strike_B"],"score":417,"play_id":"19fcc0a1-aa0b-42f9-92c6-9b803ce681bb","local_time":"20190411165721","is_ascension_mode":true,"campfire_choices":[{"data":"Zap","floor":6.0,"key":"SMITH"},{"data":"Double Energy","floor":10.0,"key":"SMITH"},{"data":"Gash","floor":12.0,"key":"SMITH"},{"data":"Beam Cell","floor":15.0,"key":"SMITH"}],"neow_cost":"NONE","seed_source_timestamp":8827961506300,"circlet_count":0,"master_deck":["AscendersBane","Strike_B+1","Strike_B","Strike_B+1","Defend_B","Defend_B","Defend_B","Defend_B","Zap+1","Dualcast","Streamline+1","Gash+1","Double Energy+1","Beam Cell+1","White Noise","Creative AI","FTL","Ghostly","Ghostly","Ghostly"],"special_seed":0,"relics":["Cracked Core","NeowsBlessing","Bag of Preparation","Singing Bowl","Tiny Chest","Cursed Key"],"potions_floor_usage":[16,16,23,23],"damage_taken":[{"damage":0.0,"enemies":"Cultist","floor":1.0,"turns":1.0},{"damage":0.0,"enemies":"Gremlin Nob","floor":7.0,"turns":1.0},{"damage":0.0,"enemies":"2 Louse","floor":8.0,"turns":1.0},{"damage":0.0,"enemies":"Jaw Worm","floor":13.0,"turns":1.0},{"damage":4.0,"enemies":"Red Slaver","floor":14.0,"turns":2.0},{"damage":25,"enemies":"Hexaghost","floor":16,"turns":9},{"damage":6,"enemies":"Spheric Guardian","floor":18,"turns":3},{"damage":12,"enemies":"Chosen","floor":19,"turns":3},{"damage":36,"enemies":"Snake Plant","floor":20,"turns":3},{"damage":13,"enemies":"Book of Stabbing","floor":23,"turns":4}],"seed_played":"7855891740115186296","potions_obtained":[{"floor":7.0,"key":"EssenceOfSteel"},{"floor":8.0,"key":"Swift Potion"},{"floor":18,"key":"Ancient Potion"},{"floor":20,"key":"Poison Potion"}],"is_trial":false,"path_per_floor":["M","$","?","$","?","R","E","M","T","R","T","R","M","M","R","B",null,"M","M","M","?","?","E"],"character_chosen":"DEFECT","items_purchased":[],"campfire_rested":0,"item_purchase_floors":[],"current_hp_per_floor":[64,64,64,64,43,43,43,43,43,43,43,43,43,39,39,14,57,51,41,7,7,7,0],"gold":344,"neow_bonus":"THREE_ENEMY_KILL","is_prod":false,"is_daily":false,"chose_seed":false,"campfire_upgraded":4,"win_rate":0,"timestamp":1554994641,"path_taken":["M","$","?","$","?","R","E","M","T","R","?","R","?","M","R","BOSS","M","M","M","?","?","E"],"build_version":"2019-01-23","purchased_purges":1,"victory":false,"max_hp_per_floor":[71,71,71,71,71,71,71,71,71,71,71,71,71,71,71,71,71,71,73,75,75,37,37],"card_choices":[{"not_picked":["Leap","Coolheaded"],"picked":"Streamline","floor":1.0},{"not_picked":["Blizzard","Heatsinks"],"picked":"Gash","floor":7.0},{"not_picked":["Redo","Undo"],"picked":"Double Energy","floor":8.0},{"not_picked":["Cold Snap","Melter"],"picked":"Beam Cell","floor":13.0},{"not_picked":["Consume","Redo"],"picked":"White Noise","floor":14.0},{"not_picked":["Biased Cognition","Reboot"],"picked":"Creative AI","floor":16},{"not_picked":["Sweeping Beam","Conserve Battery"],"picked":"FTL","floor":18},{"not_picked":["Compile Driver","Redo","Heatsinks"],"picked":"Singing Bowl","floor":19},{"not_picked":["Beam Cell","Barrage","Conserve Battery"],"picked":"Singing Bowl","floor":20}],"player_experience":537529,"relics_obtained":[{"floor":7.0,"key":"Bag of Preparation"},{"floor":9.0,"key":"Singing Bowl"},{"floor":11.0,"key":"Tiny Chest"}],"event_choices":[{"damage_healed":0.0,"max_hp_gain":0.0,"max_hp_loss":0.0,"gold_gain":0.0,"event_name":"Living Wall","player_choice":"Grow","floor":3.0,"gold_loss":0.0,"damage_taken":0.0,"cards_upgraded":["Streamline"]},{"damage_healed":0.0,"max_hp_gain":0.0,"max_hp_loss":0.0,"gold_gain":0.0,"event_name":"Shining Light","player_choice":"Entered Light","floor":5.0,"gold_loss":0.0,"damage_taken":21.0,"cards_upgraded":["Strike_B","Strike_B"]},{"damage_healed":0,"gold_gain":50,"player_choice":"Stole From Cult","damage_taken":0,"max_hp_gain":0,"max_hp_loss":0,"event_name":"Nest","floor":21,"gold_loss":0},{"damage_healed":0,"gold_gain":0,"player_choice":"Became a Ghost","damage_taken":0,"max_hp_gain":0,"max_hp_loss":38,"event_name":"Ghosts","floor":22,"gold_loss":0,"cards_obtained":["Ghostly","Ghostly","Ghostly"]}],"is_beta":false,"boss_relics":[{"not_picked":["Philosopher\u0027s Stone","White Beast Statue"],"picked":"Cursed Key"}],"items_purged_floors":[2],"is_endless":false,"potions_floor_spawned":[7,8,14,18,20],"killed_by":"Book of Stabbing","ascension_level":19}