{"gold_per_floor":[212,160,235,254,273,273,308,308,308,333,349,349],"floor_reached":12,"playtime":738,"items_purged":[],"score":110,"play_id":"4e11d134-f9b5-43f2-89de-cc3a71b7758c","local_time":"20190408101711","is_ascension_mode":true,"campfire_choices":[{"data":"Bash","floor":6,"key":"SMITH"}],"neow_cost":"NONE","seed_source_timestamp":1251121907209086,"circlet_count":0,"master_deck":["Strike_R","Strike_R","Strike_R","Strike_R","Strike_R","Defend_R","Defend_R","Defend_R","Defend_R","Bash+1","Shrug It Off","Feel No Pain","True Grit","Cleave"],"relics":["Burning Blood","Self Forming Clay","Ancient Tea Set","Blood Vial"],"potions_floor_usage":[10],"damage_taken":[{"damage":8,"enemies":"Jaw Worm","floor":1,"turns":5},{"damage":6,"enemies":"Cultist","floor":4,"turns":3},{"damage":2,"enemies":"2 Louse","floor":5,"turns":3},{"damage":28,"enemies":"3 Sentries","floor":7,"turns":14},{"damage":18,"enemies":"Gremlin Nob","floor":10,"turns":4},{"damage":37,"enemies":"Large Slime","floor":11,"turns":10},{"damage":29,"enemies":"Lagavulin","floor":12,"turns":6}],"seed_played":"-79602043132277551","potions_obtained":[{"floor":1,"key":"EssenceOfSteel"}],"is_trial":false,"path_per_floor":["M","$","?","M","M","R","E","?","T","E","M","E"],"character_chosen":"IRONCLAD","items_purchased":["Shrug It Off"],"campfire_rested":0,"item_purchase_floors":[2],"current_hp_per_floor":[78,78,70,70,74,74,52,52,52,40,11,0],"gold":349,"neow_bonus":"HUNDRED_GOLD","is_prod":false,"is_daily":false,"chose_seed":false,"campfire_upgraded":1,"win_rate":0,"timestamp":1554711431,"path_taken":["M","$","?","?","M","R","E","?","T","E","M","E"],"build_version":"2019-01-23","purchased_purges":0,"victory":false,"max_hp_per_floor":[80,80,80,80,80,80,80,80,80,80,80,80],"card_choices":[{"not_picked":["Searing Blow","Warcry","Wild Strike"],"picked":"SKIP","floor":1},{"not_picked":["Entrench","Bloodletting"],"picked":"Feel No Pain","floor":4},{"not_picked":["Evolve","Perfected Strike","Clash"],"picked":"SKIP","floor":5},{"not_picked":["Iron Wave","Berserk"],"picked":"True Grit","floor":7},{"not_picked":["Pummel","Sword Boomerang"],"picked":"Cleave","floor":10},{"not_picked":["Perfected Strike","Heavy Blade","Twin Strike"],"picked":"SKIP","floor":11}],"player_experience":445205,"relics_obtained":[{"floor":7,"key":"Self Forming Clay"},{"floor":9,"key":"Ancient Tea Set"},{"floor":10,"key":"Blood Vial"}],"event_choices":[{"damage_healed":0,"gold_gain":75,"player_choice":"Touch","damage_taken":8,"max_hp_gain":0,"max_hp_loss":0,"event_name":"FaceTrader","floor":3,"gold_loss":0},{"damage_healed":0,"gold_gain":0,"player_choice":"Ignored","damage_taken":0,"max_hp_gain":0,"max_hp_loss":0,"event_name":"Liars Game","floor":8,"gold_loss":0}],"is_beta":false,"boss_relics":[],"items_purged_floors":[],"is_endless":false,"potions_floor_spawned":[1],"killed_by":"Lagavulin","ascension_level":5}