{"gold_per_floor":[110,125,300,300,82,113,113,127,127,127,144,174,204,129,129,129],"floor_reached":16,"playtime":731,"items_purged":["Armaments"],"score":130,"play_id":"672dde42-9548-4400-b7ef-5d05968bcf33","local_time":"20190219215620","is_ascension_mode":true,"campfire_choices":[{"data":"Apotheosis","floor":7,"key":"SMITH"},{"data":"Anger","floor":10,"key":"SMITH"},{"data":"Cleave","floor":15,"key":"SMITH"}],"neow_cost":"NONE","seed_source_timestamp":542265976523716,"circlet_count":0,"master_deck":["Strike_R","Strike_R","Strike_R","Strike_R","Strike_R","Defend_R","Defend_R","Defend_R","Defend_R","Bash","Cleave+1","Anger+1","Apotheosis+1","Shrug It Off","Flame Barrier+1","Flame Barrier+1"],"relics":["Burning Blood","Toxic Egg 2","Bottled Flame","Dodecahedron"],"potions_floor_usage":[6],"damage_taken":[{"damage":7,"enemies":"Small Slimes","floor":1,"turns":4},{"damage":4,"enemies":"2 Louse","floor":2,"turns":2},{"damage":29,"enemies":"Gremlin Nob","floor":6,"turns":5},{"damage":2,"enemies":"Jaw Worm","floor":8,"turns":3},{"damage":6,"enemies":"3 Louse","floor":11,"turns":2},{"damage":22,"enemies":"3 Sentries","floor":13,"turns":6},{"damage":50,"enemies":"Slime Boss","floor":16,"turns":5}],"seed_played":"-9203559806571013900","potions_obtained":[{"floor":2,"key":"SpeedPotion"},{"floor":8,"key":"EssenceOfSteel"},{"floor":13,"key":"FearPotion"}],"is_trial":false,"path_per_floor":["M","M","?","?","$","E","R","M","T","R","M","?","E","$","R","B"],"character_chosen":"IRONCLAD","items_purchased":["Apotheosis","Shrug It Off"],"campfire_rested":0,"item_purchase_floors":[5,5],"current_hp_per_floor":[79,80,80,80,80,57,57,61,61,61,61,61,45,45,45,0],"gold":129,"neow_bonus":"THREE_CARDS","is_prod":false,"is_daily":false,"chose_seed":false,"campfire_upgraded":3,"win_rate":0,"timestamp":1550609780,"path_taken":["M","M","?","?","$","E","R","M","T","R","?","?","E","$","R","BOSS"],"build_version":"2019-01-23","purchased_purges":1,"victory":false,"max_hp_per_floor":[80,80,80,80,80,80,80,80,80,80,80,80,80,80,80,80],"card_choices":[{"not_picked":["Battle Trance","Havoc"],"picked":"Cleave","floor":0},{"not_picked":["Combust","Flex"],"picked":"Anger","floor":1},{"not_picked":["Cleave","Havoc"],"picked":"Armaments","floor":2},{"not_picked":["Dual Wield","Searing Blow","Cleave"],"picked":"SKIP","floor":6},{"not_picked":["Evolve","Sword Boomerang"],"picked":"Flame Barrier+1","floor":8},{"not_picked":["Reckless Charge","Double Tap+1"],"picked":"Flame Barrier+1","floor":11},{"not_picked":["Armaments+1","Hemokinesis","Limit Break+1"],"picked":"SKIP","floor":13}],"player_experience":335009,"relics_obtained":[{"floor":6,"key":"Toxic Egg 2"},{"floor":9,"key":"Bottled Flame"},{"floor":13,"key":"Dodecahedron"}],"event_choices":[{"damage_healed":0,"gold_gain":175,"player_choice":"AGREE","damage_taken":0,"max_hp_gain":0,"max_hp_loss":0,"event_name":"Liars Game","floor":3,"gold_loss":0,"cards_obtained":["Doubt"]},{"cards_removed":["Doubt"],"damage_healed":0,"gold_gain":0,"player_choice":"Forget","damage_taken":0,"max_hp_gain":0,"max_hp_loss":0,"event_name":"Living Wall","floor":4,"gold_loss":0},{"damage_healed":0,"gold_gain":30,"player_choice":"Searched \u00271\u0027 times","damage_taken":0,"max_hp_gain":0,"max_hp_loss":0,"event_name":"Dead Adventurer","floor":12,"gold_loss":0}],"is_beta":false,"boss_relics":[],"items_purged_floors":[14],"is_endless":false,"potions_floor_spawned":[2,8,13],"killed_by":"Slime Boss","ascension_level":4}