{"gold_per_floor":[115,170,170,182,4,4,35,35,35,45,59,37,37,37,37,133,133,146,146,146,146,165,25,25],"floor_reached":24,"playtime":749,"items_purged":["Strike_B","Writhe"],"score":380,"play_id":"13af1d2e-17cf-4193-83cb-617b8a861f2a","local_time":"20190321175434","is_ascension_mode":true,"campfire_choices":[{"data":"Zap","floor":6,"key":"SMITH"},{"floor":8,"key":"REST"},{"data":"Hologram","floor":13,"key":"SMITH"},{"data":"Ball Lightning","floor":15,"key":"SMITH"}],"neow_cost":"NONE","seed_source_timestamp":227339745377918,"circlet_count":0,"master_deck":["AscendersBane","Strike_B","Strike_B","Strike_B","Defend_B","Defend_B","Defend_B","Defend_B","Zap+1","Dualcast","Sweeping Beam","Self Repair","Rip and Tear","FTL","Ball Lightning+1","Hologram+1","Echo Form","Tempest","Reinforced Body","Defragment"],"relics":["Cracked Core","Juzu Bracelet","Ancient Tea Set","MawBank","The Courier","Bronze Scales","Bloody Idol","Fusion Hammer","Gambling Chip","Enchiridion"],"potions_floor_usage":[16,24],"damage_taken":[{"damage":0,"enemies":"Cultist","floor":1,"turns":3},{"damage":56,"enemies":"Gremlin Nob","floor":7,"turns":5},{"damage":0,"enemies":"2 Louse","floor":10,"turns":1},{"damage":11,"enemies":"Small Slimes","floor":11,"turns":3},{"damage":23,"enemies":"The Guardian","floor":16,"turns":12},{"damage":15,"enemies":"Chosen","floor":18,"turns":5},{"damage":27,"enemies":"2 Thieves","floor":22,"turns":4},{"damage":17,"enemies":"Colosseum Slavers","floor":24,"turns":1}],"seed_played":"-2478604143745001090","potions_obtained":[{"floor":11,"key":"Weak Potion"},{"floor":18,"key":"Explosive Potion"}],"is_trial":false,"path_per_floor":["M","T","?","?","$","R","E","R","T","M","M","$","R","?","R","B",null,"M","?","?","?","M","$","?"],"character_chosen":"DEFECT","items_purchased":["Self Repair","Rip and Tear","Hologram","Defragment"],"campfire_rested":1,"item_purchase_floors":[5,5,12,23],"current_hp_per_floor":[64,64,64,57,57,57,8,29,29,36,32,32,32,32,32,16,52,51,51,51,30,13,13,0],"gold":25,"neow_bonus":"RANDOM_COMMON_RELIC","is_prod":false,"is_daily":false,"chose_seed":false,"campfire_upgraded":3,"win_rate":0,"timestamp":1553158474,"path_taken":["M","?","?","?","$","R","E","R","T","M","M","$","R","?","R","BOSS","M","?","?","?","M","$","?"],"build_version":"2019-01-23","purchased_purges":2,"victory":false,"max_hp_per_floor":[71,71,71,71,71,71,71,71,71,71,71,71,71,64,64,64,64,64,64,64,64,64,64,64],"card_choices":[{"not_picked":["Barrage","Storm"],"picked":"Sweeping Beam","floor":1},{"not_picked":["Reprogram","Gash"],"picked":"FTL","floor":7},{"not_picked":["Recycle","Compile Driver"],"picked":"Ball Lightning","floor":10},{"not_picked":["Redo","Static Discharge","Darkness"],"picked":"SKIP","floor":11},{"not_picked":["Buffer","Hyperbeam"],"picked":"Echo Form","floor":16},{"not_picked":["Turbo","Self Repair"],"picked":"Tempest","floor":18},{"not_picked":["Streamline","Barrage"],"picked":"Reinforced Body","floor":22}],"player_experience":764265,"relics_obtained":[{"floor":2,"key":"Ancient Tea Set"},{"floor":7,"key":"The Courier"},{"floor":9,"key":"Bronze Scales"},{"floor":21,"key":"Enchiridion"}],"event_choices":[{"damage_healed":0,"gold_gain":0,"player_choice":"Box","damage_taken":0,"relics_obtained":["MawBank"],"max_hp_gain":0,"max_hp_loss":0,"event_name":"Big Fish","floor":3,"gold_loss":0,"cards_obtained":["Regret"]},{"cards_removed":["Regret"],"damage_healed":0,"gold_gain":0,"player_choice":"Card Removal","damage_taken":7,"max_hp_gain":0,"max_hp_loss":0,"event_name":"Golden Wing","floor":4,"gold_loss":0},{"damage_healed":0,"gold_gain":0,"player_choice":"Lose Max HP","damage_taken":0,"relics_obtained":["Golden Idol"],"max_hp_gain":0,"max_hp_loss":7,"event_name":"Golden Idol","floor":14,"gold_loss":0},{"damage_healed":0,"gold_gain":0,"player_choice":"Opened","damage_taken":0,"relics_obtained":["Gambling Chip"],"max_hp_gain":0,"max_hp_loss":0,"event_name":"The Mausoleum","floor":19,"gold_loss":0,"cards_obtained":["Writhe"]},{"damage_healed":0,"gold_gain":0,"player_choice":"Gave Idol","damage_taken":0,"relics_obtained":["Bloody Idol"],"max_hp_gain":0,"max_hp_loss":0,"event_name":"Forgotten Altar","floor":20,"relics_lost":["Golden Idol"],"gold_loss":0},{"damage_healed":0,"gold_gain":0,"player_choice":"Obtained Book","damage_taken":21,"max_hp_gain":0,"max_hp_loss":0,"event_name":"Cursed Tome","floor":21,"gold_loss":0},{"damage_healed":0,"gold_gain":0,"player_choice":"Fight","damage_taken":0,"max_hp_gain":0,"max_hp_loss":0,"event_name":"Colosseum","floor":24,"gold_loss":0}],"is_beta":false,"boss_relics":[{"not_picked":["Runic Pyramid","Inserter"],"picked":"Fusion Hammer"}],"items_purged_floors":[5,23],"is_endless":false,"potions_floor_spawned":[11,18],"killed_by":"Colosseum Slavers","ascension_level":20}