{"gold_per_floor":[11,28,40,215,226,226,261,261,261,273,273,25,25,58,58,179,179,200,223,223,239,338,338,352,352,375,40,59,59,73,73],"floor_reached":31,"playtime":1654,"items_purged":[],"score":296,"play_id":"2bdad075-ef67-4148-bf29-4b2dc49da1d6","local_time":"20190511213319","is_ascension_mode":true,"campfire_choices":[{"data":"Noxious Fumes","floor":6,"key":"SMITH"},{"data":"Deep Breath","floor":8,"key":"SMITH"},{"data":"Bouncing Flask","floor":15,"key":"SMITH"},{"data":"After Image","floor":23,"key":"SMITH"},{"data":"Escape Plan","floor":25,"key":"SMITH"},{"data":"Mayhem","floor":29,"key":"SMITH"}],"neow_cost":"NO_GOLD","seed_source_timestamp":1163254289588541,"circlet_count":0,"master_deck":["Defend_G","Defend_G","Defend_G","Defend_G","Strike_G","Strike_G","Strike_G","Strike_G","Strike_G","Survivor","Neutralize","Dramatic Entrance","Deep Breath+1","Dagger Spray","Dagger Throw","Noxious Fumes+1","Doubt","Bouncing Flask+1","Calculated Gamble","Cloak And Dagger","Dodge and Roll","After Image+1","Noxious Fumes+1","Poisoned Stab+1","Escape Plan+1","Mayhem+1","Blur"],"relics":["Ring of the Snake","Molten Egg 2","Singing Bowl","Golden Idol","OrangePellets","Ninja Scroll","Coffee Dripper","Nilry\u0027s Codex","Smiling Mask","Pen Nib"],"potions_floor_usage":[7,7,16,30],"damage_taken":[{"damage":1,"enemies":"2 Louse","floor":1,"turns":4},{"damage":1,"enemies":"Jaw Worm","floor":2,"turns":4},{"damage":2,"enemies":"Small Slimes","floor":3,"turns":2},{"damage":5,"enemies":"Blue Slaver","floor":5,"turns":4},{"damage":17,"enemies":"Gremlin Nob","floor":7,"turns":4},{"damage":4,"enemies":"Looter","floor":10,"turns":3},{"damage":9,"enemies":"Lagavulin","floor":14,"turns":6},{"damage":23,"enemies":"The Guardian","floor":16,"turns":9},{"damage":15,"enemies":"Spheric Guardian","floor":18,"turns":4},{"damage":5,"enemies":"3 Byrds","floor":19,"turns":4},{"damage":7,"enemies":"Cultist and Chosen","floor":21,"turns":5},{"damage":1,"enemies":"Centurion and Healer","floor":24,"turns":6},{"damage":2,"enemies":"Chosen and Byrds","floor":28,"turns":6},{"damage":14,"enemies":"Shelled Parasite and Fungi","floor":30,"turns":5},{"damage":11,"enemies":"Centurion and Healer","floor":31,"turns":4}],"seed_played":"-8474699727912847078","potions_obtained":[{"floor":2,"key":"Weak Potion"},{"floor":3,"key":"Ancient Potion"},{"floor":5,"key":"Regen Potion"},{"floor":10,"key":"Regen Potion"},{"floor":18,"key":"Ancient Potion"},{"floor":24,"key":"Fire Potion"}],"is_trial":false,"path_per_floor":["M","M","M","?","M","R","E","R","T","M","?","$","?","E","R","B",null,"M","M","?","M","?","R","M","R","T","$","M","R","M","M"],"character_chosen":"THE_SILENT","items_purchased":["OrangePellets","Cloak And Dagger","Mayhem","Pen Nib"],"campfire_rested":0,"item_purchase_floors":[12,12,27,27],"current_hp_per_floor":[69,68,66,66,61,61,56,56,56,54,54,54,47,38,38,30,67,52,47,31,26,26,26,25,25,25,25,23,23,11,0],"gold":73,"neow_bonus":"RANDOM_COLORLESS_2","is_prod":false,"is_daily":false,"chose_seed":false,"campfire_upgraded":6,"win_rate":0,"timestamp":1557624799,"path_taken":["M","M","M","?","M","R","E","R","T","M","?","$","?","E","R","BOSS","M","M","?","M","?","R","M","R","T","$","M","R","M","M"],"build_version":"2019-01-23","purchased_purges":0,"victory":false,"max_hp_per_floor":[70,70,70,70,70,70,70,70,70,72,67,67,67,67,67,67,67,67,67,67,69,69,69,69,69,69,69,69,69,71,71],"card_choices":[{"not_picked":["Finisher","Underhanded Strike"],"picked":"Dagger Spray","floor":1},{"not_picked":["Accuracy","Flechettes"],"picked":"Dagger Throw","floor":2},{"not_picked":["Outmaneuver","Blade Dance"],"picked":"Noxious Fumes","floor":3},{"not_picked":["Dagger Throw","Deadly Poison"],"picked":"Bouncing Flask","floor":5},{"not_picked":["Prepared","Slice"],"picked":"Calculated Gamble","floor":7},{"not_picked":["Setup","Dagger Spray+1","Blade Dance"],"picked":"Singing Bowl","floor":10},{"not_picked":["Acrobatics","Deflect"],"picked":"Dodge and Roll","floor":14},{"not_picked":["Corpse Explosion","Adrenaline"],"picked":"After Image","floor":16},{"not_picked":["Prepared","Bane+1"],"picked":"Noxious Fumes+1","floor":18},{"not_picked":["Noxious Fumes","Cloak And Dagger"],"picked":"Poisoned Stab+1","floor":19},{"not_picked":["Infinite Blades","Poisoned Stab+1","Flechettes+1"],"picked":"Singing Bowl","floor":21},{"not_picked":["PiercingWail","Outmaneuver+1"],"picked":"Escape Plan","floor":24},{"not_picked":["Underhanded Strike+1","Bane+1"],"picked":"Blur","floor":28},{"not_picked":["Acrobatics+1","Deflect","Deadly Poison"],"picked":"Singing Bowl","floor":30}],"player_experience":235310,"relics_obtained":[{"floor":7,"key":"Molten Egg 2"},{"floor":9,"key":"Singing Bowl"},{"floor":14,"key":"Ninja Scroll"},{"floor":20,"key":"Nilry\u0027s Codex"},{"floor":26,"key":"Smiling Mask"}],"event_choices":[{"damage_healed":0,"gold_gain":175,"player_choice":"AGREE","damage_taken":0,"max_hp_gain":0,"max_hp_loss":0,"event_name":"Liars Game","floor":4,"gold_loss":0,"cards_obtained":["Doubt"]},{"damage_healed":0,"gold_gain":0,"player_choice":"Lose Max HP","damage_taken":0,"relics_obtained":["Golden Idol"],"max_hp_gain":0,"max_hp_loss":5,"event_name":"Golden Idol","floor":11,"gold_loss":0},{"cards_removed":["Defend_G"],"damage_healed":0,"gold_gain":0,"player_choice":"Card Removal","damage_taken":7,"max_hp_gain":0,"max_hp_loss":0,"event_name":"Golden Wing","floor":13,"gold_loss":0},{"damage_healed":0,"gold_gain":0,"player_choice":"Obtained Book","damage_taken":16,"max_hp_gain":0,"max_hp_loss":0,"event_name":"Cursed Tome","floor":20,"gold_loss":0},{"damage_healed":0,"gold_gain":99,"player_choice":"Stole From Cult","damage_taken":0,"max_hp_gain":0,"max_hp_loss":0,"event_name":"Nest","floor":22,"gold_loss":0}],"is_beta":false,"boss_relics":[{"not_picked":["WristBlade","Runic Pyramid"],"picked":"Coffee Dripper"}],"items_purged_floors":[],"is_endless":false,"potions_floor_spawned":[2,3,5,10,18,24],"killed_by":"Centurion and Healer","ascension_level":4}