{"gold_per_floor":[116,116,36,52,69,69,100,119,142,154,154,179,179,189,189,266,266,284,284,313,325,240,240,271,271,346,346,356,356,388,62,62,139,139,159,159,79,59,73,108,108,121,121,121,141,159,159,159,159,159,159],"floor_reached":52,"playtime":4157,"items_purged":["Strike_G+1"],"score":1736,"play_id":"12c0c633-f9bd-474d-8879-44524b69c4ca","local_time":"20190328173954","is_ascension_mode":true,"campfire_choices":[{"data":"Bouncing Flask","floor":6,"key":"SMITH"},{"floor":11,"key":"REST"},{"floor":13,"key":"REST"},{"data":"Sucker Punch","floor":15,"key":"SMITH"},{"floor":23,"key":"REST"},{"floor":25,"key":"REST"},{"floor":27,"key":"REST"},{"data":"Die Die Die","floor":29,"key":"SMITH"},{"floor":32,"key":"REST"},{"floor":41,"key":"REST"},{"floor":47,"key":"REST"},{"floor":49,"key":"REST"}],"neow_cost":"NONE","seed_source_timestamp":5243767353924,"circlet_count":0,"master_deck":["AscendersBane","Defend_G+1","Defend_G+1","Defend_G+1","Defend_G+1","Defend_G+1","Strike_G+1","Strike_G+1","Strike_G+1","Strike_G+1","Survivor","Neutralize+1","Dodge and Roll+1","Bouncing Flask+1","PiercingWail","Die Die Die+1","Riddle With Holes+1","Sucker Punch+1","Burst","Backflip","Calculated Gamble","Escape Plan","Well Laid Plans","Leg Sweep","Malaise","After Image","Cloak And Dagger+1","Terror+1","Leg Sweep","Footwork","Dodge and Roll+1","Escape Plan+1"],"relics":["Ring of the Serpent","Whetstone","Potion Belt","Pen Nib","Sozu","Red Mask","Omamori","Unceasing Top","Mummified Hand","Singing Bowl","War Paint","Calipers","Bottled Tornado"],"potions_floor_usage":[10,20,40],"damage_taken":[{"damage":3,"enemies":"Small Slimes","floor":1,"turns":6},{"damage":0,"enemies":"Jaw Worm","floor":4,"turns":4},{"damage":0,"enemies":"2 Louse","floor":5,"turns":3},{"damage":29,"enemies":"3 Sentries","floor":7,"turns":11},{"damage":6,"enemies":"Exordium Wildlife","floor":8,"turns":3},{"damage":11,"enemies":"Exordium Thugs","floor":10,"turns":3},{"damage":7,"enemies":"Gremlin Gang","floor":14,"turns":2},{"damage":24,"enemies":"The Guardian","floor":16,"turns":9},{"damage":13,"enemies":"3 Byrds","floor":18,"turns":5},{"damage":10,"enemies":"Masked Bandits","floor":20,"turns":5},{"damage":10,"enemies":"Chosen","floor":21,"turns":5},{"damage":36,"enemies":"Book of Stabbing","floor":24,"turns":7},{"damage":10,"enemies":"Snecko","floor":28,"turns":4},{"damage":16,"enemies":"Slavers","floor":30,"turns":7},{"damage":78,"enemies":"Champ","floor":33,"turns":15},{"damage":9,"enemies":"Orb Walker","floor":35,"turns":6},{"damage":10,"enemies":"3 Darklings","floor":39,"turns":7},{"damage":19,"enemies":"Nemesis","floor":40,"turns":9},{"damage":0,"enemies":"4 Shapes","floor":42,"turns":11},{"damage":0,"enemies":"Writhing Mass","floor":45,"turns":10},{"damage":14,"enemies":"Spire Growth","floor":46,"turns":6},{"damage":21,"enemies":"Donu and Deca","floor":50,"turns":23},{"damage":25,"enemies":"Awakened One","floor":51,"turns":37}],"seed_played":"-4112975082672882698","potions_obtained":[{"floor":7,"key":"FearPotion"},{"floor":8,"key":"FairyPotion"},{"floor":14,"key":"Swift Potion"},{"floor":16,"key":"EssenceOfSteel"}],"is_trial":false,"path_per_floor":["M","?","$","M","M","R","E","M","T","M","R","T","R","M","R","B",null,"M","?","?","M","?","R","E","R","T","R","M","R","E","$","R","B",null,"M","?","$","?","M","E","R","M","T","T","M","M","R","?","R","B","B",null],"character_chosen":"THE_SILENT","items_purchased":["Bouncing Flask","Noxious Fumes","Leg Sweep","Malaise","Terror"],"campfire_rested":9,"item_purchase_floors":[3,31,31,31,37],"current_hp_per_floor":[62,62,62,62,62,62,33,27,27,16,37,37,58,51,51,27,61,48,48,38,28,28,49,13,34,34,55,45,45,31,31,53,7,57,48,48,48,48,38,21,43,43,43,43,43,29,51,51,72,51,26],"gold":159,"neow_bonus":"TEN_PERCENT_HP_BONUS","is_prod":false,"is_daily":false,"chose_seed":false,"campfire_upgraded":3,"win_rate":0,"timestamp":1553762394,"path_taken":["M","?","$","M","M","R","E","M","T","M","R","?","R","M","R","BOSS","M","?","?","M","?","R","E","R","T","R","M","R","E","$","R","BOSS","M","?","$","?","?","E","R","M","T","?","M","M","R","?","R","BOSS","BOSS"],"build_version":"2019-01-23","purchased_purges":1,"victory":true,"max_hp_per_floor":[72,72,72,72,72,72,72,72,72,72,72,72,72,72,72,72,72,72,72,72,72,72,72,72,72,72,72,72,72,74,74,74,74,74,74,74,74,74,74,76,76,76,76,76,76,76,76,72,72,72,72],"card_choices":[{"not_picked":["Underhanded Strike","Bane"],"picked":"Dodge and Roll","floor":1},{"not_picked":["Bane","Blade Dance"],"picked":"PiercingWail","floor":4},{"not_picked":["Prepared","Setup"],"picked":"Die Die Die","floor":5},{"not_picked":["Blade Dance","Cloak And Dagger"],"picked":"Riddle With Holes","floor":7},{"not_picked":["Infinite Blades","Skewer","Dagger Throw"],"picked":"SKIP","floor":8},{"not_picked":["Deflect","Sucker Punch","Masterful Stab"],"picked":"SKIP","floor":10},{"not_picked":["Outmaneuver","Dagger Spray"],"picked":"Sucker Punch","floor":14},{"not_picked":["Night Terror","Wraith Form v2"],"picked":"Burst","floor":16},{"not_picked":["Underhanded Strike","Deadly Poison"],"picked":"Backflip","floor":20},{"not_picked":["Acrobatics","Underhanded Strike"],"picked":"Calculated Gamble","floor":21},{"not_picked":["Flying Knee+1","Distraction"],"picked":"Escape Plan","floor":24},{"not_picked":["Slice","Bane"],"picked":"Well Laid Plans","floor":28},{"not_picked":["Quick Slash","Dagger Throw","Outmaneuver+1"],"picked":"Singing Bowl","floor":30},{"not_picked":["Malaise","Storm of Steel"],"picked":"After Image","floor":33},{"not_picked":["Backstab","Blade Dance+1"],"picked":"Cloak And Dagger+1","floor":35},{"not_picked":["Dagger Throw","Sucker Punch"],"picked":"Leg Sweep","floor":39},{"not_picked":["Leg Sweep","Cloak And Dagger","Tactician+1"],"picked":"Singing Bowl","floor":40},{"not_picked":["Deflect","Quick Slash+1"],"picked":"Footwork","floor":42},{"not_picked":["Dagger Throw","Cloak And Dagger"],"picked":"Dodge and Roll+1","floor":45},{"not_picked":["Cloak And Dagger+1","Deflect"],"picked":"Escape Plan+1","floor":46}],"player_experience":806786,"relics_obtained":[{"floor":7,"key":"Whetstone"},{"floor":9,"key":"Potion Belt"},{"floor":12,"key":"Pen Nib"},{"floor":20,"key":"Red Mask"},{"floor":24,"key":"Unceasing Top"},{"floor":26,"key":"Mummified Hand"},{"floor":30,"key":"Singing Bowl"},{"floor":40,"key":"War Paint"},{"floor":43,"key":"Calipers"},{"floor":44,"key":"Bottled Tornado"}],"event_choices":[{"damage_healed":0,"gold_gain":0,"player_choice":"Grow","damage_taken":0,"max_hp_gain":0,"max_hp_loss":0,"event_name":"Living Wall","floor":2,"gold_loss":0,"cards_upgraded":["Neutralize"]},{"damage_healed":0,"gold_gain":0,"player_choice":"Simplicity","damage_taken":0,"max_hp_gain":0,"max_hp_loss":0,"event_name":"Back to Basics","floor":19,"gold_loss":0,"cards_upgraded":["Defend_G","Defend_G","Defend_G","Defend_G","Defend_G","Strike_G","Strike_G","Strike_G","Strike_G"]},{"damage_healed":0,"gold_gain":0,"player_choice":"Fought Bandits","damage_taken":0,"max_hp_gain":0,"max_hp_loss":0,"event_name":"Masked Bandits","floor":20,"gold_loss":0},{"damage_healed":0,"gold_gain":0,"player_choice":"Obtained Relic","damage_taken":0,"relics_obtained":["Omamori"],"max_hp_gain":0,"max_hp_loss":0,"event_name":"Addict","floor":22,"gold_loss":85},{"cards_removed":["Noxious Fumes"],"damage_healed":0,"gold_gain":0,"player_choice":"Removed Power","damage_taken":0,"max_hp_gain":0,"max_hp_loss":0,"event_name":"Falling","floor":36,"gold_loss":0},{"damage_healed":0,"gold_gain":0,"player_choice":"Bought 1 Potion","damage_taken":0,"max_hp_gain":0,"max_hp_loss":0,"event_name":"The Woman in Blue","floor":38,"gold_loss":0},{"damage_healed":0,"gold_gain":0,"player_choice":"Max HP","damage_taken":0,"max_hp_gain":0,"max_hp_loss":4,"event_name":"Winding Halls","floor":48,"gold_loss":0}],"is_beta":false,"boss_relics":[{"not_picked":["Tiny House","White Beast Statue"],"picked":"Sozu"},{"not_picked":["Busted Crown","Orrery"],"picked":"Ring of the Serpent"}],"items_purged_floors":[31],"is_endless":false,"potions_floor_spawned":[7,8,14,16,18,28,33,35,42],"ascension_level":20}