{"gold_per_floor":[119,135,8,28,46,46,75,75,75,75,0,15,15,46,46,149,149,138,5,5,23,40,40],"floor_reached":23,"playtime":2007,"items_purged":["Strike_B"],"score":211,"play_id":"671b5740-f28b-406f-ba6f-c49e87015a86","local_time":"20190420012349","is_ascension_mode":true,"campfire_choices":[{"floor":6,"key":"RECALL"},{"floor":10,"key":"REST"},{"data":"Lockon","floor":13,"key":"SMITH"},{"data":"Glacier","floor":15,"key":"SMITH"}],"neow_cost":"NONE","seed_source_timestamp":138756621486099,"circlet_count":0,"master_deck":["Strike_B","Strike_B","Strike_B","Defend_B","Defend_B","Defend_B","Defend_B","Zap+1","Dualcast+1","Lockon+1","Glacier+1","Ball Lightning","Leap","Streamline","Reprogram","Chill","Leap","Amplify","Doom and Gloom","Capacitor","Conserve Battery","Redo+1"],"relics":["Cracked Core","Boot","Nunchaku","Inserter"],"potions_floor_usage":[7,16,18,23,23],"damage_taken":[{"damage":1,"enemies":"Jaw Worm","floor":1,"turns":3},{"damage":1,"enemies":"2 Louse","floor":2,"turns":3},{"damage":5,"enemies":"Small Slimes","floor":4,"turns":3},{"damage":2,"enemies":"Exordium Wildlife","floor":5,"turns":3},{"damage":2,"enemies":"Lagavulin","floor":7,"turns":8},{"damage":4,"enemies":"Blue Slaver","floor":12,"turns":3},{"damage":7,"enemies":"3 Sentries","floor":14,"turns":8},{"damage":16,"enemies":"The Guardian","floor":16,"turns":12},{"damage":12,"enemies":"2 Thieves","floor":18,"turns":5},{"damage":13,"enemies":"Chosen","floor":21,"turns":6},{"damage":36,"enemies":"Snake Plant","floor":22,"turns":8},{"damage":24,"enemies":"Book of Stabbing","floor":23,"turns":4}],"seed_played":"2280580855082408210","potions_obtained":[{"floor":2,"key":"SteroidPotion"},{"floor":5,"key":"FearPotion"},{"floor":21,"key":"SpeedPotion"}],"is_trial":false,"path_per_floor":["M","M","$","M","M","R","E","?","T","R","$","M","R","E","R","B",null,"M","$","?","M","M","E"],"character_chosen":"DEFECT","items_purchased":["Swift Potion","Reprogram","Doom and Gloom","Block Potion"],"campfire_rested":1,"item_purchase_floors":[3,11,19,19],"current_hp_per_floor":[81,80,80,75,73,73,71,55,55,79,79,75,75,68,68,52,82,70,70,70,57,21,0],"gold":40,"neow_bonus":"TEN_PERCENT_HP_BONUS","is_prod":false,"is_daily":false,"chose_seed":false,"campfire_upgraded":2,"win_rate":0,"timestamp":1555716229,"path_taken":["M","M","$","M","M","R","E","?","T","R","?","M","R","E","R","BOSS","M","$","?","M","M","E"],"build_version":"2019-01-23","purchased_purges":1,"victory":false,"max_hp_per_floor":[82,82,82,82,82,82,82,82,82,82,82,82,82,82,82,82,82,82,82,82,82,82,82],"card_choices":[{"not_picked":["Redo","Beam Cell"],"picked":"Lockon","floor":1},{"not_picked":["Reprogram","Gash"],"picked":"Glacier","floor":2},{"not_picked":["Barrage","Hologram"],"picked":"Ball Lightning","floor":4},{"not_picked":["Double Energy","Gash"],"picked":"Leap","floor":5},{"not_picked":["Gash","Stack"],"picked":"Streamline","floor":7},{"not_picked":["Aggregate","Barrage"],"picked":"Chill","floor":12},{"not_picked":["Hologram","Steam"],"picked":"Leap","floor":14},{"not_picked":["Buffer","Electrodynamics"],"picked":"Amplify","floor":16},{"not_picked":["Leap","Beam Cell","Coolheaded"],"picked":"SKIP","floor":18},{"not_picked":["Steam","Compile Driver"],"picked":"Conserve Battery","floor":21},{"not_picked":["Ball Lightning","Gash"],"picked":"Redo+1","floor":22}],"player_experience":124615,"relics_obtained":[{"floor":7,"key":"Boot"},{"floor":14,"key":"Nunchaku"}],"event_choices":[{"damage_healed":0,"gold_gain":0,"player_choice":"Entered Light","damage_taken":16,"max_hp_gain":0,"max_hp_loss":0,"event_name":"Shining Light","floor":8,"gold_loss":0,"cards_upgraded":["Zap","Dualcast"]},{"damage_healed":0,"gold_gain":0,"player_choice":"Read","damage_taken":0,"max_hp_gain":0,"max_hp_loss":0,"event_name":"The Library","floor":20,"gold_loss":0,"cards_obtained":["Capacitor"]}],"is_beta":false,"boss_relics":[{"not_picked":["Lizard Tail","Sozu"],"picked":"Inserter"}],"items_purged_floors":[3],"is_endless":false,"potions_floor_spawned":[2,5,21],"killed_by":"Book of Stabbing","ascension_level":1}