{"gold_per_floor":[365,381,28,41,41,41,72,72,95,107,118,118,136,148,148,219,219,235,235,245,245,245],"floor_reached":22,"playtime":969,"items_purged":["Doubt"],"score":357,"play_id":"605cf571-ae88-4aab-882d-d6b8cf57be69","local_time":"20190215212653","is_ascension_mode":true,"campfire_choices":[{"floor":6.0,"key":"REST"},{"floor":12,"key":"REST"},{"data":"Crippling Poison","floor":15,"key":"SMITH"}],"neow_cost":"CURSE","seed_source_timestamp":2028989983245675,"circlet_count":0,"master_deck":["AscendersBane","Strike_B+1","Strike_B","Defend_B","Defend_B","Defend_B","Defend_B","Zap","Dualcast+1","Static Discharge","Glacier","Reboot","Crippling Poison+1","Conserve Battery","Doppelganger","Searing Blow+1","Necronomicurse","Thunder Strike","Chill"],"special_seed":0,"relics":["Cracked Core","PrismaticShard","Pen Nib","Bag of Preparation","White Beast Statue","Necronomicon"],"potions_floor_usage":[7,18,20,22],"damage_taken":[{"damage":6.0,"enemies":"2 Louse","floor":1.0,"turns":3.0},{"damage":1.0,"enemies":"Cultist","floor":2.0,"turns":3.0},{"damage":2.0,"enemies":"Jaw Worm","floor":4.0,"turns":3.0},{"damage":23,"enemies":"Lagavulin","floor":7,"turns":8},{"damage":7,"enemies":"2 Fungi Beasts","floor":10,"turns":4},{"damage":4,"enemies":"Red Slaver","floor":11,"turns":4},{"damage":0,"enemies":"Blue Slaver","floor":13,"turns":4},{"damage":4,"enemies":"Large Slime","floor":14,"turns":7},{"damage":27,"enemies":"Hexaghost","floor":16,"turns":12},{"damage":16,"enemies":"Shell Parasite","floor":18,"turns":6},{"damage":13,"enemies":"3 Byrds","floor":20,"turns":4},{"damage":6,"enemies":"Snecko","floor":22,"turns":4}],"seed_played":"3719596919611064250","potions_obtained":[{"floor":4.0,"key":"SteroidPotion"},{"floor":8,"key":"SneckoOil"},{"floor":8,"key":"Explosive Potion"},{"floor":13,"key":"EssenceOfSteel"},{"floor":14,"key":"SteroidPotion"},{"floor":16,"key":"PowerPotion"},{"floor":18,"key":"Swift Potion"},{"floor":20,"key":"LiquidBronze"}],"is_trial":false,"path_per_floor":["M","M","$","M","?","R","E","?","T","M","M","R","M","M","R","B",null,"M","?","M","?","M"],"character_chosen":"DEFECT","items_purchased":["PrismaticShard","Explosive Potion"],"campfire_rested":2,"item_purchase_floors":[3,3],"current_hp_per_floor":[58,57,57,55,34,55,32,32,32,25,21,42,42,38,38,11,56,40,19,6,6,0],"gold":245,"neow_bonus":"TWO_FIFTY_GOLD","is_prod":false,"is_daily":false,"chose_seed":false,"campfire_upgraded":1,"win_rate":0,"timestamp":1550233613,"path_taken":["M","M","$","M","?","R","E","?","T","M","M","R","?","M","R","BOSS","M","?","M","?","M"],"build_version":"2019-01-23","purchased_purges":1,"victory":false,"max_hp_per_floor":[71,71,71,71,71,71,71,71,71,71,71,71,71,71,71,71,71,71,71,71,71,71],"card_choices":[{"not_picked":["Gash","Heatsinks"],"picked":"Static Discharge","floor":1.0},{"not_picked":["Leap","Aggregate"],"picked":"Glacier","floor":2.0},{"not_picked":["Enlightenment","Turbo","Perfected Strike"],"picked":"SKIP","floor":4.0},{"not_picked":["Heel Hook","Prepared"],"picked":"Reboot","floor":7},{"not_picked":["Cloak And Dagger","Eviscerate"],"picked":"Crippling Poison","floor":10},{"not_picked":["Thunderclap","Mind Blast"],"picked":"Conserve Battery","floor":11},{"not_picked":["Flying Knee","Deflect","Jack Of All Trades"],"picked":"SKIP","floor":13},{"not_picked":["Infernal Blade","Reflex","Combust"],"picked":"SKIP","floor":14},{"not_picked":["Sadistic Nature","Transmutation"],"picked":"Doppelganger","floor":16},{"not_picked":["Perfected Strike","Aggregate"],"picked":"Searing Blow+1","floor":18},{"not_picked":["Blade Dance","Rip and Tear","Clothesline"],"picked":"SKIP","floor":20}],"player_experience":544101,"relics_obtained":[{"floor":7,"key":"Pen Nib"},{"floor":9,"key":"Bag of Preparation"},{"floor":19,"key":"Necronomicon"}],"event_choices":[{"damage_healed":0.0,"max_hp_gain":0.0,"max_hp_loss":0.0,"gold_gain":0.0,"event_name":"Shining Light","player_choice":"Entered Light","floor":5.0,"gold_loss":0.0,"damage_taken":21.0,"cards_upgraded":["Dualcast","Strike_B"]},{"damage_healed":0,"gold_gain":0,"player_choice":"Got Potions","damage_taken":0,"max_hp_gain":0,"max_hp_loss":0,"event_name":"Lab","floor":8,"gold_loss":0},{"damage_healed":0,"gold_gain":0,"player_choice":"Obtained Book","damage_taken":21,"max_hp_gain":0,"max_hp_loss":0,"event_name":"Cursed Tome","floor":19,"gold_loss":0},{"damage_healed":0,"gold_gain":0,"cards_transformed":["Strike_B","Strike_B"],"player_choice":"Became Test Subject","damage_taken":0,"max_hp_gain":0,"max_hp_loss":0,"event_name":"Drug Dealer","floor":21,"gold_loss":0,"cards_obtained":["Thunder Strike","Chill"]}],"is_beta":false,"boss_relics":[{"not_picked":["Coffee Dripper","Fusion Hammer"],"picked":"White Beast Statue"}],"items_purged_floors":[3],"is_endless":false,"potions_floor_spawned":[4,13,14,16,18,20],"killed_by":"Snecko","ascension_level":18}