{"gold_per_floor":[111,186,2,2,18,18,28,28,106,126,126,126],"floor_reached":12,"playtime":309,"items_purged":["Shame"],"score":136,"play_id":"5c5e8535-90fd-43ee-afc4-3e7e9b38bc95","local_time":"20190416131947","is_ascension_mode":true,"campfire_choices":[{"data":"White Noise","floor":6,"key":"SMITH"},{"data":"Multi-Cast","floor":8,"key":"SMITH"},{"data":"Barrage","floor":11,"key":"SMITH"}],"neow_cost":"CURSE","seed_source_timestamp":1572702489049071,"circlet_count":0,"master_deck":["AscendersBane","Strike_B","Strike_B","Defend_B","Defend_B","Defend_B","Defend_B","Zap+1","Dualcast","Multi-Cast+1","White Noise+1","Rip and Tear","Conserve Battery","Barrage+1"],"relics":["Cracked Core","Tiny Chest"],"potions_floor_usage":[12,12],"damage_taken":[{"damage":17,"enemies":"Cultist","floor":1,"turns":4},{"damage":0,"enemies":"Small Slimes","floor":5,"turns":1},{"damage":0,"enemies":"Jaw Worm","floor":7,"turns":3},{"damage":0,"enemies":"Large Slime","floor":10,"turns":3},{"damage":40,"enemies":"Lagavulin","floor":12,"turns":7}],"seed_played":"-9121879104668458952","potions_obtained":[{"floor":1,"key":"Explosive Potion"},{"floor":7,"key":"Fire Potion"}],"is_trial":false,"path_per_floor":["M","?","$","?","M","R","M","R","T","M","R","E"],"character_chosen":"DEFECT","items_purchased":["Conserve Battery","AttackPotion"],"campfire_rested":0,"item_purchase_floors":[3,3],"current_hp_per_floor":[47,36,36,36,36,36,36,36,36,36,36,0],"gold":126,"neow_bonus":"TRANSFORM_TWO_CARDS","is_prod":false,"is_daily":false,"chose_seed":false,"campfire_upgraded":3,"win_rate":0,"timestamp":1555388387,"path_taken":["M","?","$","?","M","R","M","R","T","?","R","E"],"build_version":"2019-01-23","purchased_purges":1,"victory":false,"max_hp_per_floor":[71,71,71,71,71,71,71,71,71,71,71,71],"card_choices":[{"not_picked":["Beam Cell","Capacitor"],"picked":"Rip and Tear","floor":1},{"not_picked":["Turbo","Redo"],"picked":"Barrage","floor":5},{"not_picked":["Blizzard","Stack","Beam Cell"],"picked":"SKIP","floor":7},{"not_picked":["Rebound","Leap","Storm"],"picked":"SKIP","floor":10}],"player_experience":941888,"relics_obtained":[{"floor":9,"key":"Tiny Chest"}],"event_choices":[{"damage_healed":0,"gold_gain":75,"player_choice":"Gather Gold","damage_taken":11,"max_hp_gain":0,"max_hp_loss":0,"event_name":"World of Goop","floor":2,"gold_loss":0},{"damage_healed":0,"gold_gain":0,"player_choice":"Upgraded","damage_taken":0,"max_hp_gain":0,"max_hp_loss":0,"event_name":"Upgrade Shrine","floor":4,"gold_loss":0,"cards_upgraded":["Zap"]}],"is_beta":false,"boss_relics":[],"items_purged_floors":[3],"is_endless":false,"potions_floor_spawned":[1,7,10],"killed_by":"Lagavulin","ascension_level":20}