{"gold_per_floor":[119,269,269,289,32,32,51,51,51,77,87,87,120,131,131,131],"floor_reached":16,"playtime":404,"items_purged":[],"score":220,"play_id":"e7e603c4-b8a1-40b4-84d6-29da8bd4bf83","local_time":"20190330180746","is_ascension_mode":true,"campfire_choices":[{"data":"Redo","floor":6,"key":"SMITH"},{"data":"Doom and Gloom","floor":12,"key":"SMITH"},{"floor":15,"key":"REST"}],"neow_cost":"NONE","seed_source_timestamp":74971049171824,"circlet_count":0,"master_deck":["AscendersBane","Strike_B","Strike_B","Strike_B","Strike_B","Defend_B","Defend_B","Defend_B","Defend_B","Zap+1","Dualcast","Reinforced Body","Redo+1","Beam Cell","Doom and Gloom+1","Rip and Tear","Conserve Battery"],"relics":["Cracked Core","Omamori","Runic Capacitor","Kunai","Orichalcum","Matryoshka"],"potions_floor_usage":[16,16],"damage_taken":[{"damage":4,"enemies":"Jaw Worm","floor":1,"turns":4},{"damage":3,"enemies":"2 Louse","floor":4,"turns":2},{"damage":0,"enemies":"Small Slimes","floor":7,"turns":3},{"damage":14,"enemies":"Gremlin Nob","floor":10,"turns":3},{"damage":2,"enemies":"3 Louse","floor":11,"turns":3},{"damage":22,"enemies":"Lagavulin","floor":13,"turns":6},{"damage":3,"enemies":"Blue Slaver","floor":14,"turns":2},{"damage":39,"enemies":"Slime Boss","floor":16,"turns":7}],"seed_played":"7935465763144358879","potions_obtained":[{"floor":1,"key":"LiquidBronze"},{"floor":4,"key":"Energy Potion"}],"is_trial":false,"path_per_floor":["M","?","?","M","$","R","M","?","T","E","M","R","E","M","R","B"],"character_chosen":"DEFECT","items_purchased":["Runic Capacitor","Beam Cell"],"campfire_rested":1,"item_purchase_floors":[5,5],"current_hp_per_floor":[60,60,60,57,57,57,57,57,57,43,41,41,19,16,37,0],"gold":131,"neow_bonus":"RANDOM_COMMON_RELIC","is_prod":false,"is_daily":false,"chose_seed":false,"campfire_upgraded":2,"win_rate":0,"timestamp":1553987266,"path_taken":["M","?","?","M","?","R","M","?","T","E","M","R","E","M","R","BOSS"],"build_version":"2019-01-23","purchased_purges":0,"victory":false,"max_hp_per_floor":[71,71,71,71,71,71,71,71,71,71,71,71,71,71,71,71],"card_choices":[{"not_picked":["Double Energy","Steam"],"picked":"Reinforced Body","floor":1},{"not_picked":["Genetic Algorithm","Turbo"],"picked":"Redo","floor":4},{"not_picked":["Aggregate","Gash"],"picked":"Doom and Gloom","floor":7},{"not_picked":["Redo","Turbo"],"picked":"Rip and Tear","floor":10},{"not_picked":["Steam","Streamline"],"picked":"Conserve Battery","floor":11},{"not_picked":["Barrage","Steam","Gash"],"picked":"SKIP","floor":13},{"not_picked":["Consume","Streamline","Force Field"],"picked":"SKIP","floor":14}],"player_experience":1198317,"relics_obtained":[{"floor":9,"key":"Kunai"},{"floor":10,"key":"Orichalcum"},{"floor":13,"key":"Matryoshka"}],"event_choices":[{"damage_healed":0,"gold_gain":150,"player_choice":"AGREE","damage_taken":0,"max_hp_gain":0,"max_hp_loss":0,"event_name":"Liars Game","floor":2,"gold_loss":0,"cards_obtained":["Doubt"]},{"damage_healed":0,"gold_gain":0,"player_choice":"Grow","damage_taken":0,"max_hp_gain":0,"max_hp_loss":0,"event_name":"Living Wall","floor":3,"gold_loss":0,"cards_upgraded":["Zap"]},{"damage_healed":0,"gold_gain":0,"player_choice":"Ignored","damage_taken":0,"max_hp_gain":0,"max_hp_loss":0,"event_name":"Shining Light","floor":8,"gold_loss":0}],"is_beta":false,"boss_relics":[],"items_purged_floors":[],"is_endless":false,"potions_floor_spawned":[1,4,11,13],"killed_by":"Slime Boss","ascension_level":20}