{"gold_per_floor":[119,119,137,155,168,168,195,209,232,249,265,265,292,292,292,292],"floor_reached":16,"playtime":502,"items_purged":[],"score":177,"play_id":"51dc9450-2e85-4d2c-ab95-9746044e0a69","local_time":"20190123194258","is_ascension_mode":true,"campfire_choices":[{"data":"Carnage","floor":6,"key":"SMITH"},{"floor":12,"key":"REST"},{"data":"Shockwave","floor":15,"key":"SMITH"}],"neow_cost":"NONE","seed_source_timestamp":36054916772804,"circlet_count":0,"master_deck":["AscendersBane","Strike_R","Strike_R","Strike_R","Strike_R","Defend_R","Defend_R","Defend_R+1","Defend_R","Bash+1","Impatience+1","Carnage+1","Metallicize","Double Tap","Power Through","Sever Soul","Flex","Shockwave+1","Searing Blow"],"relics":["Burning Blood","Letter Opener","Boot","War Paint"],"potions_floor_usage":[5,11,13,13,16],"damage_taken":[{"damage":10,"enemies":"Small Slimes","floor":1,"turns":5},{"damage":0,"enemies":"Cultist","floor":3,"turns":3},{"damage":3,"enemies":"2 Louse","floor":4,"turns":2},{"damage":37,"enemies":"Gremlin Gang","floor":5,"turns":5},{"damage":29,"enemies":"Gremlin Nob","floor":7,"turns":4},{"damage":0,"enemies":"Exordium Wildlife","floor":8,"turns":2},{"damage":19,"enemies":"Exordium Thugs","floor":10,"turns":4},{"damage":12,"enemies":"3 Louse","floor":11,"turns":4},{"damage":17,"enemies":"Lagavulin","floor":13,"turns":5},{"damage":24,"enemies":"The Guardian","floor":16,"turns":2}],"seed_played":"-3325710080145191081","potions_obtained":[{"floor":3,"key":"Ancient Potion"},{"floor":4,"key":"LiquidBronze"},{"floor":10,"key":"GamblersBrew"},{"floor":11,"key":"SkillPotion"},{"floor":13,"key":"Dexterity Potion"}],"is_trial":false,"path_per_floor":["M","?","M","M","M","R","E","M","T","M","M","R","E","?","R","B"],"character_chosen":"IRONCLAD","items_purchased":[],"campfire_rested":1,"item_purchase_floors":[],"current_hp_per_floor":[68,68,74,77,46,46,23,29,29,16,10,34,23,23,23,0],"gold":292,"neow_bonus":"RANDOM_COLORLESS","is_prod":false,"is_daily":false,"chose_seed":false,"campfire_upgraded":2,"win_rate":0,"timestamp":1548240178,"path_taken":["M","?","M","M","M","R","E","M","T","M","?","R","E","?","R","BOSS"],"build_version":"2019-01-17v2","purchased_purges":0,"victory":false,"max_hp_per_floor":[80,80,80,80,80,80,80,80,80,80,80,80,80,80,80,80],"card_choices":[{"not_picked":["Perfected Strike","Wild Strike"],"picked":"Carnage","floor":1},{"not_picked":["Searing Blow","Sentinel"],"picked":"Metallicize","floor":3},{"not_picked":["Clothesline","Warcry","Dropkick"],"picked":"SKIP","floor":4},{"not_picked":["True Grit","Reckless Charge","Warcry"],"picked":"SKIP","floor":5},{"not_picked":["Seeing Red","Searing Blow"],"picked":"Double Tap","floor":7},{"not_picked":["Cleave","Rage"],"picked":"Power Through","floor":8},{"not_picked":["Twin Strike","Heavy Blade"],"picked":"Sever Soul","floor":10},{"not_picked":["Sever Soul","Heavy Blade"],"picked":"Flex","floor":11},{"not_picked":["Power Through","Pommel Strike"],"picked":"Shockwave","floor":13}],"player_experience":437524,"relics_obtained":[{"floor":7,"key":"Letter Opener"},{"floor":9,"key":"Boot"},{"floor":13,"key":"War Paint"}],"event_choices":[{"damage_healed":0,"gold_gain":0,"player_choice":"Forge","damage_taken":0,"max_hp_gain":0,"max_hp_loss":0,"event_name":"Accursed Blacksmith","floor":2,"gold_loss":0,"cards_upgraded":["Bash"]},{"damage_healed":0,"gold_gain":0,"cards_transformed":["Strike_R"],"player_choice":"Transformed","damage_taken":0,"max_hp_gain":0,"max_hp_loss":0,"event_name":"Transmorgrifier","floor":14,"gold_loss":0,"cards_obtained":["Searing Blow"]}],"is_beta":false,"boss_relics":[],"items_purged_floors":[],"is_endless":false,"potions_floor_spawned":[3,4,10,11,13],"killed_by":"The Guardian","ascension_level":11}