{"gold_per_floor":[113,213,227,302,317,343,343,378,378,378,378,79,93,126,126,221,221,233,233,148,148,162,162,197,197,221,221,241,259,286,316,316,419,419,430,330,430,445,95,95,115,115],"floor_reached":42,"playtime":2058,"items_purged":["Strike_B","Strike_B","Strike_B"],"score":475,"play_id":"807ec0fe-e774-4f0e-a36c-623e14718f21","local_time":"20190407101602","is_ascension_mode":true,"campfire_choices":[{"data":"White Noise","floor":7,"key":"SMITH"},{"floor":10,"key":"REST"},{"data":"Zap","floor":15,"key":"SMITH"},{"data":"Go for the Eyes","floor":23,"key":"SMITH"},{"data":"Creative AI","floor":25,"key":"SMITH"},{"data":"Barrage","floor":27,"key":"SMITH"},{"data":"Dualcast","floor":32,"key":"SMITH"},{"data":"Defragment","floor":40,"key":"SMITH"}],"neow_cost":"NONE","seed_source_timestamp":129138558194277,"circlet_count":0,"master_deck":["Strike_B","Defend_B","Defend_B","Defend_B","Defend_B+1","Zap+1","Dualcast+1","White Noise+1","Ball Lightning","Coolheaded","Coolheaded","BootSequence+1","Barrage+1","Creative AI+1","Seek","Go for the Eyes+1","FTL+1","Buffer","Defragment+1","BootSequence+1"],"relics":["Cracked Core","Ornamental Fan","Art of War","Matryoshka","DataDisk","Shuriken","Busted Crown","War Paint","Dream Catcher","Strawberry","Sundial","Tiny Chest","Runic Pyramid","Juzu Bracelet"],"potions_floor_usage":[14,24,33,33,42,42],"damage_taken":[{"damage":0,"enemies":"Small Slimes","floor":1,"turns":3},{"damage":0,"enemies":"Cultist","floor":3,"turns":4},{"damage":7,"enemies":"Jaw Worm","floor":5,"turns":4},{"damage":18,"enemies":"Gremlin Nob","floor":6,"turns":3},{"damage":18,"enemies":"Lagavulin","floor":8,"turns":7},{"damage":0,"enemies":"3 Louse","floor":13,"turns":2},{"damage":10,"enemies":"3 Sentries","floor":14,"turns":5},{"damage":19,"enemies":"Slime Boss","floor":16,"turns":7},{"damage":0,"enemies":"3 Byrds","floor":18,"turns":1},{"damage":0,"enemies":"Shell Parasite","floor":22,"turns":7},{"damage":13,"enemies":"Book of Stabbing","floor":24,"turns":7},{"damage":9,"enemies":"Centurion and Healer","floor":28,"turns":7},{"damage":2,"enemies":"Snake Plant","floor":29,"turns":4},{"damage":15,"enemies":"Gremlin Leader","floor":30,"turns":7},{"damage":27,"enemies":"Collector","floor":33,"turns":8},{"damage":26,"enemies":"3 Darklings","floor":35,"turns":6},{"damage":5,"enemies":"Orb Walker","floor":38,"turns":5},{"damage":20,"enemies":"Jaw Worm Horde","floor":41,"turns":4},{"damage":38,"enemies":"Reptomancer","floor":42,"turns":2}],"seed_played":"567204070670892820","potions_obtained":[{"floor":3,"key":"Explosive Potion"},{"floor":6,"key":"Ancient Potion"},{"floor":8,"key":"Energy Potion"},{"floor":22,"key":"SkillPotion"},{"floor":28,"key":"Dexterity Potion"},{"floor":35,"key":"Explosive Potion"},{"floor":41,"key":"Dexterity Potion"}],"is_trial":false,"path_per_floor":["M","?","M","?","M","E","R","E","T","R","?","$","M","E","R","B",null,"M","?","?","?","M","R","E","R","T","R","M","M","E","?","R","B",null,"M","$","?","M","$","R","M","E"],"character_chosen":"DEFECT","items_purchased":["DataDisk","BootSequence","Defragment","Juzu Bracelet"],"campfire_rested":1,"item_purchase_floors":[12,12,39,39],"current_hp_per_floor":[75,75,75,64,57,39,39,21,21,43,43,43,43,33,33,14,75,75,75,75,75,75,75,62,62,69,69,60,58,43,43,43,16,82,56,56,56,51,51,51,31,0],"gold":115,"neow_bonus":"ONE_RANDOM_RARE_CARD","is_prod":false,"is_daily":false,"chose_seed":false,"campfire_upgraded":7,"win_rate":0,"timestamp":1554624962,"path_taken":["M","?","?","?","M","E","R","E","T","R","?","$","M","E","R","BOSS","M","?","?","?","M","R","E","R","T","R","M","M","E","?","R","BOSS","M","$","?","M","$","R","M","E"],"build_version":"2019-01-23","purchased_purges":3,"victory":false,"max_hp_per_floor":[75,75,75,75,75,75,75,75,75,75,75,75,75,75,75,75,75,75,75,75,75,75,75,75,75,82,82,82,82,82,82,82,82,82,82,82,82,82,82,82,82,82],"card_choices":[{"not_picked":["Ball Lightning","Storm","Conserve Battery"],"picked":"SKIP","floor":1},{"not_picked":["Rebound","FTL"],"picked":"White Noise","floor":3},{"not_picked":["Sweeping Beam","Steam Power"],"picked":"Ball Lightning","floor":5},{"not_picked":["Turbo","Sweeping Beam","Skim"],"picked":"SKIP","floor":6},{"not_picked":["Rainbow","Compile Driver"],"picked":"Coolheaded","floor":8},{"not_picked":["Compile Driver","Hologram"],"picked":"Barrage","floor":13},{"not_picked":["Go for the Eyes","Leap"],"picked":"Creative AI","floor":14},{"not_picked":["Thunder Strike","Core Surge"],"picked":"Seek","floor":16},{"not_picked":["Leap"],"picked":"SKIP","floor":18},{"not_picked":["Skim+1"],"picked":"SKIP","floor":22},{"not_picked":["Sweeping Beam+1"],"picked":"SKIP","floor":24},{"not_picked":["Barrage"],"picked":"SKIP","floor":28},{"not_picked":[],"picked":"FTL+1","floor":29},{"not_picked":["Auto Shields+1"],"picked":"SKIP","floor":30},{"not_picked":[],"picked":"Buffer","floor":33},{"not_picked":["Conserve Battery"],"picked":"SKIP","floor":35},{"not_picked":["Rip and Tear"],"picked":"SKIP","floor":38},{"not_picked":[],"picked":"BootSequence+1","floor":41}],"player_experience":452825,"relics_obtained":[{"floor":6,"key":"Ornamental Fan"},{"floor":8,"key":"Art of War"},{"floor":9,"key":"Matryoshka"},{"floor":14,"key":"Shuriken"},{"floor":24,"key":"Dream Catcher"},{"floor":26,"key":"Strawberry"},{"floor":30,"key":"Sundial"}],"event_choices":[{"damage_healed":0,"gold_gain":100,"player_choice":"Pray","damage_taken":0,"max_hp_gain":0,"max_hp_loss":0,"event_name":"Golden Shrine","floor":2,"gold_loss":0},{"damage_healed":0,"gold_gain":75,"player_choice":"Gather Gold","damage_taken":11,"max_hp_gain":0,"max_hp_loss":0,"event_name":"World of Goop","floor":4,"gold_loss":0},{"damage_healed":0,"gold_gain":0,"cards_transformed":["Meteor Strike"],"player_choice":"Change","damage_taken":0,"max_hp_gain":0,"max_hp_loss":0,"event_name":"Living Wall","floor":11,"gold_loss":0,"cards_obtained":["Coolheaded"]},{"damage_healed":0,"gold_gain":0,"player_choice":"Ignored","damage_taken":0,"max_hp_gain":0,"max_hp_loss":0,"event_name":"Ghosts","floor":19,"gold_loss":0},{"damage_healed":0,"gold_gain":0,"player_choice":"Obtained Relic","damage_taken":0,"relics_obtained":["War Paint"],"max_hp_gain":0,"max_hp_loss":0,"event_name":"Addict","floor":20,"gold_loss":85},{"damage_healed":0,"gold_gain":0,"player_choice":"Read","damage_taken":0,"max_hp_gain":0,"max_hp_loss":0,"event_name":"The Library","floor":21,"gold_loss":0,"cards_obtained":["Go for the Eyes"]},{"damage_healed":0,"gold_gain":0,"player_choice":"Opened","damage_taken":0,"relics_obtained":["Tiny Chest"],"max_hp_gain":0,"max_hp_loss":0,"event_name":"The Mausoleum","floor":31,"gold_loss":0},{"damage_healed":0,"gold_gain":100,"player_choice":"Pray","damage_taken":0,"max_hp_gain":0,"max_hp_loss":0,"event_name":"Golden Shrine","floor":37,"gold_loss":0}],"is_beta":false,"boss_relics":[{"not_picked":["FrozenCore","Fusion Hammer"],"picked":"Busted Crown"},{"not_picked":["Nuclear Battery","Eternal Feather"],"picked":"Runic Pyramid"}],"items_purged_floors":[12,36,39],"is_endless":false,"potions_floor_spawned":[3,6,8,22,28,35,41],"killed_by":"Reptomancer","ascension_level":1}