{"gold_per_floor":[119,139,89,89,107,133,133,161,215,215,231,32,61,72,72,72],"floor_reached":16,"playtime":1167,"items_purged":[],"score":186,"play_id":"95c57d95-7035-45c6-8c36-b2074babd6a9","local_time":"20190428202912","is_ascension_mode":true,"campfire_choices":[{"floor":7,"key":"REST"},{"data":"Skewer","floor":10,"key":"SMITH"},{"floor":15,"key":"REST"}],"neow_cost":"NONE","seed_source_timestamp":174613794917645,"circlet_count":0,"master_deck":["AscendersBane","Defend_G","Defend_G","Defend_G","Defend_G","Defend_G","Strike_G","Strike_G","Survivor","Neutralize","Skewer+1","Dagger Throw","Calculated Gamble","Crippling Poison","Footwork","Poisoned Stab","Caltrops","Well Laid Plans","Deadly Poison","Catalyst"],"relics":["Ring of the Snake","Bottled Flame","Centennial Puzzle","PreservedInsect","Anchor"],"potions_floor_usage":[6],"damage_taken":[{"damage":4,"enemies":"Cultist","floor":1,"turns":3},{"damage":0,"enemies":"2 Louse","floor":2,"turns":2},{"damage":3,"enemies":"Small Slimes","floor":5,"turns":6},{"damage":26,"enemies":"Lagavulin","floor":6,"turns":8},{"damage":26,"enemies":"3 Sentries","floor":8,"turns":15},{"damage":1,"enemies":"2 Fungi Beasts","floor":11,"turns":4},{"damage":10,"enemies":"Gremlin Nob","floor":13,"turns":3},{"damage":1,"enemies":"Blue Slaver","floor":14,"turns":3},{"damage":51,"enemies":"Slime Boss","floor":16,"turns":12}],"seed_played":"-2498551688318934584","potions_obtained":[{"floor":1,"key":"LiquidBronze"},{"floor":5,"key":"Strength Potion"},{"floor":6,"key":"Strength Potion"}],"is_trial":false,"path_per_floor":["M","M","?","?","M","E","R","E","T","R","M","$","E","M","R","B"],"character_chosen":"THE_SILENT","items_purchased":["Well Laid Plans","Deadly Poison","Catalyst"],"campfire_rested":2,"item_purchase_floors":[12,12,12],"current_hp_per_floor":[59,59,59,59,56,30,51,25,25,25,24,24,14,13,34,0],"gold":72,"neow_bonus":"TRANSFORM_CARD","is_prod":false,"is_daily":false,"chose_seed":false,"campfire_upgraded":1,"win_rate":0,"timestamp":1556476152,"path_taken":["M","M","?","?","?","E","R","E","T","R","M","$","E","M","R","BOSS"],"build_version":"2019-01-23","purchased_purges":0,"victory":false,"max_hp_per_floor":[70,70,70,70,70,70,70,70,70,70,70,70,70,70,70,70],"card_choices":[{"not_picked":["Eviscerate","Quick Slash"],"picked":"Dagger Throw","floor":1},{"not_picked":["Acrobatics","Dodge and Roll"],"picked":"Calculated Gamble","floor":2},{"not_picked":["Concentrate","Dagger Spray"],"picked":"Footwork","floor":5},{"not_picked":["Outmaneuver","Sucker Punch","Eviscerate"],"picked":"SKIP","floor":6},{"not_picked":["Quick Slash","Escape Plan"],"picked":"Poisoned Stab","floor":8},{"not_picked":["Underhanded Strike","Malaise"],"picked":"Caltrops","floor":11},{"not_picked":["Crippling Poison","Finisher","All Out Attack"],"picked":"SKIP","floor":13},{"not_picked":["All Out Attack","Bane","Prepared"],"picked":"SKIP","floor":14},{"not_picked":["All Out Attack","Bane","Prepared"],"picked":"SKIP","floor":14}],"player_experience":502312,"relics_obtained":[{"floor":6,"key":"Bottled Flame"},{"floor":8,"key":"Centennial Puzzle"},{"floor":9,"key":"PreservedInsect"},{"floor":13,"key":"Anchor"}],"event_choices":[{"cards_removed":["Strike_G"],"damage_healed":0,"gold_gain":0,"player_choice":"Card Removal","damage_taken":0,"max_hp_gain":0,"max_hp_loss":0,"event_name":"The Cleric","floor":3,"gold_loss":50},{"damage_healed":0,"gold_gain":0,"cards_transformed":["Strike_G"],"player_choice":"Transformed","damage_taken":0,"max_hp_gain":0,"max_hp_loss":0,"event_name":"Transmorgrifier","floor":4,"gold_loss":0,"cards_obtained":["Crippling Poison"]}],"is_beta":false,"boss_relics":[],"items_purged_floors":[],"is_endless":false,"potions_floor_spawned":[1,5,6,8],"killed_by":"Slime Boss","ascension_level":11}