{"gold_per_floor":[119,119,194,209,189,229,229,267,267,292,257,297,318,318],"floor_reached":14,"playtime":413,"items_purged":[],"score":233,"play_id":"bff8375c-0158-46d4-aeed-bf6c8f728824","local_time":"20190326183514","is_ascension_mode":true,"campfire_choices":[{"floor":7,"key":"REST"}],"neow_cost":"NONE","seed_source_timestamp":321652149850240,"circlet_count":0,"master_deck":["AscendersBane","Strike_B","Strike_B","Strike_B","Strike_B","Defend_B","Defend_B","Defend_B","Defend_B","Zap","Dualcast","Reinforced Body","Compile Driver","Coolheaded","Ball Lightning","Steam Power","Capacitor","Cold Snap"],"relics":["Cracked Core","NeowsBlessing","Golden Idol","Question Card","Bronze Scales","Bag of Preparation","Letter Opener"],"potions_floor_usage":[6,8,13],"damage_taken":[{"damage":0,"enemies":"2 Louse","floor":1,"turns":1},{"damage":0,"enemies":"Jaw Worm","floor":4,"turns":1},{"damage":0,"enemies":"3 Sentries","floor":6,"turns":1},{"damage":34,"enemies":"Lagavulin","floor":8,"turns":8},{"damage":0,"enemies":"Cultist","floor":10,"turns":3},{"damage":22,"enemies":"3 Sentries","floor":12,"turns":7},{"damage":14,"enemies":"3 Louse","floor":13,"turns":3},{"damage":17,"enemies":"Lagavulin","floor":14,"turns":5}],"seed_played":"-2386807564396473448","potions_obtained":[{"floor":4,"key":"Fire Potion"},{"floor":5,"key":"Fruit Juice"},{"floor":12,"key":"Regen Potion"}],"is_trial":false,"path_per_floor":["M","?","?","M","?","E","R","E","T","M","?","E","M","E"],"character_chosen":"DEFECT","items_purchased":[],"campfire_rested":1,"item_purchase_floors":[],"current_hp_per_floor":[64,40,29,29,29,34,56,22,22,22,41,19,14,0],"gold":318,"neow_bonus":"THREE_ENEMY_KILL","is_prod":false,"is_daily":false,"chose_seed":false,"campfire_upgraded":0,"win_rate":0,"timestamp":1553643314,"path_taken":["M","?","?","M","?","E","R","E","T","?","?","E","M","E"],"build_version":"2019-01-23","purchased_purges":0,"victory":false,"max_hp_per_floor":[71,71,71,71,71,76,76,76,76,76,76,76,76,76],"card_choices":[{"not_picked":["Beam Cell","Rebound"],"picked":"Reinforced Body","floor":1},{"not_picked":["Rebound","Tempest"],"picked":"Compile Driver","floor":4},{"not_picked":["Barrage","BootSequence"],"picked":"Coolheaded","floor":6},{"not_picked":["Cold Snap","Chaos","Force Field"],"picked":"Ball Lightning","floor":8},{"not_picked":["Leap","Chaos","Cold Snap"],"picked":"Steam Power","floor":10},{"not_picked":["Cold Snap","Recycle","Heatsinks"],"picked":"Capacitor","floor":12},{"not_picked":["Skim","Compile Driver","Leap"],"picked":"Cold Snap","floor":13}],"player_experience":1155309,"relics_obtained":[{"floor":6,"key":"Question Card"},{"floor":8,"key":"Bronze Scales"},{"floor":9,"key":"Bag of Preparation"},{"floor":12,"key":"Letter Opener"}],"event_choices":[{"damage_healed":0,"gold_gain":0,"player_choice":"Take Damage","damage_taken":24,"relics_obtained":["Golden Idol"],"max_hp_gain":0,"max_hp_loss":0,"event_name":"Golden Idol","floor":2,"gold_loss":0},{"damage_healed":0,"gold_gain":75,"player_choice":"Gather Gold","damage_taken":11,"max_hp_gain":0,"max_hp_loss":0,"event_name":"World of Goop","floor":3,"gold_loss":0},{"damage_healed":0,"gold_gain":0,"player_choice":"Bought 1 Potion","damage_taken":0,"max_hp_gain":0,"max_hp_loss":0,"event_name":"The Woman in Blue","floor":5,"gold_loss":0},{"damage_healed":19,"gold_gain":0,"player_choice":"Healed","damage_taken":0,"max_hp_gain":0,"max_hp_loss":0,"event_name":"The Cleric","floor":11,"gold_loss":35}],"is_beta":false,"boss_relics":[],"items_purged_floors":[],"is_endless":false,"potions_floor_spawned":[4,12],"killed_by":"Lagavulin","ascension_level":15}