{"gold_per_floor":[12,12,24,36,0,0,16,47,70,70,81,109,109,109,109,109],"floor_reached":16,"playtime":705,"items_purged":[],"score":220,"play_id":"5f762ffa-a70f-41b4-8534-5668196b8ff3","local_time":"20190424152337","is_ascension_mode":true,"campfire_choices":[{"data":"Dagger Spray","floor":6,"key":"SMITH"},{"data":"Neutralize","floor":10,"key":"SMITH"},{"data":"Corpse Explosion","floor":15,"key":"SMITH"}],"neow_cost":"NO_GOLD","seed_source_timestamp":457483556400167,"circlet_count":0,"master_deck":["AscendersBane","Defend_G","Defend_G","Defend_G","Defend_G","Defend_G","Strike_G","Strike_G","Survivor","Neutralize+1","Cloak And Dagger","Blade Dance","Backflip","Backflip","Flying Knee","Dagger Spray+1","Quick Slash","Corpse Explosion+1","Dagger Throw","Predator"],"relics":["Ring of the Snake","Ancient Tea Set","Vajra","Dream Catcher","Golden Idol"],"potions_floor_usage":[12,16,16],"damage_taken":[{"damage":0,"enemies":"Small Slimes","floor":1,"turns":4},{"damage":2,"enemies":"Cultist","floor":3,"turns":5},{"damage":0,"enemies":"2 Louse","floor":4,"turns":3},{"damage":1,"enemies":"Looter","floor":5,"turns":4},{"damage":0,"enemies":"3 Louse","floor":7,"turns":2},{"damage":25,"enemies":"3 Sentries","floor":8,"turns":5},{"damage":0,"enemies":"Blue Slaver","floor":11,"turns":2},{"damage":14,"enemies":"Lagavulin","floor":12,"turns":7},{"damage":18,"enemies":"Hexaghost","floor":16,"turns":13}],"seed_played":"8544094079511567442","potions_obtained":[{"floor":7,"key":"Dexterity Potion"},{"floor":8,"key":"GhostInAJar"},{"floor":12,"key":"EssenceOfSteel"}],"is_trial":false,"path_per_floor":["M","?","M","M","M","R","M","E","T","R","M","E","?","?","R","B"],"character_chosen":"THE_SILENT","items_purchased":[],"campfire_rested":0,"item_purchase_floors":[],"current_hp_per_floor":[59,59,57,57,56,56,56,31,31,31,31,17,17,17,17,0],"gold":109,"neow_bonus":"TRANSFORM_TWO_CARDS","is_prod":false,"is_daily":false,"chose_seed":false,"campfire_upgraded":3,"win_rate":0,"timestamp":1556087017,"path_taken":["M","?","M","M","?","R","M","E","T","R","M","E","?","?","R","BOSS"],"build_version":"2019-01-23","purchased_purges":0,"victory":false,"max_hp_per_floor":[66,66,66,66,66,66,66,66,66,66,66,66,66,60,60,60],"card_choices":[{"not_picked":["Underhanded Strike","Acrobatics"],"picked":"Backflip","floor":1},{"not_picked":["Underhanded Strike","Reflex"],"picked":"Flying Knee","floor":3},{"not_picked":["Flying Knee","Terror"],"picked":"Dagger Spray","floor":4},{"not_picked":["Underhanded Strike","Flying Knee"],"picked":"Quick Slash","floor":5},{"not_picked":["Dagger Throw","Heel Hook"],"picked":"Corpse Explosion","floor":7},{"not_picked":["Quick Slash","Backflip"],"picked":"Dagger Throw","floor":8},{"not_picked":["Dagger Spray","Cloak And Dagger"],"picked":"Predator","floor":11},{"not_picked":["Underhanded Strike","Grand Finale","Quick Slash"],"picked":"SKIP","floor":12}],"player_experience":1074603,"relics_obtained":[{"floor":8,"key":"Ancient Tea Set"},{"floor":9,"key":"Vajra"},{"floor":12,"key":"Dream Catcher"}],"event_choices":[{"damage_healed":0,"gold_gain":0,"cards_transformed":["Strike_G"],"player_choice":"Transformed","damage_taken":0,"max_hp_gain":0,"max_hp_loss":0,"event_name":"Transmorgrifier","floor":2,"gold_loss":0,"cards_obtained":["Backflip"]},{"damage_healed":0,"gold_gain":0,"player_choice":"Ignored","damage_taken":0,"max_hp_gain":0,"max_hp_loss":0,"event_name":"Liars Game","floor":13,"gold_loss":0},{"damage_healed":0,"gold_gain":0,"player_choice":"Lose Max HP","damage_taken":0,"relics_obtained":["Golden Idol"],"max_hp_gain":0,"max_hp_loss":6,"event_name":"Golden Idol","floor":14,"gold_loss":0}],"is_beta":false,"boss_relics":[],"items_purged_floors":[],"is_endless":false,"potions_floor_spawned":[7,8,12],"killed_by":"Hexaghost","ascension_level":20}