{"gold_per_floor":[20,32,32,47,47,47,79,79,105,105,116,116,179,179,179,250,250,265,276,201,116,126,126,158,158,212,40,51,51,51,51,51,127,127,138,156,156,256,273,273,273,23,77,77,77,107,107,139,139,139],"floor_reached":51,"playtime":2103,"items_purged":["Strike_B"],"score":1376,"play_id":"18088be7-98ab-441e-afe6-c67fee3696c8","local_time":"20190315212126","is_ascension_mode":true,"campfire_choices":[{"data":"Zap","floor":6,"key":"SMITH"},{"data":"Go for the Eyes","floor":8,"key":"SMITH"},{"data":"Beam Cell","floor":12,"key":"SMITH"},{"floor":15,"key":"REST"},{"floor":23,"key":"REST"},{"floor":25,"key":"REST"},{"data":"Defragment","floor":30,"key":"SMITH"},{"floor":32,"key":"REST"},{"floor":40,"key":"REST"},{"data":"Defragment","floor":44,"key":"SMITH"},{"data":"Coolheaded","floor":47,"key":"SMITH"},{"data":"FTL","floor":49,"key":"SMITH"}],"neow_cost":"NO_GOLD","seed_source_timestamp":171275469470500,"circlet_count":0,"master_deck":["AscendersBane","Strike_B","Defend_B","Defend_B","Defend_B","Zap+1","Dualcast+1","All For One+1","Beam Cell+1","Go for the Eyes+1","FTL+1","Rebound+1","Leap+1","Steam","All For One","Coolheaded+1","Defragment+1","FTL+1","Gash","Gash","Decay","Fission+1","Hello World+1","Buffer+1","Tempest+1","Fusion+1","Finesse+1","Hologram+1","Steam+1","Madness+1","Madness+1","Defragment+1","Conserve Battery+1","Fission+1"],"relics":["Cracked Core","Oddly Smooth Stone","Whetstone","NlothsMask","Regal Pillow","Black Star","Juzu Bracelet","Toxic Egg 2","Gremlin Horn","Bag of Preparation","Astrolabe","Bird Faced Urn","War Paint","Happy Flower","Ornamental Fan","Bronze Scales","Shuriken","Potion Belt"],"potions_floor_usage":[7,24,33,50],"damage_taken":[{"damage":2,"enemies":"Jaw Worm","floor":1,"turns":3},{"damage":11,"enemies":"2 Louse","floor":2,"turns":2},{"damage":1,"enemies":"Cultist","floor":4,"turns":3},{"damage":17,"enemies":"3 Sentries","floor":7,"turns":5},{"damage":0,"enemies":"3 Louse","floor":11,"turns":2},{"damage":12,"enemies":"Gremlin Nob","floor":13,"turns":3},{"damage":13,"enemies":"The Guardian","floor":16,"turns":9},{"damage":7,"enemies":"Spheric Guardian","floor":18,"turns":4},{"damage":14,"enemies":"2 Thieves","floor":19,"turns":3},{"damage":22,"enemies":"Shelled Parasite and Fungi","floor":22,"turns":6},{"damage":56,"enemies":"Slavers","floor":24,"turns":7},{"damage":16,"enemies":"Centurion and Healer","floor":28,"turns":5},{"damage":39,"enemies":"Champ","floor":33,"turns":6},{"damage":9,"enemies":"3 Shapes","floor":35,"turns":6},{"damage":6,"enemies":"Orb Walker","floor":36,"turns":3},{"damage":8,"enemies":"Mind Bloom Boss Battle","floor":38,"turns":7},{"damage":5,"enemies":"Transient","floor":39,"turns":6},{"damage":0,"enemies":"Reptomancer","floor":46,"turns":5},{"damage":2,"enemies":"Giant Head","floor":48,"turns":4},{"damage":9,"enemies":"Donu and Deca","floor":50,"turns":9}],"seed_played":"-6241931270254985741","potions_obtained":[{"floor":1,"key":"SkillPotion"},{"floor":2,"key":"Energy Potion"},{"floor":11,"key":"EssenceOfSteel"},{"floor":24,"key":"Fire Potion"},{"floor":36,"key":"SmokeBomb"},{"floor":38,"key":"SpeedPotion"},{"floor":39,"key":"Dexterity Potion"}],"is_trial":false,"path_per_floor":["M","M","?","M","$","R","E","R","T","?","M","R","?","$","R","B",null,"M","M","$","?","M","R","E","R","T","$","M","?","R","?","R","B",null,"M","M","?","?","M","R","?","$","T","R","$","E","R","E","R","B",null],"character_chosen":"DEFECT","items_purchased":["Bag of Preparation","War Paint","Defragment"],"campfire_rested":5,"item_purchase_floors":[27,42,42],"current_hp_per_floor":[62,51,51,50,50,50,33,33,33,33,33,33,21,21,57,44,64,57,43,43,43,21,57,1,37,37,37,21,21,21,21,57,18,58,49,43,43,35,34,70,57,57,57,57,57,65,65,69,69,66],"gold":139,"neow_bonus":"THREE_RARE_CARDS","is_prod":false,"is_daily":false,"chose_seed":false,"campfire_upgraded":7,"win_rate":0,"timestamp":1552681286,"path_taken":["M","M","?","M","$","R","E","R","T","?","?","R","?","$","R","BOSS","M","M","$","?","M","R","E","R","T","$","M","?","R","?","R","BOSS","M","M","?","?","M","R","?","?","T","R","$","E","R","E","R","BOSS"],"build_version":"2019-01-23","purchased_purges":1,"victory":true,"max_hp_per_floor":[71,71,71,71,71,71,71,71,71,71,71,71,71,71,71,71,71,71,71,71,71,71,71,71,71,71,71,71,71,71,71,71,71,71,71,71,71,71,71,71,71,71,71,71,71,71,71,71,71,71],"card_choices":[{"not_picked":["Amplify","Buffer"],"picked":"All For One","floor":0},{"not_picked":["Tempest","Coolheaded"],"picked":"Beam Cell","floor":1},{"not_picked":["Streamline","Heatsinks"],"picked":"Go for the Eyes","floor":2},{"not_picked":["Rebound","Redo"],"picked":"FTL","floor":4},{"not_picked":["Amplify","Coolheaded"],"picked":"Rebound","floor":7},{"not_picked":["Barrage","Streamline"],"picked":"Leap","floor":11},{"not_picked":["Sweeping Beam","Undo"],"picked":"Steam","floor":13},{"not_picked":["Hyperbeam","Multi-Cast"],"picked":"All For One","floor":16},{"not_picked":["Cold Snap","Sweeping Beam"],"picked":"Coolheaded","floor":18},{"not_picked":["Lockon","Cold Snap"],"picked":"Defragment","floor":19},{"not_picked":["Compile Driver","Beam Cell"],"picked":"FTL+1","floor":22},{"not_picked":["Stack","Rip and Tear"],"picked":"Gash","floor":24},{"not_picked":["Rainbow+1","Doom and Gloom"],"picked":"Gash","floor":28},{"not_picked":["Thunder Strike","Creative AI"],"picked":"Fission+1","floor":33},{"not_picked":["Barrage","White Noise+1"],"picked":"Fusion+1","floor":35},{"not_picked":["BootSequence+1","Turbo+1","Undo+1"],"picked":"SKIP","floor":36},{"not_picked":["Deep Breath+1","HandOfGreed"],"picked":"Finesse+1","floor":37},{"not_picked":["Redo+1","Genetic Algorithm+1"],"picked":"Hologram+1","floor":38},{"not_picked":["Auto Shields+1","Skim+1"],"picked":"Steam+1","floor":39},{"not_picked":["Recycle+1","Sunder"],"picked":"Conserve Battery+1","floor":46},{"not_picked":["Coolheaded+1","Turbo+1"],"picked":"Fission+1","floor":48}],"player_experience":484701,"relics_obtained":[{"floor":7,"key":"Oddly Smooth Stone"},{"floor":9,"key":"Whetstone"},{"floor":13,"key":"Regal Pillow"},{"floor":24,"key":"Toxic Egg 2"},{"floor":24,"key":"Gremlin Horn"},{"floor":38,"key":"Bird Faced Urn"},{"floor":43,"key":"Happy Flower"},{"floor":46,"key":"Ornamental Fan"},{"floor":46,"key":"Bronze Scales"},{"floor":48,"key":"Shuriken"},{"floor":48,"key":"Potion Belt"}],"event_choices":[{"damage_healed":0,"gold_gain":0,"player_choice":"Leave","damage_taken":0,"max_hp_gain":0,"max_hp_loss":0,"event_name":"The Cleric","floor":3,"gold_loss":0},{"damage_healed":0,"gold_gain":0,"player_choice":"Trade","damage_taken":0,"relics_obtained":["NlothsMask"],"max_hp_gain":0,"max_hp_loss":0,"event_name":"FaceTrader","floor":10,"gold_loss":0},{"damage_healed":0,"gold_gain":0,"player_choice":"Searched \u00272\u0027 times","damage_taken":0,"max_hp_gain":0,"max_hp_loss":0,"event_name":"Dead Adventurer","floor":13,"gold_loss":0},{"damage_healed":0,"gold_gain":0,"player_choice":"Obtained Relic","damage_taken":0,"relics_obtained":["Juzu Bracelet"],"max_hp_gain":0,"max_hp_loss":0,"event_name":"Addict","floor":21,"gold_loss":85},{"damage_healed":0,"gold_gain":0,"player_choice":"Ignored","damage_taken":0,"max_hp_gain":0,"max_hp_loss":0,"event_name":"Cursed Tome","floor":29,"gold_loss":0},{"damage_healed":0,"gold_gain":0,"player_choice":"Cursed","damage_taken":0,"max_hp_gain":0,"max_hp_loss":0,"event_name":"Wheel of Change","floor":31,"gold_loss":0,"cards_obtained":["Decay"]},{"damage_healed":0,"gold_gain":0,"player_choice":"Memory 1","damage_taken":0,"max_hp_gain":0,"max_hp_loss":0,"event_name":"SensoryStone","floor":37,"gold_loss":0},{"damage_healed":0,"gold_gain":0,"player_choice":"Fight","damage_taken":0,"max_hp_gain":0,"max_hp_loss":0,"event_name":"MindBloom","floor":38,"gold_loss":0},{"damage_healed":0,"gold_gain":0,"player_choice":"Embrace Madness","damage_taken":13,"max_hp_gain":0,"max_hp_loss":0,"event_name":"Winding Halls","floor":41,"gold_loss":0,"cards_obtained":["Madness","Madness"]}],"is_beta":false,"boss_relics":[{"not_picked":["White Beast Statue","Pandora\u0027s Box"],"picked":"Black Star"},{"not_picked":["Runic Dome","Coffee Dripper"],"picked":"Astrolabe"}],"items_purged_floors":[20],"is_endless":false,"potions_floor_spawned":[1,2,11,16,24,28,36,38,39],"ascension_level":17}