{"path_per_floor":["M","M","M","M","M","R","M","R","T","R","M","?","R","M","R","B",null],"character_chosen":"IRONCLAD","items_purchased":[],"gold_per_floor":[115,131,149,166,185,185,200,200,200,200,214,241,241,253,253,351,351,351],"floor_reached":18,"campfire_rested":0,"playtime":1661,"item_purchase_floors":[],"current_hp_per_floor":[79,74,80,73,69,69,66,66,66,66,66,51,51,46,46,9,80,63],"items_purged":[],"gold":351,"score":156,"play_id":"ffa4661e-87c1-4fd7-adc4-6c1d475e3d86","local_time":"20180526220632","is_prod":false,"is_daily":false,"chose_seed":false,"is_ascension_mode":false,"campfire_upgraded":5,"win_rate":0.0,"timestamp":1527390392,"campfire_choices":[{"data":"Cleave","floor":6,"key":"SMITH"},{"data":"Rampage","floor":8,"key":"SMITH"},{"data":"Rampage","floor":10,"key":"SMITH"},{"data":"Blood for Blood","floor":13,"key":"SMITH"},{"data":"Headbutt","floor":15,"key":"SMITH"}],"path_taken":["M","M","M","M","M","R","M","R","T","R","M","?","R","M","R","BOSS","M"],"build_version":"2018-05-24","seed_source_timestamp":339183955409207,"purchased_purges":0,"victory":false,"master_deck":["Strike_R","Strike_R","Strike_R","Strike_R","Strike_R","Defend_R","Defend_R","Defend_R","Defend_R","Bash","Anger","Rampage","Rampage+1","Ghostly Armor","Cleave+1","Rampage+1","Headbutt+1","Blood for Blood+1","Anger","Reaper"],"max_hp_per_floor":[80,80,80,80,80,80,80,80,80,80,80,80,80,80,80,80,80,80],"relics":["Black Blood","Frozen Egg 2","Odd Mushroom"],"card_choices":[{"not_picked":["Heavy Blade","Body Slam"],"picked":"Anger","floor":1},{"not_picked":["Warcry","Second Wind"],"picked":"Rampage","floor":2},{"not_picked":["Infernal Blade","Whirlwind"],"picked":"Rampage","floor":3},{"not_picked":["Battle Trance","Twin Strike"],"picked":"Ghostly Armor","floor":4},{"not_picked":["Carnage","Whirlwind"],"picked":"Cleave","floor":5},{"not_picked":["Offering","Armaments"],"picked":"Rampage","floor":7},{"not_picked":["Cleave","Body Slam"],"picked":"Headbutt","floor":11},{"not_picked":["Flex","Clothesline"],"picked":"Blood for Blood","floor":12},{"not_picked":["Flex","Iron Wave"],"picked":"Anger","floor":14},{"not_picked":["Fiend Fire","Offering"],"picked":"Reaper","floor":16}],"player_experience":8343,"potions_floor_usage":[12,16,16,16],"damage_taken":[{"damage":7,"enemies":"2 Louse","floor":1,"turns":3},{"damage":11,"enemies":"Jaw Worm","floor":2,"turns":2},{"damage":0,"enemies":"Small Slimes","floor":3,"turns":3},{"damage":13,"enemies":"Exordium Wildlife","floor":4,"turns":5},{"damage":10,"enemies":"Looter","floor":5,"turns":3},{"damage":9,"enemies":"Blue Slaver","floor":7,"turns":4},{"damage":6,"enemies":"Red Slaver","floor":11,"turns":3},{"damage":21,"enemies":"The Mushroom Lair","floor":12,"turns":4},{"damage":11,"enemies":"Exordium Wildlife","floor":14,"turns":4},{"damage":43,"enemies":"The Guardian","floor":16,"turns":10},{"damage":17,"enemies":"Spheric Guardian","floor":18,"turns":4}],"relics_obtained":[{"floor":9,"key":"Frozen Egg 2"},{"floor":12,"key":"Odd Mushroom"}],"event_choices":[{"event_name":"Mushrooms","player_choice":"Fought Mushrooms","floor":12,"damage_taken":0}],"boss_relics":[{"not_picked":["White Beast Statue","Cursed Key"],"picked":"Black Blood"}],"items_purged_floors":[],"potions_floor_spawned":[7,11,12,14],"seed_played":"8515165534350519028","killed_by":"Spheric Guardian","ascension_level":0,"potions_obtained":[{"floor":7,"key":"LiquidBronze"},{"floor":11,"key":"Poison Potion"},{"floor":12,"key":"Poison Potion"},{"floor":14,"key":"Swift Potion"}],"is_trial":false}