{"gold_per_floor":[113,123,141,155,120,120,120,137,219,219,219,219,236,249,249,321,321,333,333,58,72,89,89],"floor_reached":23,"playtime":1223,"items_purged":[],"score":342,"play_id":"962c84a0-deaf-4895-9b48-543802be36bf","local_time":"20190512152932","is_ascension_mode":true,"campfire_choices":[{"data":"Neutralize","floor":7.0,"key":"SMITH"},{"data":"Survivor","floor":10.0,"key":"SMITH"},{"data":"Dash","floor":12.0,"key":"SMITH"},{"floor":15.0,"key":"REST"}],"neow_cost":"NONE","seed_source_timestamp":21390261528868,"circlet_count":0,"master_deck":["AscendersBane","Survivor+1","Neutralize+1","Dash+1","Dagger Spray","Accuracy","Dash+1","Leg Sweep","Backflip","Glass Knife","Storm of Steel","Tactician","Predator","Die Die Die","Prepared","Dodge and Roll","Corpse Explosion","Unload","Blur","Flying Knee","Calculated Gamble","Tools of the Trade","Neutralize","Well Laid Plans","Reflex","Backflip","Sucker Punch+1"],"special_seed":0,"relics":["Sozu","Bottled Lightning","Pandora\u0027s Box","Vajra"],"potions_floor_usage":[],"damage_taken":[{"damage":0.0,"enemies":"Jaw Worm","floor":1.0,"turns":4.0},{"damage":3.0,"enemies":"Small Slimes","floor":2.0,"turns":5.0},{"damage":9.0,"enemies":"Cultist","floor":3.0,"turns":4.0},{"damage":8.0,"enemies":"Looter","floor":4.0,"turns":3.0},{"damage":0.0,"enemies":"2 Fungi Beasts","floor":8.0,"turns":3.0},{"damage":6.0,"enemies":"Exordium Wildlife","floor":13.0,"turns":4.0},{"damage":0.0,"enemies":"3 Louse","floor":14.0,"turns":5.0},{"damage":41.0,"enemies":"Slime Boss","floor":16.0,"turns":15.0},{"damage":7.0,"enemies":"Spheric Guardian","floor":18.0,"turns":4.0},{"damage":12.0,"enemies":"Chosen","floor":21.0,"turns":5.0},{"damage":10.0,"enemies":"Centurion and Healer","floor":22.0,"turns":4.0},{"damage":32,"enemies":"Slavers","floor":23,"turns":3}],"seed_played":"-1814682959008111750","potions_obtained":[],"is_trial":false,"path_per_floor":["M","M","M","M","?","?","R","M","T","R","?","R","M","M","R","B",null,"M","?","$","M","M","E"],"character_chosen":"THE_SILENT","items_purchased":["Vajra","Well Laid Plans","Reflex"],"campfire_rested":1,"item_purchase_floors":[20,20,20],"current_hp_per_floor":[59,56,47,39,55,60,60,60,60,60,39,39,33,33,54,13,57,50,50,50,38,28,0],"gold":89,"neow_bonus":"BOSS_RELIC","is_prod":false,"is_daily":false,"chose_seed":false,"campfire_upgraded":3,"win_rate":0,"timestamp":1557700172,"path_taken":["M","M","M","M","?","?","R","M","T","R","?","R","M","M","R","BOSS","M","?","$","?","M","E"],"build_version":"2019-01-23","purchased_purges":0,"victory":false,"max_hp_per_floor":[66,66,66,66,66,71,71,71,71,71,71,71,71,71,71,71,71,71,71,71,71,71,71],"card_choices":[{"not_picked":["Dodge and Roll","Dagger Throw"],"picked":"Dash","floor":1.0},{"not_picked":["Outmaneuver","Slice"],"picked":"Dagger Spray","floor":2.0},{"not_picked":["Prepared","Escape Plan"],"picked":"Accuracy","floor":3.0},{"not_picked":["Quick Slash","Sucker Punch"],"picked":"Dash","floor":4.0},{"not_picked":["Predator","Dagger Spray"],"picked":"Leg Sweep","floor":8.0},{"not_picked":["Setup","Deadly Poison","Prepared"],"picked":"SKIP","floor":13.0},{"not_picked":["Expertise","Dagger Throw"],"picked":"Backflip","floor":14.0},{"not_picked":["Doppelganger","Night Terror"],"picked":"Glass Knife","floor":16.0},{"not_picked":["Dodge and Roll","Leg Sweep"],"picked":"Calculated Gamble","floor":18.0},{"not_picked":["Slice","Dodge and Roll"],"picked":"Backflip","floor":21.0},{"not_picked":["Heel Hook","Concentrate"],"picked":"Sucker Punch+1","floor":22.0}],"player_experience":685552,"relics_obtained":[{"floor":9.0,"key":"Bottled Lightning"}],"event_choices":[{"damage_healed":16.0,"max_hp_gain":0.0,"max_hp_loss":0.0,"gold_gain":0.0,"event_name":"The Cleric","player_choice":"Healed","floor":5.0,"gold_loss":35.0,"damage_taken":0.0},{"damage_healed":0.0,"max_hp_gain":5.0,"max_hp_loss":0.0,"gold_gain":0.0,"event_name":"Big Fish","player_choice":"Donut","floor":6.0,"gold_loss":0.0,"damage_taken":0.0},{"damage_healed":0.0,"max_hp_gain":0.0,"max_hp_loss":0.0,"gold_gain":0.0,"event_name":"Shining Light","player_choice":"Entered Light","floor":11.0,"gold_loss":0.0,"damage_taken":21.0,"cards_upgraded":["Dash","Defend_G"]},{"damage_healed":0.0,"max_hp_gain":0.0,"max_hp_loss":0.0,"gold_gain":0.0,"event_name":"Match and Keep!","player_choice":"2 cards matched","floor":19.0,"gold_loss":0.0,"damage_taken":0.0,"cards_obtained":["Tools of the Trade","Neutralize"]}],"is_beta":false,"boss_relics":[{"not_picked":["Astrolabe","HoveringKite"],"picked":"Pandora\u0027s Box"}],"items_purged_floors":[],"is_endless":false,"potions_floor_spawned":[1,2,8,13,18,22],"killed_by":"Slavers","ascension_level":17}