{"path_per_floor":["M","M","?","?","M","E","R","M","T","R","M","M","R","M","R","B",null,"M","M","?","?","M","E","R","M","T","?","M","T","$","M","R"],"character_chosen":"THE_SILENT","items_purchased":["Apotheosis","Swift Strike"],"gold_per_floor":[119,135,135,135,146,181,181,200,200,200,217,236,236,250,250,347,347,363,376,376,376,390,418,418,435,435,360,373,396,47,62,62,62],"floor_reached":33,"campfire_rested":3,"playtime":1628,"current_hp_per_floor":[69,65,65,70,70,59,59,57,57,57,57,37,37,10,32,17,75,75,73,73,57,52,2,24,28,28,28,20,20,20,11,32,0],"items_purged":["Doubt"],"gold":62,"score":271,"play_id":"a0809cb5-fdcd-4b1f-a0c6-2487e3dc89bb","local_time":"20180426124737","is_prod":false,"is_daily":false,"chose_seed":false,"is_ascension_mode":false,"campfire_upgraded":3,"timestamp":1524764857,"path_taken":["M","?","?","?","?","E","R","M","T","R","M","?","R","M","R","BOSS","M","M","?","?","M","E","R","?","T","?","M","?","$","M","R","BOSS"],"build_version":"2018-04-19","seed_source_timestamp":4224195777312,"purchased_purges":1,"victory":false,"master_deck":["Defend_G","Defend_G+1","Defend_G+1","Defend_G","Defend_G","Strike_G","Strike_G","Strike_G","Strike_G","Strike_G","Survivor","Neutralize+1","Dagger Spray+1","Well Laid Plans","Poisoned Stab+1","Quick Slash","Acrobatics+1","Bouncing Flask+1","Tools of the Trade+1","Terror+1","Adrenaline+1","Escape Plan+1","After Image","Sucker Punch+1","Deadly Poison+1","Dagger Throw","Distraction+1","Apotheosis+1","Swift Strike","Acrobatics+1"],"max_hp_per_floor":[70,70,70,75,75,75,75,75,75,75,75,75,75,75,75,75,75,75,75,75,75,75,75,75,75,75,72,72,72,72,72,72,72],"relics":["Toxic Egg 2","Tingsha","Cursed Key","Nloth\u0027s Gift","Nilry\u0027s Codex","Bird Faced Urn","Ornamental Fan","War Paint"],"card_choices":[{"not_picked":["Dodge and Roll","Dash"],"picked":"Dagger Spray","floor":1},{"not_picked":["Choke","Backflip"],"picked":"Well Laid Plans","floor":2},{"not_picked":["Sucker Punch","Slice"],"picked":"Poisoned Stab","floor":5},{"not_picked":["Wraith Form v2","Sucker Punch"],"picked":"Quick Slash","floor":6},{"not_picked":["Underhanded Strike","Quick Slash"],"picked":"Acrobatics","floor":8},{"not_picked":["Dash","Leg Sweep"],"picked":"Bouncing Flask","floor":11},{"not_picked":["Choke","Underhanded Strike"],"picked":"Tools of the Trade","floor":12},{"not_picked":["Quick Slash","PiercingWail"],"picked":"Terror","floor":14},{"not_picked":["Tools of the Trade","Doppelganger"],"picked":"Adrenaline","floor":16},{"not_picked":["Blur","Dodge and Roll"],"picked":"Escape Plan","floor":18},{"not_picked":["Dagger Throw","Outmaneuver"],"picked":"After Image","floor":19},{"not_picked":["Dodge and Roll","Heel Hook"],"picked":"Sucker Punch","floor":22},{"not_picked":["Venomology","Distraction"],"picked":"Deadly Poison","floor":23},{"not_picked":["Sucker Punch","Predator"],"picked":"Dagger Throw","floor":25},{"not_picked":["Flying Knee","Poisoned Stab"],"picked":"Distraction","floor":28},{"not_picked":["Slice","PiercingWail"],"picked":"Acrobatics","floor":31}],"player_experience":7790,"potions_floor_usage":[16,25,33,33,33],"damage_taken":[{"damage":1,"enemies":"Cultist","floor":1,"turns":3},{"damage":4,"enemies":"Jaw Worm","floor":2,"turns":7},{"damage":0,"enemies":"Small Slimes","floor":5,"turns":3},{"damage":11,"enemies":"3 Sentries","floor":6,"turns":5},{"damage":2,"enemies":"Blue Slaver","floor":8,"turns":4},{"damage":0,"enemies":"Lots of Slimes","floor":11,"turns":1},{"damage":20,"enemies":"Exordium Thugs","floor":12,"turns":4},{"damage":27,"enemies":"Gremlin Gang","floor":14,"turns":5},{"damage":15,"enemies":"The Guardian","floor":16,"turns":9},{"damage":0,"enemies":"Spheric Guardian","floor":18,"turns":3},{"damage":2,"enemies":"Shell Parasite","floor":19,"turns":4},{"damage":5,"enemies":"Sentry and Sphere","floor":22,"turns":6},{"damage":50,"enemies":"Gremlin Leader","floor":23,"turns":7},{"damage":0,"enemies":"Snake Plant","floor":25,"turns":3},{"damage":12,"enemies":"Chosen and Byrds","floor":28,"turns":5},{"damage":15,"enemies":"Sentry and Sphere","floor":31,"turns":5},{"damage":65,"enemies":"Collector","floor":33,"turns":7}],"event_choices":[{"event_name":"Accursed Blacksmith","player_choice":"Forge","floor":3,"damage_taken":0},{"event_name":"Big Fish","player_choice":"Donut","floor":4,"damage_taken":0},{"event_name":"N\u0027loth","player_choice":"Traded a Ring of the Snake","floor":20,"damage_taken":0},{"event_name":"Cursed Tome","player_choice":"Obtained Book","floor":21,"damage_taken":0},{"event_name":"Beggar","player_choice":"Gave Gold","floor":27,"damage_taken":0}],"boss_relics":[{"not_picked":["Velvet Choker","Runic Dome"],"picked":"Cursed Key"}],"potions_floor_spawned":[2,6,12,16,18,22,25,28],"seed_played":"-4046736774306214615","killed_by":"Collector","ascension_level":0,"is_trial":false}