{"gold_per_floor":[213,173,193,27,45,73,73,93,93,126,144,144,155,165,165,262,262,277,277],"floor_reached":19,"playtime":1119,"items_purged":["Strike_R"],"score":217,"play_id":"3b3a8fc4-a243-4d94-b157-684c279397bc","local_time":"20190404095434","is_ascension_mode":true,"campfire_choices":[{"data":"Inflame","floor":7,"key":"SMITH"},{"data":"True Grit","floor":12,"key":"SMITH"},{"floor":15,"key":"REST"}],"neow_cost":"NONE","seed_source_timestamp":903773694757916,"circlet_count":0,"master_deck":["Strike_R","Strike_R","Strike_R","Strike_R","Defend_R","Defend_R","Defend_R","Defend_R","Bash","Thunderclap","Cleave","Fire Breathing","Clash","Clash","Inflame+1","True Grit+1","Warcry","Shrug It Off","Reaper","True Grit"],"relics":["Black Blood","Darkstone Periapt","Dead Branch","Prayer Wheel"],"potions_floor_usage":[6,16,16],"damage_taken":[{"damage":3,"enemies":"2 Louse","floor":1,"turns":3},{"damage":1,"enemies":"Cultist","floor":3,"turns":3},{"damage":0,"enemies":"Small Slimes","floor":5,"turns":2},{"damage":25,"enemies":"Gremlin Nob","floor":6,"turns":4},{"damage":5,"enemies":"3 Louse","floor":8,"turns":2},{"damage":20,"enemies":"3 Sentries","floor":10,"turns":6},{"damage":18,"enemies":"Exordium Wildlife","floor":11,"turns":4},{"damage":15,"enemies":"Large Slime","floor":13,"turns":5},{"damage":12,"enemies":"3 Louse","floor":14,"turns":3},{"damage":21,"enemies":"Slime Boss","floor":16,"turns":8},{"damage":43,"enemies":"Chosen","floor":18,"turns":7},{"damage":60,"enemies":"3 Byrds","floor":19,"turns":6}],"seed_played":"-102900926493201772","potions_obtained":[{"floor":2,"key":"Fruit Juice"},{"floor":2,"key":"GamblersBrew"},{"floor":2,"key":"GamblersBrew"},{"floor":6,"key":"EntropicBrew"},{"floor":11,"key":"Block Potion"},{"floor":14,"key":"Regen Potion"},{"floor":18,"key":"SkillPotion"}],"is_trial":false,"path_per_floor":["M","?","M","$","M","E","R","M","T","E","M","R","M","M","R","B",null,"M","M"],"character_chosen":"IRONCLAD","items_purchased":["Fire Breathing","Clash"],"campfire_rested":1,"item_purchase_floors":[4,4],"current_hp_per_floor":[80,80,80,80,80,66,66,67,67,53,41,41,32,26,51,51,85,52,0],"gold":277,"neow_bonus":"HUNDRED_GOLD","is_prod":false,"is_daily":false,"chose_seed":false,"campfire_upgraded":2,"win_rate":0,"timestamp":1554364474,"path_taken":["M","?","?","$","M","E","R","M","T","E","M","R","M","M","R","BOSS","M","M"],"build_version":"2019-01-23","purchased_purges":1,"victory":false,"max_hp_per_floor":[80,80,80,80,80,85,85,85,85,85,85,85,85,85,85,85,85,85,85],"card_choices":[{"not_picked":["Shrug It Off","Sword Boomerang"],"picked":"Thunderclap","floor":1},{"not_picked":["Warcry","Shockwave"],"picked":"Cleave","floor":3},{"not_picked":["Iron Wave","Sentinel"],"picked":"Clash","floor":5},{"not_picked":["Evolve","Pommel Strike"],"picked":"Inflame","floor":6},{"not_picked":["Fire Breathing","Rage"],"picked":"True Grit","floor":8},{"not_picked":["Brutality","Warcry","Combust"],"picked":"SKIP","floor":10},{"not_picked":["Brutality","Combust"],"picked":"Warcry","floor":10},{"not_picked":["Heavy Blade","Perfected Strike","Havoc"],"picked":"SKIP","floor":11},{"not_picked":["Burning Pact","Twin Strike","Perfected Strike"],"picked":"SKIP","floor":11},{"not_picked":["Warcry","Perfected Strike","Wild Strike"],"picked":"SKIP","floor":13},{"not_picked":["Entrench","Perfected Strike","Seeing Red"],"picked":"SKIP","floor":13},{"not_picked":["Twin Strike","Entrench"],"picked":"Shrug It Off","floor":14},{"not_picked":["Second Wind","Sword Boomerang","Brutality"],"picked":"SKIP","floor":14},{"not_picked":["Exhume","Barricade"],"picked":"Reaper","floor":16},{"not_picked":["Cleave+1","Headbutt"],"picked":"True Grit","floor":18},{"not_picked":["Pommel Strike","Inflame","Seeing Red"],"picked":"SKIP","floor":18}],"player_experience":427879,"relics_obtained":[{"floor":6,"key":"Darkstone Periapt"},{"floor":9,"key":"Dead Branch"},{"floor":10,"key":"Prayer Wheel"}],"event_choices":[{"damage_healed":0,"gold_gain":0,"player_choice":"Bought 3 Potions","damage_taken":0,"max_hp_gain":0,"max_hp_loss":0,"event_name":"The Woman in Blue","floor":2,"gold_loss":0}],"is_beta":false,"boss_relics":[{"not_picked":["Tiny House","Runic Pyramid"],"picked":"Black Blood"}],"items_purged_floors":[4],"is_endless":false,"potions_floor_spawned":[6,11,13,14,18],"killed_by":"3 Byrds","ascension_level":4}