{"gold_per_floor":[118,131,147,30,47,47,76,76,122,122,197,208,220,15,15,89,89,107,107,125,125,45,45],"floor_reached":23,"playtime":646,"items_purged":["Strike_B","Strike_B"],"score":382,"play_id":"04052eec-38df-40e6-a092-0013de287b3b","local_time":"20190512223959","is_ascension_mode":true,"campfire_choices":[{"data":"Zap","floor":6,"key":"SMITH"},{"data":"FTL","floor":8,"key":"SMITH"},{"floor":15,"key":"REST"}],"neow_cost":"PERCENT_DAMAGE","seed_source_timestamp":341962772202100,"circlet_count":0,"master_deck":["AscendersBane","Defend_B","Defend_B","Defend_B","Defend_B","Zap+1","Dualcast","Cold Snap","FTL+1","Rebound","FTL+1","Melter","Compile Driver","Undo","Defragment","Hologram","Conserve Battery","Loop","Go for the Eyes","Reboot","White Noise","Self Repair","Conserve Battery"],"relics":["Cracked Core","The Courier","Vajra","Busted Crown","MutagenicStrength"],"potions_floor_usage":[7,7,7,16,16],"damage_taken":[{"damage":1,"enemies":"Cultist","floor":1,"turns":3},{"damage":1,"enemies":"2 Louse","floor":2,"turns":3},{"damage":5,"enemies":"Jaw Worm","floor":3,"turns":3},{"damage":8,"enemies":"Blue Slaver","floor":5,"turns":3},{"damage":10,"enemies":"3 Sentries","floor":7,"turns":5},{"damage":1,"enemies":"Red Slaver","floor":12,"turns":3},{"damage":5,"enemies":"Large Slime","floor":13,"turns":4},{"damage":7,"enemies":"The Guardian","floor":16,"turns":12},{"damage":13,"enemies":"2 Thieves","floor":18,"turns":5},{"damage":0,"enemies":"Spheric Guardian","floor":20,"turns":2},{"damage":57,"enemies":"Book of Stabbing","floor":23,"turns":5}],"seed_played":"-6706587225260312555","potions_obtained":[{"floor":2,"key":"EntropicBrew"},{"floor":3,"key":"LiquidBronze"},{"floor":7,"key":"Dexterity Potion"},{"floor":13,"key":"Weak Potion"}],"is_trial":false,"path_per_floor":["M","M","M","$","M","R","E","R","T","?","?","M","M","$","R","B",null,"M","?","M","?","$","E"],"character_chosen":"DEFECT","items_purchased":["FTL","Melter","Conserve Battery","Loop","Go for the Eyes"],"campfire_rested":1,"item_purchase_floors":[4,4,14,14,14],"current_hp_per_floor":[45,44,39,39,31,31,21,21,21,21,10,9,4,4,25,18,58,45,45,52,52,52,0],"gold":45,"neow_bonus":"REMOVE_TWO","is_prod":false,"is_daily":false,"chose_seed":false,"campfire_upgraded":2,"win_rate":0,"timestamp":1557693599,"path_taken":["M","M","M","$","?","R","E","R","T","?","?","M","M","$","R","BOSS","M","?","M","?","$","E"],"build_version":"2019-01-23","purchased_purges":2,"victory":false,"max_hp_per_floor":[71,71,71,71,71,71,71,71,71,71,71,71,71,71,71,71,71,71,71,71,71,71,71],"card_choices":[{"not_picked":["Stack","Gash"],"picked":"Cold Snap","floor":1},{"not_picked":["Go for the Eyes","Rebound"],"picked":"FTL","floor":2},{"not_picked":["Sweeping Beam","Beam Cell"],"picked":"Rebound","floor":3},{"not_picked":["Turbo","Barrage"],"picked":"Compile Driver","floor":5},{"not_picked":["Beam Cell","Rip and Tear"],"picked":"Undo","floor":7},{"not_picked":["Compile Driver","Machine Learning"],"picked":"Defragment","floor":12},{"not_picked":["White Noise","Ball Lightning"],"picked":"Hologram","floor":13},{"not_picked":["Amplify","Multi-Cast"],"picked":"Reboot","floor":16},{"not_picked":[],"picked":"White Noise","floor":18},{"not_picked":[],"picked":"Conserve Battery","floor":20}],"player_experience":664793,"relics_obtained":[{"floor":7,"key":"The Courier"},{"floor":9,"key":"Vajra"}],"event_choices":[{"damage_healed":0,"gold_gain":0,"player_choice":"Grow","damage_taken":0,"max_hp_gain":0,"max_hp_loss":0,"event_name":"Living Wall","floor":10,"gold_loss":0,"cards_upgraded":["FTL"]},{"damage_healed":0,"gold_gain":75,"player_choice":"Gather Gold","damage_taken":11,"max_hp_gain":0,"max_hp_loss":0,"event_name":"World of Goop","floor":11,"gold_loss":0},{"damage_healed":0,"gold_gain":0,"player_choice":"Read","damage_taken":0,"max_hp_gain":0,"max_hp_loss":0,"event_name":"The Library","floor":19,"gold_loss":0,"cards_obtained":["Self Repair"]},{"damage_healed":0,"gold_gain":0,"player_choice":"Inject Mutagens","damage_taken":0,"relics_obtained":["MutagenicStrength"],"max_hp_gain":0,"max_hp_loss":0,"event_name":"Drug Dealer","floor":21,"gold_loss":0}],"is_beta":false,"boss_relics":[{"not_picked":["Eternal Feather","Orrery"],"picked":"Busted Crown"}],"items_purged_floors":[14,22],"is_endless":false,"potions_floor_spawned":[2,3,7,13],"killed_by":"Book of Stabbing","ascension_level":20}