{"gold_per_floor":[13,28,28,38,53,53,78,97,121,133,408,408,436,447,447,526,526,538,548,100,100,100,100,132,132,157,157,174,189,189,239,239,239],"floor_reached":33,"playtime":1292,"items_purged":["Regret"],"score":604,"play_id":"53a4a33e-1e7f-4cdd-a6c8-be0d74634fd5","local_time":"20190412193315","is_ascension_mode":true,"campfire_choices":[{"data":"Feed","floor":6.0,"key":"SMITH"},{"floor":12.0,"key":"REST"},{"floor":15.0,"key":"REST"},{"data":"Juggernaut","floor":23.0,"key":"SMITH"},{"floor":25.0,"key":"REST"},{"data":"Burning Pact","floor":27.0,"key":"SMITH"},{"data":"True Grit","floor":30.0,"key":"SMITH"},{"floor":32.0,"key":"REST"}],"neow_cost":"NO_GOLD","seed_source_timestamp":106331984847400,"circlet_count":0,"master_deck":["AscendersBane","Strike_R","Strike_R+1","Strike_R","Strike_R+1","Defend_R","Defend_R","Defend_R","Bash","Flex","Feed+1","Headbutt","Shrug It Off","Juggernaut+1","Burning Pact+1","True Grit+1","Battle Trance","Exhume","Rampage+1","Battle Trance","Dark Shackles","Shame","Spot Weakness","Clothesline"],"special_seed":0,"relics":["Burning Blood","Bottled Lightning","Bronze Scales","Whetstone","Sozu","Darkstone Periapt","Orichalcum","MutagenicStrength","Lantern","Juzu Bracelet"],"potions_floor_usage":[],"damage_taken":[{"damage":7.0,"enemies":"Jaw Worm","floor":1.0,"turns":3.0},{"damage":12.0,"enemies":"Cultist","floor":2.0,"turns":4.0},{"damage":0.0,"enemies":"2 Louse","floor":4.0,"turns":2.0},{"damage":26.0,"enemies":"Exordium Thugs","floor":5.0,"turns":5.0},{"damage":26.0,"enemies":"Lagavulin","floor":7.0,"turns":7.0},{"damage":26.0,"enemies":"Large Slime","floor":8.0,"turns":8.0},{"damage":6.0,"enemies":"Exordium Wildlife","floor":10.0,"turns":3.0},{"damage":45.0,"enemies":"3 Sentries","floor":13.0,"turns":9.0},{"damage":9.0,"enemies":"Blue Slaver","floor":14.0,"turns":5.0},{"damage":39.0,"enemies":"Slime Boss","floor":16.0,"turns":9.0},{"damage":31.0,"enemies":"3 Byrds","floor":18.0,"turns":4.0},{"damage":32.0,"enemies":"Spheric Guardian","floor":19.0,"turns":5.0},{"damage":39.0,"enemies":"Book of Stabbing","floor":24.0,"turns":5.0},{"damage":18.0,"enemies":"Snake Plant","floor":28.0,"turns":4.0},{"damage":28.0,"enemies":"Centurion and Healer","floor":29.0,"turns":8.0},{"damage":73,"enemies":"Collector","floor":33,"turns":6}],"seed_played":"9037316875278792895","potions_obtained":[{"floor":4.0,"key":"EssenceOfSteel"},{"floor":7.0,"key":"Strength Potion"},{"floor":8.0,"key":"GamblersBrew"},{"floor":14.0,"key":"Fire Potion"}],"is_trial":false,"path_per_floor":["M","M","?","M","M","R","E","M","T","M","?","R","E","M","R","B",null,"M","M","$","?","?","R","E","R","T","R","M","M","R","?","R","B"],"character_chosen":"IRONCLAD","items_purchased":["Darkstone Periapt","Dark Shackles"],"campfire_rested":4,"item_purchase_floors":[20,20],"current_hp_per_floor":[70,67,67,76,59,59,43,27,27,31,31,60,25,26,58,25,87,70,48,48,54,54,54,21,58,58,58,46,32,32,32,71,0],"gold":239,"neow_bonus":"TRANSFORM_TWO_CARDS","is_prod":false,"is_daily":false,"chose_seed":false,"campfire_upgraded":4,"win_rate":0,"timestamp":1555090395,"path_taken":["M","M","?","?","M","R","E","M","T","M","?","R","E","M","R","BOSS","M","?","$","?","?","R","E","R","T","R","M","M","R","?","R","BOSS"],"build_version":"2019-01-23","purchased_purges":1,"victory":false,"max_hp_per_floor":[78,81,81,84,87,87,91,95,95,99,99,99,103,107,107,107,107,115,119,119,125,125,125,125,125,125,125,125,133,133,133,133,133],"card_choices":[{"not_picked":["Rage","Sword Boomerang"],"picked":"Headbutt","floor":1.0},{"not_picked":["Pommel Strike","Perfected Strike"],"picked":"Shrug It Off","floor":2.0},{"not_picked":["Perfected Strike","Body Slam","Havoc"],"picked":"SKIP","floor":4.0},{"not_picked":["Cleave","Burning Pact"],"picked":"True Grit","floor":5.0},{"not_picked":["Immolate","Seeing Red"],"picked":"Battle Trance","floor":7.0},{"not_picked":["Havoc","Armaments","Clash"],"picked":"SKIP","floor":8.0},{"not_picked":["Armaments","Combust","Havoc"],"picked":"SKIP","floor":10.0},{"not_picked":["Entrench","Searing Blow","Iron Wave"],"picked":"SKIP","floor":13.0},{"not_picked":["Armaments","Cleave","Headbutt"],"picked":"SKIP","floor":14.0},{"not_picked":["Brutality","Demon Form"],"picked":"Exhume","floor":16.0},{"not_picked":["Cleave+1","Entrench"],"picked":"Rampage+1","floor":18.0},{"not_picked":["Iron Wave","Hemokinesis"],"picked":"Battle Trance","floor":19.0},{"not_picked":["Infernal Blade+1","Searing Blow+1"],"picked":"Spot Weakness","floor":24.0},{"not_picked":["Clash","Rupture","Sword Boomerang"],"picked":"SKIP","floor":28.0},{"not_picked":["Perfected Strike","Headbutt"],"picked":"Clothesline","floor":29.0}],"player_experience":544852,"relics_obtained":[{"floor":7.0,"key":"Bottled Lightning"},{"floor":9.0,"key":"Bronze Scales"},{"floor":13.0,"key":"Whetstone"},{"floor":24.0,"key":"Lantern"},{"floor":26.0,"key":"Juzu Bracelet"}],"event_choices":[{"damage_healed":0.0,"max_hp_gain":0.0,"max_hp_loss":0.0,"gold_gain":0.0,"event_name":"Match and Keep!","player_choice":"2 cards matched","floor":3.0,"gold_loss":0.0,"damage_taken":0.0,"cards_obtained":["Juggernaut","Burning Pact"]},{"damage_healed":0.0,"max_hp_gain":0.0,"max_hp_loss":0.0,"gold_gain":275.0,"event_name":"Golden Shrine","player_choice":"Desecrate","floor":11.0,"gold_loss":0.0,"damage_taken":0.0,"cards_obtained":["Regret"]},{"damage_healed":0.0,"max_hp_gain":0.0,"max_hp_loss":0.0,"gold_gain":0.0,"event_name":"Addict","player_choice":"Stole Relic","floor":21.0,"gold_loss":0.0,"damage_taken":0.0,"relics_obtained":["Orichalcum"],"cards_obtained":["Shame"]},{"damage_healed":0.0,"max_hp_gain":0.0,"max_hp_loss":0.0,"gold_gain":0.0,"event_name":"Drug Dealer","player_choice":"Inject Mutagens","floor":22.0,"gold_loss":0.0,"damage_taken":0.0,"relics_obtained":["MutagenicStrength"]},{"damage_healed":0.0,"max_hp_gain":0.0,"max_hp_loss":0.0,"gold_gain":50.0,"event_name":"Nest","player_choice":"Stole From Cult","floor":31.0,"gold_loss":0.0,"damage_taken":0.0}],"is_beta":false,"boss_relics":[{"not_picked":["Calling Bell","Coffee Dripper"],"picked":"Sozu"}],"items_purged_floors":[20],"is_endless":false,"potions_floor_spawned":[4,7,8,14,24,28,29],"killed_by":"Collector","ascension_level":20}