{"gold_per_floor":[118,68,81,81,14,14,29,29,52,63,82,82,82,97,97,195,195,206,206,216,65,76,76,106,106,130,130,148,162,182,182,182,283,283,299,36,36],"floor_reached":37,"playtime":1739,"items_purged":[],"score":552,"play_id":"28286122-55ac-4089-b4b7-ca240646ec4f","local_time":"20190105093640","is_ascension_mode":true,"campfire_choices":[{"data":"Dualcast","floor":6,"key":"SMITH"},{"data":"Tempest","floor":8,"key":"SMITH"},{"data":"Go for the Eyes","floor":13,"key":"SMITH"},{"data":"Barrage","floor":15,"key":"SMITH"},{"data":"White Noise","floor":23,"key":"SMITH"},{"data":"Defragment","floor":25,"key":"SMITH"},{"floor":32,"key":"REST"}],"neow_cost":"NONE","seed_source_timestamp":30582874225234,"circlet_count":0,"master_deck":["Zap+1","Dualcast+1","Conserve Battery","Barrage+1","Reinforced Body+1","Tempest+1","Go for the Eyes+1","Coolheaded","Doom and Gloom","Hyperbeam","Defragment+1","Defragment","White Noise+1","Ball Lightning+1","Undo","Stack","Amplify","Reboot","FTL","Beam Cell","Biased Cognition","Rebound","Blizzard","White Noise","Apotheosis"],"relics":["Cracked Core","Anchor","War Paint","Eternal Feather","Bag of Marbles","Vajra","Potion Belt","Pandora\u0027s Box"],"potions_floor_usage":[14,20,20,24,33,33,33,37,37],"damage_taken":[{"damage":0,"enemies":"Small Slimes","floor":1,"turns":3},{"damage":0,"enemies":"Jaw Worm","floor":3,"turns":3},{"damage":0,"enemies":"Cultist","floor":7,"turns":3},{"damage":0,"enemies":"2 Fungi Beasts","floor":10,"turns":3},{"damage":0,"enemies":"Blue Slaver","floor":11,"turns":2},{"damage":0,"enemies":"Lots of Slimes","floor":14,"turns":2},{"damage":23,"enemies":"The Guardian","floor":16,"turns":10},{"damage":8,"enemies":"Shell Parasite","floor":18,"turns":5},{"damage":0,"enemies":"Spheric Guardian","floor":20,"turns":2},{"damage":16,"enemies":"3 Cultists","floor":22,"turns":4},{"damage":23,"enemies":"Gremlin Leader","floor":24,"turns":5},{"damage":7,"enemies":"Colosseum Slavers","floor":27,"turns":3},{"damage":6,"enemies":"Centurion and Healer","floor":28,"turns":9},{"damage":20,"enemies":"Cultist and Chosen","floor":29,"turns":5},{"damage":12,"enemies":"Snake Plant","floor":30,"turns":4},{"damage":62,"enemies":"Champ","floor":33,"turns":13},{"damage":10,"enemies":"3 Shapes","floor":35,"turns":4},{"damage":51,"enemies":"3 Darklings","floor":37,"turns":2}],"seed_played":"5766764935545066205","potions_obtained":[{"floor":7,"key":"AttackPotion"},{"floor":14,"key":"Dexterity Potion"},{"floor":16,"key":"Fire Potion"},{"floor":20,"key":"Fruit Juice"},{"floor":24,"key":"FocusPotion"},{"floor":29,"key":"EssenceOfSteel"},{"floor":30,"key":"Energy Potion"},{"floor":33,"key":"FocusPotion"}],"is_trial":false,"path_per_floor":["M","?","M","?","$","R","M","R","T","M","M","?","R","M","R","B",null,"M","?","M","$","M","R","E","R","T","?","M","M","M","?","R","B",null,"M","$","M"],"character_chosen":"DEFECT","items_purchased":["Reinforced Body","Bag of Marbles","Apotheosis","FocusPotion"],"campfire_rested":1,"item_purchase_floors":[5,21,36,36],"current_hp_per_floor":[68,68,68,68,68,68,68,68,68,68,68,53,53,53,53,30,64,56,56,61,61,45,57,34,46,46,39,33,13,1,27,63,1,60,50,50,0],"gold":36,"neow_bonus":"RANDOM_COMMON_RELIC","is_prod":false,"is_daily":false,"chose_seed":false,"campfire_upgraded":6,"win_rate":0,"timestamp":1546648600,"path_taken":["M","?","M","?","$","R","M","R","T","M","?","?","R","M","R","BOSS","M","?","?","$","?","R","E","R","T","?","M","M","M","?","R","BOSS","M","$","M"],"build_version":"2019-01-03v4","purchased_purges":0,"victory":false,"max_hp_per_floor":[75,75,75,75,75,75,75,75,75,75,75,75,75,75,75,75,75,75,75,80,80,80,80,80,80,80,80,80,80,80,80,80,80,80,80,80,80],"card_choices":[{"not_picked":["Static Discharge","Capacitor"],"picked":"Conserve Battery","floor":1},{"not_picked":["FTL","Storm"],"picked":"Barrage","floor":3},{"not_picked":["Aggregate","BootSequence"],"picked":"Tempest","floor":7},{"not_picked":["Beam Cell","Redo"],"picked":"Go for the Eyes","floor":10},{"not_picked":["Force Field","Rainbow"],"picked":"Coolheaded","floor":11},{"not_picked":["Conserve Battery","Blizzard"],"picked":"Doom and Gloom","floor":14},{"not_picked":["Amplify","Reboot"],"picked":"Hyperbeam","floor":16},{"not_picked":["Blizzard+1","Reinforced Body"],"picked":"Defragment","floor":18},{"not_picked":["Go for the Eyes","Loop"],"picked":"White Noise","floor":20},{"not_picked":["Consume+1","Turbo"],"picked":"Ball Lightning+1","floor":22},{"not_picked":["Loop","Hello World"],"picked":"Undo","floor":24},{"not_picked":["Sweeping Beam","Fusion","Redo"],"picked":"SKIP","floor":28},{"not_picked":["Turbo","Lockon","Blizzard"],"picked":"SKIP","floor":29},{"not_picked":["Gash","Conserve Battery"],"picked":"Stack","floor":30},{"not_picked":["Buffer","Rainbow"],"picked":"Amplify","floor":33},{"not_picked":["Sweeping Beam","Gash","Barrage"],"picked":"SKIP","floor":35}],"player_experience":332046,"relics_obtained":[{"floor":9,"key":"War Paint"},{"floor":24,"key":"Vajra"},{"floor":26,"key":"Potion Belt"}],"event_choices":[{"cards_removed":["Defend_B"],"damage_healed":0,"gold_gain":0,"player_choice":"Card Removal","damage_taken":0,"max_hp_gain":0,"max_hp_loss":0,"event_name":"The Cleric","floor":2,"gold_loss":50},{"damage_healed":0,"gold_gain":0,"player_choice":"Upgraded","damage_taken":0,"max_hp_gain":0,"max_hp_loss":0,"event_name":"Upgrade Shrine","floor":4,"gold_loss":0,"cards_upgraded":["Zap"]},{"damage_healed":0,"gold_gain":0,"player_choice":"Entered Light","damage_taken":15,"max_hp_gain":0,"max_hp_loss":0,"event_name":"Shining Light","floor":12,"gold_loss":0,"cards_upgraded":["Strike_B","Strike_B"]},{"damage_healed":0,"gold_gain":0,"player_choice":"Copied","damage_taken":0,"max_hp_gain":0,"max_hp_loss":0,"event_name":"Duplicator","floor":19,"gold_loss":0,"cards_obtained":["Defragment"]},{"damage_healed":0,"gold_gain":0,"player_choice":"Fight","damage_taken":0,"max_hp_gain":0,"max_hp_loss":0,"event_name":"Colosseum","floor":27,"gold_loss":0},{"damage_healed":0,"gold_gain":0,"player_choice":"Fled From Nobs","damage_taken":0,"max_hp_gain":0,"max_hp_loss":0,"event_name":"Colosseum","floor":27,"gold_loss":0},{"damage_healed":26,"gold_gain":0,"player_choice":"Heal","damage_taken":0,"max_hp_gain":0,"max_hp_loss":0,"event_name":"The Library","floor":31,"gold_loss":0}],"is_beta":false,"boss_relics":[{"not_picked":["Coffee Dripper","Black Star"],"picked":"Eternal Feather"},{"not_picked":["Calling Bell","Empty Cage"],"picked":"Pandora\u0027s Box"}],"items_purged_floors":[],"is_endless":false,"potions_floor_spawned":[7,14,16,20,24,29,30,33],"killed_by":"3 Darklings","ascension_level":9}