{"gold_per_floor":[111,130,147,162,173,202,202,231,231,260,260,280,280,290,290,385,385,396,26,26,26,37,66,81,111,192,218,218,244,264,281,281,381,381,393,410,66,0,18,53,53,63,109,221,233,270,299,342,354,366,378,390,15,47,47],"floor_reached":56,"playtime":4698,"items_purged":["Strike_G","Strike_G","Strike_G"],"score":1964,"play_id":"c75b61a1-56f9-4745-95be-5764d48fd224","local_time":"20190317111503","is_ascension_mode":true,"campfire_choices":[{"floor":7,"key":"REST"},{"data":"Neutralize","floor":11,"key":"SMITH"},{"data":"Well Laid Plans","floor":15,"key":"SMITH"},{"floor":28,"key":"REST"},{"floor":32,"key":"RECALL"},{"floor":41,"key":"REST"},{"floor":49,"key":"REST"},{"floor":52,"key":"REST"}],"neow_cost":"NONE","seed_source_timestamp":310995398001274,"circlet_count":0,"master_deck":["Defend_G","Defend_G","Defend_G","Defend_G","Defend_G","Strike_G","Survivor","Neutralize+1","Well Laid Plans+1","Slice","Backstab","Quick Slash","Dagger Spray","Poisoned Stab","Phantasmal Killer+1","Acrobatics","Prepared","Blur","Corpse Explosion","Prepared","Writhe","Dash+1","PiercingWail","Cloak And Dagger+1","Accuracy","Blade Dance","PiercingWail+1","Cloak And Dagger","Cloak And Dagger","Dodge and Roll","Storm of Steel","Blade Dance","Leg Sweep","Bouncing Flask","Leg Sweep+1","Deflect","Accuracy","Blur+1","Apotheosis"],"relics":["Ring of the Snake","Meat on the Bone","Boot","Shuriken","Dream Catcher","Fusion Hammer","Thread and Needle","Ninja Scroll","Du-Vu Doll","Regal Pillow","Mango","Potion Belt","Busted Crown","Gremlin Horn","Red Mask","Pen Nib","MawBank","Unceasing Top","Orichalcum","Calipers","Vajra"],"potions_floor_usage":[8,10,16,31,50,55,55,55,55],"damage_taken":[{"damage":6,"enemies":"Cultist","floor":1,"turns":5},{"damage":0,"enemies":"2 Louse","floor":2,"turns":3},{"damage":0,"enemies":"Small Slimes","floor":3,"turns":3},{"damage":23,"enemies":"Exordium Wildlife","floor":4,"turns":7},{"damage":1,"enemies":"Looter","floor":5,"turns":3},{"damage":38,"enemies":"Lagavulin","floor":6,"turns":7},{"damage":9,"enemies":"3 Sentries","floor":8,"turns":7},{"damage":12,"enemies":"Lagavulin","floor":10,"turns":5},{"damage":0,"enemies":"3 Louse","floor":12,"turns":2},{"damage":0,"enemies":"Large Slime","floor":14,"turns":4},{"damage":0,"enemies":"Slime Boss","floor":16,"turns":6},{"damage":23,"enemies":"2 Thieves","floor":18,"turns":3},{"damage":0,"enemies":"Spheric Guardian","floor":22,"turns":3},{"damage":0,"enemies":"Gremlin Leader","floor":23,"turns":4},{"damage":2,"enemies":"Snake Plant","floor":24,"turns":4},{"damage":0,"enemies":"Book of Stabbing","floor":25,"turns":4},{"damage":5,"enemies":"Slavers","floor":27,"turns":3},{"damage":0,"enemies":"Gremlin Leader","floor":29,"turns":4},{"damage":0,"enemies":"Centurion and Healer","floor":30,"turns":4},{"damage":0,"enemies":"3 Cultists","floor":31,"turns":5},{"damage":12,"enemies":"Collector","floor":33,"turns":8},{"damage":0,"enemies":"3 Shapes","floor":35,"turns":2},{"damage":0,"enemies":"Orb Walker","floor":36,"turns":3},{"damage":2,"enemies":"Writhing Mass","floor":39,"turns":4},{"damage":54,"enemies":"Giant Head","floor":40,"turns":7},{"damage":18,"enemies":"4 Shapes","floor":42,"turns":3},{"damage":0,"enemies":"Mind Bloom Boss Battle","floor":44,"turns":6},{"damage":0,"enemies":"Reptomancer","floor":46,"turns":4},{"damage":11,"enemies":"Maw","floor":47,"turns":7},{"damage":0,"enemies":"Nemesis","floor":48,"turns":3},{"damage":84,"enemies":"Donu and Deca","floor":50,"turns":8},{"damage":15,"enemies":"Shield and Spear","floor":54,"turns":7},{"damage":70,"enemies":"The Heart","floor":55,"turns":11}],"seed_played":"-8451747376076148796","potions_obtained":[{"floor":2,"key":"Dexterity Potion"},{"floor":4,"key":"Poison Potion"},{"floor":6,"key":"Ancient Potion"},{"floor":10,"key":"Regen Potion"},{"floor":12,"key":"SteroidPotion"},{"floor":14,"key":"EssenceOfSteel"},{"floor":22,"key":"Block Potion"},{"floor":29,"key":"GhostInAJar"},{"floor":33,"key":"SteroidPotion"},{"floor":36,"key":"Dexterity Potion"},{"floor":44,"key":"Dexterity Potion"}],"is_trial":false,"path_per_floor":["M","M","M","M","M","E","R","E","T","E","R","M","?","M","R","B",null,"M","$","?","?","M","E","M","E","T","E","R","E","M","M","R","B",null,"M","M","$","?","M","E","R","M","T","?","?","E","M","E","R","B",null,"R","$","E","B",null],"character_chosen":"THE_SILENT","items_purchased":["Thread and Needle","Gremlin Horn","Apotheosis","GhostInAJar"],"campfire_rested":5,"item_purchase_floors":[19,37,53,53],"current_hp_per_floor":[64,64,64,41,40,2,25,28,28,28,28,40,40,40,40,40,68,45,45,45,70,70,70,68,68,68,77,91,91,91,91,91,79,88,88,88,88,88,86,44,86,68,68,68,68,68,57,57,91,19,73,91,91,76,33],"gold":47,"neow_bonus":"TEN_PERCENT_HP_BONUS","is_prod":false,"is_daily":false,"chose_seed":false,"campfire_upgraded":2,"win_rate":0,"timestamp":1552835703,"path_taken":["M","M","M","M","M","E","R","E","T","E","R","M","?","M","R","BOSS","M","$","?","?","M","E","M","E","T","E","R","E","?","M","R","BOSS","M","M","$","?","M","E","R","M","T","?","?","E","M","E","R","BOSS","R","$","E","BOSS"],"build_version":"2019-01-23","purchased_purges":3,"victory":true,"max_hp_per_floor":[77,77,77,77,77,77,77,77,77,77,77,77,77,77,77,77,77,77,77,77,77,77,77,77,77,77,91,91,91,91,91,91,91,91,91,91,91,91,91,91,91,91,91,91,91,91,91,91,91,91,91,91,91,91,91],"card_choices":[{"not_picked":["Acrobatics","Blade Dance"],"picked":"Well Laid Plans","floor":1},{"not_picked":["Underhanded Strike","Flying Knee"],"picked":"Slice","floor":2},{"not_picked":["Finisher","Blur"],"picked":"Backstab","floor":3},{"not_picked":["Dagger Throw","Underhanded Strike"],"picked":"Quick Slash","floor":4},{"not_picked":["Endless Agony","Venomology"],"picked":"Dagger Spray","floor":5},{"not_picked":["PiercingWail","Flechettes"],"picked":"Poisoned Stab","floor":6},{"not_picked":["Finisher","Underhanded Strike"],"picked":"Phantasmal Killer","floor":8},{"not_picked":["Dagger Spray","Deadly Poison"],"picked":"Acrobatics","floor":10},{"not_picked":["Dagger Throw","Sucker Punch"],"picked":"Prepared","floor":12},{"not_picked":["Masterful Stab","Underhanded Strike"],"picked":"Blur","floor":14},{"not_picked":["Night Terror","Glass Knife"],"picked":"Corpse Explosion","floor":16},{"not_picked":["Underhanded Strike","Expertise"],"picked":"Prepared","floor":18},{"not_picked":["Quick Slash","Concentrate"],"picked":"Dash+1","floor":22},{"not_picked":["Accuracy","Sucker Punch+1"],"picked":"PiercingWail","floor":23},{"not_picked":["Dash","Prepared"],"picked":"Cloak And Dagger+1","floor":24},{"not_picked":["Noxious Fumes","Tactician"],"picked":"Accuracy","floor":25},{"not_picked":["Underhanded Strike","Bane"],"picked":"Blade Dance","floor":27},{"not_picked":["All Out Attack","Prepared+1"],"picked":"PiercingWail+1","floor":28},{"not_picked":["Catalyst+1","Unload"],"picked":"Cloak And Dagger","floor":29},{"not_picked":["Dodge and Roll","Masterful Stab"],"picked":"Cloak And Dagger","floor":30},{"not_picked":["Crippling Poison","Deadly Poison"],"picked":"Dodge and Roll","floor":31},{"not_picked":["Die Die Die","Doppelganger"],"picked":"Storm of Steel","floor":33},{"not_picked":[],"picked":"Blade Dance","floor":35},{"not_picked":["Prepared"],"picked":"SKIP","floor":36},{"not_picked":["Flechettes"],"picked":"SKIP","floor":39},{"not_picked":[],"picked":"Leg Sweep","floor":40},{"not_picked":[],"picked":"Bouncing Flask","floor":41},{"not_picked":[],"picked":"Leg Sweep+1","floor":42},{"not_picked":["Distraction"],"picked":"SKIP","floor":46},{"not_picked":["Flying Knee+1"],"picked":"SKIP","floor":47},{"not_picked":[],"picked":"Deflect","floor":48},{"not_picked":[],"picked":"Accuracy","floor":49},{"not_picked":[],"picked":"Blur+1","floor":52},{"not_picked":["Eviscerate"],"picked":"SKIP","floor":54}],"player_experience":169264,"relics_obtained":[{"floor":6,"key":"Meat on the Bone"},{"floor":8,"key":"Boot"},{"floor":9,"key":"Shuriken"},{"floor":10,"key":"Dream Catcher"},{"floor":23,"key":"Du-Vu Doll"},{"floor":25,"key":"Regal Pillow"},{"floor":27,"key":"Mango"},{"floor":29,"key":"Potion Belt"},{"floor":40,"key":"Pen Nib"},{"floor":43,"key":"MawBank"},{"floor":44,"key":"Unceasing Top"},{"floor":46,"key":"Orichalcum"},{"floor":48,"key":"Calipers"},{"floor":54,"key":"Vajra"}],"event_choices":[{"damage_healed":0,"gold_gain":0,"player_choice":"Grow","damage_taken":0,"max_hp_gain":0,"max_hp_loss":0,"event_name":"Living Wall","floor":13,"gold_loss":0,"cards_upgraded":["Phantasmal Killer"]},{"damage_healed":0,"gold_gain":0,"player_choice":"Opened","damage_taken":0,"relics_obtained":["Ninja Scroll"],"max_hp_gain":0,"max_hp_loss":0,"event_name":"The Mausoleum","floor":20,"gold_loss":0,"cards_obtained":["Writhe"]},{"damage_healed":25,"gold_gain":0,"player_choice":"Heal","damage_taken":0,"max_hp_gain":0,"max_hp_loss":0,"event_name":"The Library","floor":21,"gold_loss":0},{"damage_healed":0,"gold_gain":0,"player_choice":"Paid","damage_taken":0,"relics_obtained":["Red Mask"],"max_hp_gain":0,"max_hp_loss":0,"event_name":"Tomb of Lord Red Mask","floor":38,"gold_loss":66},{"damage_healed":0,"gold_gain":0,"player_choice":"Fight","damage_taken":0,"max_hp_gain":0,"max_hp_loss":0,"event_name":"MindBloom","floor":44,"gold_loss":0},{"cards_removed":["Strike_G"],"damage_healed":0,"gold_gain":0,"player_choice":"Removed Attack","damage_taken":0,"max_hp_gain":0,"max_hp_loss":0,"event_name":"Falling","floor":45,"gold_loss":0}],"is_beta":false,"boss_relics":[{"not_picked":["Calling Bell","Lizard Tail"],"picked":"Fusion Hammer"},{"not_picked":["Cursed Key","Philosopher\u0027s Stone"],"picked":"Busted Crown"}],"items_purged_floors":[19,37,53],"is_endless":false,"potions_floor_spawned":[2,4,6,10,12,14,22,24,29,33,36,39,44,48],"ascension_level":7}