{"gold_per_floor":[115,126,87,87,7,37,37,70,70,70,70,87,162,162,162,286,286,306,306,120,45,69,69,69,92,92,92,92],"floor_reached":28,"playtime":1397,"items_purged":["Strike_G"],"score":334,"play_id":"0ef34541-dab0-4f69-9a2d-01f7407adc29","local_time":"20190303221334","is_ascension_mode":true,"campfire_choices":[{"data":"Neutralize","floor":7.0,"key":"SMITH"},{"data":"Accuracy","floor":11,"key":"SMITH"},{"floor":15,"key":"REST"},{"floor":23,"key":"REST"},{"floor":27,"key":"REST"}],"neow_cost":"NONE","seed_source_timestamp":0,"circlet_count":0,"master_deck":["Defend_G","Defend_G","Defend_G","Defend_G","Defend_G","Strike_G","Strike_G","Strike_G","Survivor","Neutralize+1","Infinite Blades","Accuracy+1","Caltrops","Well Laid Plans","Accuracy","Accuracy","Parasite","Backstab","Envenom","Accuracy+1","Blur","Footwork","Prepared","Writhe","Deflect"],"special_seed":0,"relics":["Ring of the Snake","NeowsBlessing","Blue Candle","Juzu Bracelet","The Specimen","Pen Nib","Golden Idol","Fusion Hammer","Snake Skull"],"potions_floor_usage":[12,22],"damage_taken":[{"damage":0.0,"enemies":"Small Slimes","floor":1.0,"turns":1.0},{"damage":0.0,"enemies":"Jaw Worm","floor":2.0,"turns":1.0},{"damage":0.0,"enemies":"Gremlin Nob","floor":6.0,"turns":1.0},{"damage":27.0,"enemies":"3 Sentries","floor":8.0,"turns":8.0},{"damage":3,"enemies":"2 Louse","floor":12,"turns":4},{"damage":38,"enemies":"Slime Boss","floor":16,"turns":8},{"damage":25,"enemies":"3 Byrds","floor":18,"turns":4},{"damage":0,"enemies":"Chosen","floor":22,"turns":6},{"damage":42,"enemies":"Centurion and Healer","floor":25,"turns":8},{"damage":43,"enemies":"Snecko","floor":28,"turns":5}],"seed_played":"-6339756839255871689","potions_obtained":[{"floor":2.0,"key":"Swift Potion"},{"floor":8,"key":"Regen Potion"},{"floor":16,"key":"EssenceOfSteel"}],"is_trial":false,"path_per_floor":["M","M","$","?","$","E","R","E","T","?","R","M","?","?","R","B",null,"M","?","$","?","M","R","?","M","T","R","M"],"character_chosen":"THE_SILENT","items_purchased":["Caltrops","Well Laid Plans","Blur","Footwork"],"campfire_rested":3,"item_purchase_floors":[3,5,20,20],"current_hp_per_floor":[70,70,70,58,58,58,58,31,31,48,48,45,34,34,53,15,53,28,28,28,28,43,62,62,20,20,39,0],"gold":92,"neow_bonus":"THREE_ENEMY_KILL","is_prod":false,"is_daily":false,"chose_seed":false,"campfire_upgraded":2,"win_rate":0,"timestamp":1551669214,"path_taken":["M","M","$","?","$","E","R","E","T","?","R","M","?","?","R","BOSS","M","?","$","?","M","R","?","M","T","R","M"],"build_version":"2019-01-23","purchased_purges":1,"victory":false,"max_hp_per_floor":[70,70,70,70,70,70,70,70,70,70,70,70,70,65,65,65,65,65,65,65,65,65,65,65,65,65,65,65],"card_choices":[{"not_picked":["Deflect","Accuracy"],"picked":"Infinite Blades","floor":1.0},{"not_picked":["Slice","Setup"],"picked":"Accuracy","floor":2.0},{"not_picked":["Flechettes","Reflex"],"picked":"Accuracy","floor":6.0},{"not_picked":["Crippling Poison","Cloak And Dagger"],"picked":"Accuracy","floor":8},{"not_picked":["Slice","Bane"],"picked":"Backstab","floor":12},{"not_picked":["Night Terror","Tools of the Trade"],"picked":"Envenom","floor":16},{"not_picked":["Deflect","Sucker Punch"],"picked":"Accuracy+1","floor":18},{"not_picked":["Quick Slash+1","Underhanded Strike"],"picked":"Prepared","floor":22},{"not_picked":["Slice","Reflex"],"picked":"Deflect","floor":25}],"player_experience":131927,"relics_obtained":[{"floor":6.0,"key":"Juzu Bracelet"},{"floor":8,"key":"The Specimen"},{"floor":9,"key":"Pen Nib"}],"event_choices":[{"damage_healed":0.0,"max_hp_gain":0.0,"max_hp_loss":0.0,"gold_gain":0.0,"event_name":"Scrap Ooze","player_choice":"Success","floor":4.0,"gold_loss":0.0,"damage_taken":12.0,"relics_obtained":["Blue Candle"]},{"damage_healed":17,"gold_gain":0,"player_choice":"Healed and dodged fight","damage_taken":0,"max_hp_gain":0,"max_hp_loss":0,"event_name":"Mushrooms","floor":10,"gold_loss":0,"cards_obtained":["Parasite"]},{"damage_healed":0,"gold_gain":75,"player_choice":"Gather Gold","damage_taken":11,"max_hp_gain":0,"max_hp_loss":0,"event_name":"World of Goop","floor":13,"gold_loss":0},{"damage_healed":0,"gold_gain":0,"player_choice":"Lose Max HP","damage_taken":0,"relics_obtained":["Golden Idol"],"max_hp_gain":0,"max_hp_loss":5,"event_name":"Golden Idol","floor":14,"gold_loss":0},{"damage_healed":0,"gold_gain":0,"player_choice":"Ignored","damage_taken":0,"max_hp_gain":0,"max_hp_loss":0,"event_name":"Ghosts","floor":19,"gold_loss":0},{"cards_removed":["Strike_G"],"damage_healed":0,"gold_gain":0,"player_choice":"Gave Gold","damage_taken":0,"max_hp_gain":0,"max_hp_loss":0,"event_name":"Beggar","floor":21,"gold_loss":75},{"damage_healed":0,"gold_gain":0,"player_choice":"Opened","damage_taken":0,"relics_obtained":["Snake Skull"],"max_hp_gain":0,"max_hp_loss":0,"event_name":"The Mausoleum","floor":24,"gold_loss":0,"cards_obtained":["Writhe"]}],"is_beta":false,"boss_relics":[{"not_picked":["Ectoplasm","Runic Pyramid"],"picked":"Fusion Hammer"}],"items_purged_floors":[20],"is_endless":false,"potions_floor_spawned":[2,8,16],"killed_by":"Snecko","ascension_level":5}