{"gold_per_floor":[218,218,234,234,257,257,281,156,210,233,133,133,153,166,166,166],"floor_reached":16,"playtime":539,"items_purged":["Strike_R","Defend_R"],"score":94,"play_id":"c85806dd-26b1-41bd-abc1-83d338535da1","local_time":"20190511215109","is_ascension_mode":false,"campfire_choices":[{"data":"Body Slam","floor":6,"key":"SMITH"},{"data":"Entrench","floor":12,"key":"SMITH"},{"data":"Shrug It Off","floor":15,"key":"SMITH"}],"neow_cost":"NONE","seed_source_timestamp":441423548146526,"circlet_count":0,"master_deck":["Strike_R","Strike_R","Strike_R","Strike_R","Defend_R","Defend_R","Defend_R","Bash","Entrench+1","Body Slam+1","Shrug It Off+1"],"relics":["Burning Blood","Golden Idol","Pen Nib"],"potions_floor_usage":[7,16,16],"damage_taken":[{"damage":12,"enemies":"Small Slimes","floor":1,"turns":4},{"damage":20,"enemies":"Jaw Worm","floor":3,"turns":4},{"damage":5,"enemies":"2 Louse","floor":5,"turns":3},{"damage":16,"enemies":"Large Slime","floor":7,"turns":6},{"damage":10,"enemies":"Looter","floor":10,"turns":4},{"damage":1,"enemies":"2 Fungi Beasts","floor":13,"turns":4},{"damage":6,"enemies":"Red Slaver","floor":14,"turns":4},{"damage":75,"enemies":"Slime Boss","floor":16,"turns":16}],"seed_played":"-6558637924741860226","potions_obtained":[{"floor":1,"key":"Ancient Potion"},{"floor":5,"key":"Energy Potion"},{"floor":7,"key":"Regen Potion"}],"is_trial":false,"path_per_floor":["M","?","M","?","M","R","M","$","T","M","$","R","M","M","R","B"],"character_chosen":"IRONCLAD","items_purchased":["Strength Potion"],"campfire_rested":0,"item_purchase_floors":[8],"current_hp_per_floor":[74,54,40,66,67,67,57,57,57,53,53,53,58,58,58,0],"gold":166,"neow_bonus":"HUNDRED_GOLD","is_prod":false,"is_daily":false,"chose_seed":false,"campfire_upgraded":3,"win_rate":0,"timestamp":1557625869,"path_taken":["M","?","M","?","M","R","M","$","T","M","$","R","?","M","R","BOSS"],"build_version":"2019-01-23","purchased_purges":2,"victory":false,"max_hp_per_floor":[80,80,80,80,80,80,80,80,80,80,80,80,80,80,80,80],"card_choices":[{"not_picked":["Clothesline","Flex"],"picked":"Entrench","floor":1},{"not_picked":["Havoc","Clash"],"picked":"Body Slam","floor":3},{"not_picked":["Thunderclap","Reaper","Flex"],"picked":"SKIP","floor":5},{"not_picked":["Perfected Strike","Wild Strike","Blood for Blood"],"picked":"SKIP","floor":7},{"not_picked":["Dropkick","Warcry","Twin Strike"],"picked":"SKIP","floor":10},{"not_picked":["Rupture","Battle Trance"],"picked":"Shrug It Off","floor":13},{"not_picked":["Havoc","Perfected Strike","Rupture"],"picked":"SKIP","floor":14}],"player_experience":133358,"relics_obtained":[{"floor":9,"key":"Pen Nib"}],"event_choices":[{"damage_healed":0,"gold_gain":0,"player_choice":"Take Damage","damage_taken":20,"relics_obtained":["Golden Idol"],"max_hp_gain":0,"max_hp_loss":0,"event_name":"Golden Idol","floor":2,"gold_loss":0},{"damage_healed":26,"gold_gain":0,"player_choice":"Banana","damage_taken":0,"max_hp_gain":0,"max_hp_loss":0,"event_name":"Big Fish","floor":4,"gold_loss":0}],"is_beta":false,"boss_relics":[],"items_purged_floors":[8,11],"is_endless":false,"potions_floor_spawned":[1,5,7],"killed_by":"Slime Boss","ascension_level":0}