{"gold_per_floor":[111,111,72,72,88,88,121,138,138,138,138,203,219,231,231,302,302,312,312,262,22,48,48,81,81,156,156,167,67,67,101,101,101],"floor_reached":33,"playtime":1051,"items_purged":["Strike_R","Strike_R+1"],"score":616,"play_id":"0d11c3fd-c26e-4185-85f6-cf9580aa4322","local_time":"20190323020941","is_ascension_mode":true,"campfire_choices":[{"data":"Flame Barrier","floor":6.0,"key":"SMITH"},{"data":"Bash","floor":11.0,"key":"SMITH"},{"data":"Shrug It Off","floor":15.0,"key":"SMITH"},{"floor":23.0,"key":"REST"},{"floor":25.0,"key":"REST"},{"floor":32.0,"key":"REST"}],"neow_cost":"NONE","seed_source_timestamp":113289800031400,"circlet_count":0,"master_deck":["AscendersBane","Strike_R+1","Strike_R+1","Strike_R+1","Defend_R+1","Defend_R+1","Defend_R+1","Defend_R+1","Bash+1","Cleave","Flame Barrier+1","Shrug It Off","Shrug It Off+1","Immolate","Battle Trance","Headbutt+1","Uppercut+1","Juggernaut","Body Slam+1","Clothesline+1","Burning Pact","Immolate+1","Anger+1","Inflame","Dropkick+1","Spot Weakness","Disarm"],"special_seed":0,"relics":["Burning Blood","NeowsBlessing","Orichalcum","Gambling Chip","Molten Egg 2","Pantograph","Tiny Chest","Orrery","GremlinMask","PreservedInsect","Singing Bowl","Mercury Hourglass","Happy Flower","Bottled Tornado"],"potions_floor_usage":[33],"damage_taken":[{"damage":0.0,"enemies":"Cultist","floor":1.0,"turns":1.0},{"damage":0.0,"enemies":"2 Louse","floor":5.0,"turns":2.0},{"damage":0.0,"enemies":"3 Sentries","floor":7.0,"turns":1.0},{"damage":4.0,"enemies":"Jaw Worm","floor":8.0,"turns":4.0},{"damage":20.0,"enemies":"Lagavulin","floor":12.0,"turns":7.0},{"damage":2.0,"enemies":"Lots of Slimes","floor":13.0,"turns":2.0},{"damage":0.0,"enemies":"2 Fungi Beasts","floor":14.0,"turns":2.0},{"damage":73.0,"enemies":"Hexaghost","floor":16.0,"turns":14.0},{"damage":15.0,"enemies":"Spheric Guardian","floor":18.0,"turns":6.0},{"damage":23.0,"enemies":"2 Thieves","floor":20.0,"turns":5.0},{"damage":49.0,"enemies":"Gremlin Leader","floor":24.0,"turns":5.0},{"damage":15.0,"enemies":"Centurion and Healer","floor":28.0,"turns":6.0},{"damage":15.0,"enemies":"Book of Stabbing","floor":31.0,"turns":3.0},{"damage":68,"enemies":"Automaton","floor":33,"turns":6}],"seed_played":"3311077568808853914","potions_obtained":[{"floor":7.0,"key":"Energy Potion"},{"floor":8.0,"key":"Energy Potion"},{"floor":13.0,"key":"SpeedPotion"},{"floor":14.0,"key":"Weak Potion"},{"floor":16.0,"key":"Block Potion"},{"floor":18.0,"key":"SpeedPotion"},{"floor":28.0,"key":"SteroidPotion"}],"is_trial":false,"path_per_floor":["M","T","$","?","M","R","E","M","T","T","R","E","M","M","R","B",null,"M","?","M","$","T","R","E","R","T","?","M","$","T","E","R","B"],"character_chosen":"IRONCLAD","items_purchased":["Flame Barrier","Inflame","Dropkick+1"],"campfire_rested":3,"item_purchase_floors":[3,21,21],"current_hp_per_floor":[74,74,74,75,75,75,75,75,75,75,75,61,65,71,71,8,58,49,49,32,32,32,54,11,33,33,33,26,26,26,17,40,0],"gold":101,"neow_bonus":"THREE_ENEMY_KILL","is_prod":false,"is_daily":false,"chose_seed":false,"campfire_upgraded":3,"win_rate":0,"timestamp":1553303381,"path_taken":["M","?","$","?","?","R","E","M","T","?","R","E","M","?","R","BOSS","M","?","M","$","?","R","E","R","T","?","M","$","?","E","R","BOSS"],"build_version":"2019-01-23","purchased_purges":2,"victory":false,"max_hp_per_floor":[75,75,75,75,75,75,75,75,75,75,75,75,75,75,75,75,75,75,75,75,75,75,75,75,75,75,75,77,77,77,77,77,77],"card_choices":[{"not_picked":["Flex","Sword Boomerang"],"picked":"Cleave","floor":1.0},{"not_picked":["Infernal Blade","Clothesline"],"picked":"Shrug It Off","floor":5.0},{"not_picked":["Heavy Blade","Body Slam"],"picked":"Shrug It Off","floor":7.0},{"not_picked":["Armaments","True Grit"],"picked":"Immolate","floor":8.0},{"not_picked":["Iron Wave+1","Sword Boomerang+1"],"picked":"Battle Trance","floor":12.0},{"not_picked":["Sentinel","Clash+1"],"picked":"Headbutt+1","floor":13.0},{"not_picked":["Battle Trance","Feel No Pain"],"picked":"Uppercut+1","floor":14.0},{"not_picked":["Limit Break","Impervious"],"picked":"Juggernaut","floor":16.0},{"not_picked":["Havoc","Entrench"],"picked":"Body Slam+1","floor":17.0},{"not_picked":["Perfected Strike+1","Iron Wave+1"],"picked":"Clothesline+1","floor":17.0},{"not_picked":["Power Through","Dual Wield"],"picked":"Burning Pact","floor":17.0},{"not_picked":["Heavy Blade+1","Twin Strike+1"],"picked":"Immolate+1","floor":18.0},{"not_picked":["Thunderclap+1","Body Slam+1"],"picked":"Anger+1","floor":20.0},{"not_picked":["Warcry","Anger+1"],"picked":"Spot Weakness","floor":24.0},{"not_picked":["Headbutt+1","Rupture","Heavy Blade+1"],"picked":"Singing Bowl","floor":28.0},{"not_picked":["True Grit+1","Pommel Strike+1"],"picked":"Disarm","floor":31.0}],"player_experience":499246,"relics_obtained":[{"floor":2.0,"key":"Orichalcum"},{"floor":7.0,"key":"Gambling Chip"},{"floor":9.0,"key":"Molten Egg 2"},{"floor":10.0,"key":"Pantograph"},{"floor":12.0,"key":"Tiny Chest"},{"floor":22.0,"key":"PreservedInsect"},{"floor":24.0,"key":"Singing Bowl"},{"floor":26.0,"key":"Mercury Hourglass"},{"floor":30.0,"key":"Happy Flower"},{"floor":31.0,"key":"Bottled Tornado"}],"event_choices":[{"damage_healed":1.0,"max_hp_gain":0.0,"max_hp_loss":0.0,"gold_gain":0.0,"event_name":"Wheel of Change","player_choice":"Full Heal","floor":4.0,"gold_loss":0.0,"damage_taken":0.0},{"damage_healed":0.0,"max_hp_gain":0.0,"max_hp_loss":0.0,"gold_gain":0.0,"event_name":"FaceTrader","player_choice":"Trade","floor":19.0,"gold_loss":0.0,"damage_taken":0.0,"relics_obtained":["GremlinMask"]},{"damage_healed":0.0,"max_hp_gain":0.0,"max_hp_loss":0.0,"gold_gain":0.0,"event_name":"Back to Basics","player_choice":"Simplicity","floor":27.0,"gold_loss":0.0,"damage_taken":0.0,"cards_upgraded":["Strike_R","Strike_R","Strike_R","Strike_R","Defend_R","Defend_R","Defend_R","Defend_R"]}],"is_beta":false,"boss_relics":[{"not_picked":["Lizard Tail","Pandora\u0027s Box"],"picked":"Orrery"}],"items_purged_floors":[21,29],"is_endless":false,"potions_floor_spawned":[7,8,13,14,16,18,28],"killed_by":"Automaton","ascension_level":19}