{"gold_per_floor":[114,114,114,114,131,194,204,204,252,252,252,284,294,140,140,242,242,260,260,260,275,275,275,291,135,135,152,167,167,178,193,193,293,293,307,307,307,323,323,323,337,352,406,417,428,428,428,388,388,388],"floor_reached":51,"playtime":3203,"items_purged":[],"score":684,"play_id":"deebe080-a8e8-4e99-845f-6b5c1bfce4e0","local_time":"20190422214407","is_ascension_mode":false,"campfire_choices":[{"data":"Chaos","floor":8,"key":"SMITH"},{"floor":10,"key":"REST"},{"floor":15,"key":"REST"},{"data":"Rainbow","floor":23,"key":"SMITH"},{"data":"Capacitor","floor":29,"key":"SMITH"},{"data":"Barrage","floor":32,"key":"SMITH"},{"data":"Biased Cognition","floor":40,"key":"SMITH"},{"floor":46,"key":"REST"},{"floor":49,"key":"REST"}],"neow_cost":"NONE","seed_source_timestamp":108365807847431,"circlet_count":0,"master_deck":["Strike_B","Strike_B","Strike_B","Defend_B","Defend_B","Defend_B","Zap+1","Dualcast+1","Buffer+1","Cold Snap","Chaos+1","Capacitor+1","Loop","Leap","Rainbow+1","BootSequence+1","Turbo+1","Go for the Eyes+1","Self Repair","Compile Driver","Barrage+1","Biased Cognition+1","Reinforced Body+1","Double Energy+1","Sweeping Beam+1","Turbo+1","Cold Snap+1","Blind+1"],"relics":["FrozenCore","Tiny Chest","Vajra","Pantograph","Pocketwatch","Omamori","Runic Pyramid","Thread and Needle","Toxic Egg 2","MutagenicStrength","Blood Vial","Sundial","Boot"],"potions_floor_usage":[33,33,50,50,50],"damage_taken":[{"damage":0,"enemies":"Small Slimes","floor":1,"turns":3},{"damage":0,"enemies":"2 Louse","floor":5,"turns":2},{"damage":15,"enemies":"3 Sentries","floor":6,"turns":7},{"damage":0,"enemies":"Cultist","floor":7,"turns":3},{"damage":28,"enemies":"Gremlin Nob","floor":12,"turns":5},{"damage":0,"enemies":"2 Fungi Beasts","floor":13,"turns":4},{"damage":22,"enemies":"Hexaghost","floor":16,"turns":8},{"damage":0,"enemies":"Shell Parasite","floor":18,"turns":5},{"damage":0,"enemies":"3 Byrds","floor":21,"turns":4},{"damage":0,"enemies":"Snecko","floor":24,"turns":4},{"damage":0,"enemies":"3 Cultists","floor":27,"turns":6},{"damage":0,"enemies":"Snake Plant","floor":28,"turns":4},{"damage":0,"enemies":"Snecko","floor":30,"turns":6},{"damage":1,"enemies":"Shelled Parasite and Fungi","floor":31,"turns":6},{"damage":72,"enemies":"Collector","floor":33,"turns":11},{"damage":9,"enemies":"3 Shapes","floor":35,"turns":5},{"damage":0,"enemies":"3 Darklings","floor":38,"turns":6},{"damage":0,"enemies":"Spire Growth","floor":41,"turns":5},{"damage":0,"enemies":"Transient","floor":42,"turns":5},{"damage":0,"enemies":"Writhing Mass","floor":44,"turns":6},{"damage":42,"enemies":"Maw","floor":45,"turns":11},{"damage":0,"enemies":"Time Eater","floor":50,"turns":15}],"seed_played":"1897630724234657230","potions_obtained":[{"floor":5,"key":"GamblersBrew"},{"floor":7,"key":"Ancient Potion"},{"floor":13,"key":"AttackPotion"},{"floor":18,"key":"SkillPotion"},{"floor":28,"key":"PowerPotion"},{"floor":38,"key":"Dexterity Potion"},{"floor":45,"key":"Weak Potion"}],"is_trial":false,"path_per_floor":["M","?","?","?","M","E","M","R","T","R","?","E","M","$","R","B",null,"M","T","T","M","?","R","M","$","T","M","M","R","M","M","R","B",null,"M","?","?","M","?","R","M","M","T","M","M","R","?","?","R","B",null],"character_chosen":"DEFECT","items_purchased":["Omamori","Blood Vial"],"campfire_rested":4,"item_purchase_floors":[14,25],"current_hp_per_floor":[75,75,68,68,68,53,53,53,53,75,75,47,47,47,69,53,75,75,75,75,75,75,75,75,75,75,75,75,75,75,75,75,10,75,73,73,73,75,75,75,75,75,75,75,40,62,62,62,75,75],"gold":388,"neow_bonus":"ONE_RANDOM_RARE_CARD","is_prod":false,"is_daily":false,"chose_seed":false,"campfire_upgraded":5,"win_rate":0,"timestamp":1555983847,"path_taken":["M","?","?","?","?","E","M","R","T","R","?","E","M","$","R","BOSS","M","?","?","M","?","R","M","$","T","M","M","R","M","M","R","BOSS","M","?","?","M","?","R","M","M","T","?","M","R","?","?","R","BOSS"],"build_version":"2019-01-23","purchased_purges":0,"victory":true,"max_hp_per_floor":[75,75,75,75,75,75,75,75,75,75,75,75,75,75,75,75,75,75,75,75,75,75,75,75,75,75,75,75,75,75,75,75,75,75,75,75,75,75,75,75,75,75,75,75,75,75,75,75,75,75],"card_choices":[{"not_picked":["Hologram","Beam Cell"],"picked":"Cold Snap","floor":1},{"not_picked":["Steam Power","Streamline","Rebound"],"picked":"SKIP","floor":5},{"not_picked":["Streamline","Rebound"],"picked":"Chaos","floor":6},{"not_picked":["Redo","Go for the Eyes"],"picked":"Capacitor","floor":7},{"not_picked":["Creative AI","Chaos"],"picked":"Loop","floor":12},{"not_picked":["Hologram","Static Discharge"],"picked":"Leap","floor":13},{"not_picked":["Hyperbeam","Reboot"],"picked":"Rainbow","floor":16},{"not_picked":["Leap","Ball Lightning"],"picked":"BootSequence+1","floor":18},{"not_picked":["Blizzard","Conserve Battery+1"],"picked":"Turbo+1","floor":21},{"not_picked":["Turbo+1","Ball Lightning"],"picked":"Go for the Eyes+1","floor":24},{"not_picked":["Melter","Undo+1"],"picked":"Beam Cell","floor":27},{"not_picked":["Blizzard","Redo+1"],"picked":"Self Repair","floor":28},{"not_picked":["Thunder Strike","Blizzard"],"picked":"Compile Driver","floor":30},{"not_picked":["Rebound","Coolheaded+1"],"picked":"Barrage","floor":31},{"not_picked":["Thunder Strike","Amplify+1"],"picked":"Biased Cognition","floor":33},{"not_picked":["Streamline","Rebound+1"],"picked":"Reinforced Body+1","floor":35},{"not_picked":["Cold Snap","Go for the Eyes"],"picked":"Double Energy+1","floor":38},{"not_picked":["Ball Lightning","Stack+1"],"picked":"Sweeping Beam+1","floor":41},{"not_picked":["Steam Power+1","Reinforced Body+1"],"picked":"Turbo+1","floor":42},{"not_picked":["Sweeping Beam+1","Lockon","Beam Cell"],"picked":"SKIP","floor":44},{"not_picked":["Steam+1","Conserve Battery+1"],"picked":"Cold Snap+1","floor":45},{"not_picked":["Trip+1","Finesse+1"],"picked":"Blind+1","floor":47}],"player_experience":165892,"relics_obtained":[{"floor":6,"key":"Tiny Chest"},{"floor":9,"key":"Vajra"},{"floor":12,"key":"Pocketwatch"},{"floor":19,"key":"Thread and Needle"},{"floor":20,"key":"Toxic Egg 2"},{"floor":26,"key":"Sundial"},{"floor":43,"key":"Boot"}],"event_choices":[{"damage_healed":0,"gold_gain":0,"player_choice":"Grow","damage_taken":0,"max_hp_gain":0,"max_hp_loss":0,"event_name":"Living Wall","floor":2,"gold_loss":0,"cards_upgraded":["Zap"]},{"cards_removed":["Strike_B"],"damage_healed":0,"gold_gain":0,"player_choice":"Card Removal","damage_taken":7,"max_hp_gain":0,"max_hp_loss":0,"event_name":"Golden Wing","floor":3,"gold_loss":0},{"damage_healed":0,"gold_gain":0,"player_choice":"Forge","damage_taken":0,"max_hp_gain":0,"max_hp_loss":0,"event_name":"Accursed Blacksmith","floor":4,"gold_loss":0,"cards_upgraded":["Dualcast"]},{"damage_healed":0,"gold_gain":0,"player_choice":"Gave Potion","damage_taken":0,"relics_obtained":["Pantograph"],"max_hp_gain":0,"max_hp_loss":0,"event_name":"WeMeetAgain","floor":11,"gold_loss":0},{"damage_healed":0,"gold_gain":0,"player_choice":"Inject Mutagens","damage_taken":0,"relics_obtained":["MutagenicStrength"],"max_hp_gain":0,"max_hp_loss":0,"event_name":"Drug Dealer","floor":22,"gold_loss":0},{"damage_healed":0,"gold_gain":0,"player_choice":"Ignored","damage_taken":0,"max_hp_gain":0,"max_hp_loss":0,"event_name":"Mysterious Sphere","floor":36,"gold_loss":0},{"cards_removed":["Beam Cell"],"damage_healed":0,"gold_gain":0,"player_choice":"Removed Attack","damage_taken":0,"max_hp_gain":0,"max_hp_loss":0,"event_name":"Falling","floor":37,"gold_loss":0},{"cards_removed":["Defend_B"],"damage_healed":0,"gold_gain":0,"player_choice":"Purged","damage_taken":0,"max_hp_gain":0,"max_hp_loss":0,"event_name":"Purifier","floor":39,"gold_loss":0},{"damage_healed":0,"gold_gain":0,"player_choice":"Memory 1","damage_taken":0,"max_hp_gain":0,"max_hp_loss":0,"event_name":"SensoryStone","floor":47,"gold_loss":0},{"damage_healed":0,"gold_gain":0,"player_choice":"Upgrade","damage_taken":0,"max_hp_gain":0,"max_hp_loss":0,"event_name":"Designer","floor":48,"gold_loss":40,"cards_upgraded":["Buffer"]}],"is_beta":false,"boss_relics":[{"not_picked":["Pandora\u0027s Box","Astrolabe"],"picked":"Runic Pyramid"},{"not_picked":["Orrery","Philosopher\u0027s Stone"],"picked":"FrozenCore"}],"items_purged_floors":[],"is_endless":false,"potions_floor_spawned":[5,7,13,18,28,31,38,42,45],"ascension_level":0}