{"gold_per_floor":[109,34,54,14,29,55,67,87,87,87,122,122,45,64,64,160,160,160,160,160,160,160,160,160,160,160,160,160,160,160,160,160,160,160,160,13,13,13,13,13,13,13,13,13,13,13,13,13,13,13],"floor_reached":51,"playtime":2030,"items_purged":["Regret"],"score":822,"play_id":"9ba7aaad-5ab2-4b24-ae34-e8d4547fb7d3","local_time":"20190504212925","is_ascension_mode":true,"campfire_choices":[{"data":"Storm","floor":10,"key":"SMITH"},{"data":"Echo Form","floor":12,"key":"SMITH"},{"data":"White Noise","floor":15,"key":"SMITH"},{"data":"Capacitor","floor":23,"key":"SMITH"},{"data":"Storm","floor":27,"key":"SMITH"},{"floor":30,"key":"REST"},{"floor":32,"key":"REST"},{"data":"Defragment","floor":40,"key":"SMITH"},{"floor":49,"key":"REST"}],"neow_cost":"CURSE","seed_source_timestamp":135241569534306,"circlet_count":0,"master_deck":["Strike_B+1","Strike_B+1","Strike_B+1","Strike_B+1","Defend_B+1","Defend_B+1","Defend_B+1","Defend_B+1","Zap","Dualcast","Echo Form+1","Loop","Cold Snap","Compile Driver","Storm+1","White Noise+1","Capacitor+1","Buffer","RitualDagger+1","Sweeping Beam+1","Skim","Storm+1","Capacitor","Conserve Battery","Buffer","Defragment+1","Glacier","Master of Strategy"],"relics":["Cracked Core","Anchor","Turnip","Molten Egg 2","Ectoplasm","Nunchaku","Bag of Marbles","Smiling Mask","Gremlin Horn","Busted Crown","Blood Vial","Singing Bowl","Bottled Tornado","Du-Vu Doll"],"potions_floor_usage":[6,11,24,44,50,50],"damage_taken":[{"damage":2,"enemies":"Cultist","floor":1,"turns":4},{"damage":5,"enemies":"Small Slimes","floor":3,"turns":3},{"damage":0,"enemies":"2 Louse","floor":5,"turns":2},{"damage":19,"enemies":"Lagavulin","floor":6,"turns":6},{"damage":4,"enemies":"Blue Slaver","floor":7,"turns":4},{"damage":1,"enemies":"Large Slime","floor":8,"turns":4},{"damage":7,"enemies":"3 Sentries","floor":11,"turns":6},{"damage":4,"enemies":"Exordium Thugs","floor":14,"turns":3},{"damage":7,"enemies":"The Guardian","floor":16,"turns":11},{"damage":0,"enemies":"3 Byrds","floor":18,"turns":3},{"damage":0,"enemies":"Spheric Guardian","floor":21,"turns":3},{"damage":2,"enemies":"Centurion and Healer","floor":22,"turns":8},{"damage":6,"enemies":"Gremlin Leader","floor":24,"turns":4},{"damage":45,"enemies":"Slavers","floor":28,"turns":3},{"damage":21,"enemies":"Snake Plant","floor":29,"turns":3},{"damage":25,"enemies":"Collector","floor":33,"turns":7},{"damage":0,"enemies":"3 Darklings","floor":35,"turns":2},{"damage":11,"enemies":"Giant Head","floor":41,"turns":7},{"damage":7,"enemies":"3 Shapes","floor":42,"turns":3},{"damage":11,"enemies":"Reptomancer","floor":44,"turns":4},{"damage":3,"enemies":"Transient","floor":45,"turns":5},{"damage":0,"enemies":"3 Darklings","floor":46,"turns":3},{"damage":16,"enemies":"Spire Growth","floor":47,"turns":3},{"damage":3,"enemies":"Giant Head","floor":48,"turns":6},{"damage":19,"enemies":"Donu and Deca","floor":50,"turns":6}],"seed_played":"-5499498247031390714","potions_obtained":[{"floor":4,"key":"SkillPotion"},{"floor":4,"key":"Energy Potion"},{"floor":4,"key":"Dexterity Potion"},{"floor":14,"key":"SteroidPotion"},{"floor":16,"key":"Regen Potion"},{"floor":18,"key":"Ancient Potion"},{"floor":28,"key":"Regen Potion"},{"floor":33,"key":"FocusPotion"},{"floor":41,"key":"Energy Potion"},{"floor":46,"key":"SteroidPotion"}],"is_trial":false,"path_per_floor":["M","$","M","?","M","E","M","M","T","R","E","R","$","M","R","B",null,"M","?","?","M","M","R","E","?","T","R","E","M","R","?","R","B",null,"M","$","?","T","$","R","E","M","T","E","M","M","M","E","R","B",null],"character_chosen":"DEFECT","items_purchased":["White Noise","Defragment","Glacier"],"campfire_rested":3,"item_purchase_floors":[13,36,36],"current_hp_per_floor":[73,73,68,68,68,49,45,44,44,44,37,37,37,33,33,26,75,75,69,69,69,67,67,73,73,73,73,28,7,29,29,51,26,75,75,75,75,75,75,75,64,59,59,64,65,69,57,58,83,66],"gold":13,"neow_bonus":"THREE_RARE_CARDS","is_prod":false,"is_daily":false,"chose_seed":false,"campfire_upgraded":6,"win_rate":0,"timestamp":1557023365,"path_taken":["M","$","?","?","M","E","?","M","T","R","E","R","?","M","R","BOSS","M","?","?","M","M","R","E","?","T","R","E","M","R","?","R","BOSS","M","$","?","?","?","R","E","M","T","E","M","M","M","E","R","BOSS"],"build_version":"2019-01-23","purchased_purges":1,"victory":true,"max_hp_per_floor":[75,75,75,75,75,75,75,75,75,75,75,75,75,75,75,75,75,75,75,75,75,75,75,75,75,75,75,75,75,75,75,75,75,75,75,75,75,75,75,75,75,75,75,77,79,81,83,85,85,85],"card_choices":[{"not_picked":["Thunder Strike","Fission"],"picked":"Echo Form","floor":0},{"not_picked":["Cold Snap","Rebound"],"picked":"Loop","floor":1},{"not_picked":["Hologram","Redo","Barrage"],"picked":"SKIP","floor":3},{"not_picked":["Hologram","Rebound"],"picked":"Cold Snap","floor":5},{"not_picked":["Consume","Streamline"],"picked":"Compile Driver","floor":6},{"not_picked":["Sweeping Beam","Lockon","Ball Lightning"],"picked":"SKIP","floor":7},{"not_picked":["Leap","Rebound"],"picked":"Storm","floor":8},{"not_picked":["Redo","Hologram","Consume"],"picked":"SKIP","floor":11},{"not_picked":["Force Field","Gash+1"],"picked":"Capacitor","floor":14},{"not_picked":["Hyperbeam+1","All For One+1"],"picked":"Buffer","floor":16},{"not_picked":["Rebound+1","Streamline+1","Hologram"],"picked":"SKIP","floor":18},{"not_picked":["Turbo","Machine Learning"],"picked":"Sweeping Beam+1","floor":21},{"not_picked":["Compile Driver+1","Coolheaded"],"picked":"Skim","floor":22},{"not_picked":["Barrage+1","Reprogram"],"picked":"Storm","floor":24},{"not_picked":["Gash+1","Aggregate+1"],"picked":"Capacitor","floor":28},{"not_picked":["Fusion","Redo+1"],"picked":"Conserve Battery","floor":29},{"not_picked":["Multi-Cast","All For One+1"],"picked":"Buffer","floor":33},{"not_picked":["Go for the Eyes+1"],"picked":"SKIP","floor":35},{"not_picked":[],"picked":"Master of Strategy","floor":37},{"not_picked":["Conserve Battery"],"picked":"SKIP","floor":41},{"not_picked":["Auto Shields"],"picked":"SKIP","floor":42},{"not_picked":["Hello World+1"],"picked":"Singing Bowl","floor":44},{"not_picked":["Chill"],"picked":"Singing Bowl","floor":45},{"not_picked":["Leap+1"],"picked":"Singing Bowl","floor":46},{"not_picked":["Cold Snap+1"],"picked":"Singing Bowl","floor":47},{"not_picked":["Stack+1"],"picked":"Singing Bowl","floor":48}],"player_experience":1267519,"relics_obtained":[{"floor":6,"key":"Anchor"},{"floor":9,"key":"Turnip"},{"floor":11,"key":"Molten Egg 2"},{"floor":24,"key":"Bag of Marbles"},{"floor":26,"key":"Smiling Mask"},{"floor":28,"key":"Gremlin Horn"},{"floor":41,"key":"Blood Vial"},{"floor":43,"key":"Singing Bowl"},{"floor":44,"key":"Bottled Tornado"},{"floor":48,"key":"Du-Vu Doll"}],"event_choices":[{"damage_healed":0,"gold_gain":0,"player_choice":"Bought 3 Potions","damage_taken":0,"max_hp_gain":0,"max_hp_loss":0,"event_name":"The Woman in Blue","floor":4,"gold_loss":0},{"damage_healed":0,"gold_gain":0,"player_choice":"Joined the Cult","damage_taken":6,"max_hp_gain":0,"max_hp_loss":0,"event_name":"Nest","floor":19,"gold_loss":0,"cards_obtained":["RitualDagger"]},{"damage_healed":0,"gold_gain":0,"player_choice":"Opened","damage_taken":0,"relics_obtained":["Nunchaku"],"max_hp_gain":0,"max_hp_loss":0,"event_name":"The Mausoleum","floor":20,"gold_loss":0},{"damage_healed":0,"gold_gain":0,"player_choice":"Ignored","damage_taken":0,"max_hp_gain":0,"max_hp_loss":0,"event_name":"Vampires","floor":25,"gold_loss":0},{"damage_healed":0,"gold_gain":0,"player_choice":"Simplicity","damage_taken":0,"max_hp_gain":0,"max_hp_loss":0,"event_name":"Back to Basics","floor":31,"gold_loss":0,"cards_upgraded":["Strike_B","Strike_B","Strike_B","Strike_B","Defend_B","Defend_B","Defend_B","Defend_B"]},{"damage_healed":0,"gold_gain":0,"player_choice":"Memory 1","damage_taken":0,"max_hp_gain":0,"max_hp_loss":0,"event_name":"SensoryStone","floor":37,"gold_loss":0}],"is_beta":false,"boss_relics":[{"not_picked":["Runic Pyramid","Calling Bell"],"picked":"Ectoplasm"},{"not_picked":["Velvet Choker","Fusion Hammer"],"picked":"Busted Crown"}],"items_purged_floors":[2],"is_endless":false,"potions_floor_spawned":[5,14,16,18,28,29,33,35,41,45,46,48],"ascension_level":1}