{"path_per_floor":["M","$","M","?","M","R","M","M","T","?","M","M","E","M","R","B",null,"M","M","$","M","?","M","M","M","T","M","M","R","$","M","R"],"character_chosen":"IRONCLAD","items_purchased":["Bag of Marbles"],"gold_per_floor":[116,41,55,55,71,71,81,93,93,93,109,127,155,166,166,263,263,283,297,44,57,57,74,86,99,99,109,126,126,1,12,12,12],"floor_reached":33,"campfire_rested":1,"playtime":1909,"item_purchase_floors":[20],"current_hp_per_floor":[78,78,76,73,79,79,80,72,72,65,66,72,84,85,85,88,90,75,61,61,59,59,51,57,35,35,37,43,43,43,30,57,0],"items_purged":["Strike_R","Strike_R","Regret"],"gold":12,"score":259,"play_id":"073ab49d-0ee7-4b8c-81ad-2668810ecdb0","local_time":"20180529221759","is_prod":false,"is_daily":false,"chose_seed":false,"is_ascension_mode":false,"campfire_upgraded":3,"win_rate":0,"timestamp":1527650279,"campfire_choices":[{"data":"Immolate","floor":6,"key":"SMITH"},{"data":"Bash","floor":15,"key":"SMITH"},{"data":"Pommel Strike","floor":29,"key":"SMITH"},{"floor":32,"key":"REST"}],"path_taken":["M","$","M","?","M","R","M","M","T","?","M","M","E","M","R","BOSS","M","M","$","M","?","M","M","?","T","M","M","R","$","M","R","BOSS"],"build_version":"2018-05-24","seed_source_timestamp":598832122523672,"purchased_purges":3,"victory":false,"master_deck":["Strike_R","Strike_R","Defend_R","Defend_R","Defend_R","Defend_R","Bash+1","Immolate+1","Barricade","Headbutt","Pommel Strike+1","Double Tap","Infernal Blade+1","Iron Wave+1","Pommel Strike+1","Berserk"],"max_hp_per_floor":[80,80,80,80,80,80,80,80,80,80,80,80,90,90,90,90,90,90,90,90,90,90,90,90,90,90,90,90,90,90,90,90,90],"relics":["Burning Blood","Ornamental Fan","Pear","Cursed Key","Bag of Marbles","Prayer Wheel"],"card_choices":[{"not_picked":["Armaments","Feel No Pain","Fire Breathing"],"picked":"SKIP","floor":1},{"not_picked":["Reckless Charge","Carnage","Warcry"],"picked":"SKIP","floor":3},{"not_picked":["Hemokinesis","Thunderclap","Disarm"],"picked":"SKIP","floor":5},{"not_picked":["Armaments","Clothesline","Cleave"],"picked":"SKIP","floor":7},{"not_picked":["Heavy Blade","Flex","Havoc"],"picked":"SKIP","floor":8},{"not_picked":["Juggernaut","Power Through","Heavy Blade"],"picked":"SKIP","floor":11},{"not_picked":["Sword Boomerang","Dual Wield","Perfected Strike"],"picked":"SKIP","floor":12},{"not_picked":["Sword Boomerang","Dual Wield","Perfected Strike"],"picked":"SKIP","floor":12},{"not_picked":["Evolve","Sword Boomerang","Havoc"],"picked":"SKIP","floor":13},{"not_picked":["Feel No Pain","Hemokinesis","Combust"],"picked":"SKIP","floor":14},{"not_picked":["Bludgeon","Impervious"],"picked":"Barricade","floor":16},{"not_picked":["Heavy Blade","Sword Boomerang","Warcry"],"picked":"SKIP","floor":18},{"not_picked":["Anger","Flex+1"],"picked":"Headbutt","floor":19},{"not_picked":["Dual Wield","Fire Breathing+1"],"picked":"Pommel Strike+1","floor":21},{"not_picked":["Intimidate","Body Slam","Reckless Charge"],"picked":"SKIP","floor":23},{"not_picked":["True Grit","Searing Blow"],"picked":"Double Tap","floor":24},{"not_picked":["Headbutt","Carnage","Metallicize"],"picked":"SKIP","floor":25},{"not_picked":["Headbutt","Flex"],"picked":"Infernal Blade+1","floor":27},{"not_picked":["Heavy Blade+1","Iron Wave","Clash"],"picked":"SKIP","floor":27},{"not_picked":["Cleave","Feel No Pain"],"picked":"Iron Wave+1","floor":28},{"not_picked":["Sword Boomerang","Wild Strike"],"picked":"Pommel Strike","floor":28},{"not_picked":["Havoc","Corruption"],"picked":"Berserk","floor":31},{"not_picked":["Armaments","Flex","Combust"],"picked":"SKIP","floor":31}],"player_experience":61598,"potions_floor_usage":[16,16,24,24,31,33,33],"damage_taken":[{"damage":8,"enemies":"Small Slimes","floor":1,"turns":3},{"damage":8,"enemies":"Jaw Worm","floor":3,"turns":3},{"damage":0,"enemies":"2 Louse","floor":5,"turns":1},{"damage":0,"enemies":"Exordium Wildlife","floor":7,"turns":1},{"damage":14,"enemies":"Blue Slaver","floor":8,"turns":3},{"damage":5,"enemies":"Exordium Thugs","floor":11,"turns":2},{"damage":0,"enemies":"Lots of Slimes","floor":12,"turns":1},{"damage":4,"enemies":"3 Sentries","floor":13,"turns":3},{"damage":5,"enemies":"Looter","floor":14,"turns":3},{"damage":3,"enemies":"Slime Boss","floor":16,"turns":6},{"damage":21,"enemies":"Shell Parasite","floor":18,"turns":4},{"damage":20,"enemies":"Spheric Guardian","floor":19,"turns":4},{"damage":8,"enemies":"Centurion and Healer","floor":21,"turns":4},{"damage":14,"enemies":"Sentry and Sphere","floor":23,"turns":4},{"damage":0,"enemies":"Snecko","floor":24,"turns":2},{"damage":28,"enemies":"Snake Plant","floor":25,"turns":3},{"damage":4,"enemies":"Sentry and Sphere","floor":27,"turns":2},{"damage":0,"enemies":"Centurion and Healer","floor":28,"turns":3},{"damage":19,"enemies":"Slaver and Parasite","floor":31,"turns":4},{"damage":83,"enemies":"Champ","floor":33,"turns":7}],"relics_obtained":[{"floor":13,"key":"Pear"},{"floor":26,"key":"Prayer Wheel"}],"event_choices":[{"event_name":"Scrap Ooze","player_choice":"success","floor":4,"damage_taken":3},{"event_name":"Golden Wing","player_choice":"Card Removal","floor":10,"damage_taken":0},{"event_name":"Drug Dealer","player_choice":"Ignored","floor":22,"damage_taken":0}],"boss_relics":[{"not_picked":["Snecko Eye","Runic Cube"],"picked":"Cursed Key"}],"items_purged_floors":[2,20,30],"potions_floor_spawned":[3,5,7,14,16,21,23,27,28,31],"seed_played":"674625848097294609","killed_by":"Champ","ascension_level":0,"potions_obtained":[{"floor":3,"key":"EssenceOfSteel"},{"floor":5,"key":"Ancient Potion"},{"floor":7,"key":"FairyPotion"},{"floor":14,"key":"Strength Potion"},{"floor":16,"key":"Ancient Potion"},{"floor":21,"key":"Fire Potion"},{"floor":27,"key":"LiquidBronze"},{"floor":28,"key":"SteroidPotion"},{"floor":31,"key":"FearPotion"}],"is_trial":false}