{"gold_per_floor":[112,131,144,24,44,44,56,56,79,91,117,129,141,166,178,264,276,302,314,300,312,324,336,359,386,398,410,433,445],"floor_reached":29,"playtime":872,"items_purged":[],"score":498,"play_id":"be97be57-75db-4f72-abc0-a76cc718ef04","local_time":"20190228204051","is_ascension_mode":true,"campfire_choices":[{"data":"Dagger Spray","floor":6,"key":"SMITH"},{"data":"Noxious Fumes","floor":8,"key":"SMITH"},{"data":"Catalyst","floor":12,"key":"SMITH"},{"data":"Deadly Poison","floor":15,"key":"SMITH"},{"data":"Malaise","floor":23,"key":"SMITH"}],"neow_cost":"NONE","seed_source_timestamp":140487848614577,"circlet_count":0,"master_deck":["AscendersBane","Defend_G","Defend_G+1","Defend_G","Defend_G","Defend_G","Strike_G","Strike_G","Strike_G+1","Strike_G","Strike_G","Survivor","Neutralize+1","Deadly Poison+1","Well Laid Plans","Masterful Stab","Catalyst+1","Noxious Fumes+1","Dagger Spray+1","Prepared","Malaise+1","Cloak And Dagger","Calculated Gamble+1","Catalyst+1"],"relics":["Ring of the Snake","NeowsBlessing","MawBank","Black Star","Letter Opener","Shovel"],"potions_floor_usage":[16,20,24,28],"damage_taken":[{"damage":0,"enemies":"Cultist","floor":1,"turns":1},{"damage":0,"enemies":"2 Louse","floor":2,"turns":1},{"damage":0,"enemies":"Small Slimes","floor":3,"turns":1},{"damage":3,"enemies":"Looter","floor":5,"turns":3},{"damage":1,"enemies":"Exordium Thugs","floor":7,"turns":4},{"damage":9,"enemies":"3 Louse","floor":11,"turns":4},{"damage":6,"enemies":"Red Slaver","floor":14,"turns":2},{"damage":0,"enemies":"Slime Boss","floor":16,"turns":7},{"damage":7,"enemies":"Spheric Guardian","floor":18,"turns":4},{"damage":22,"enemies":"2 Thieves","floor":20,"turns":4},{"damage":7,"enemies":"Chosen and Byrds","floor":24,"turns":6},{"damage":28,"enemies":"Centurion and Healer","floor":25,"turns":7},{"damage":11,"enemies":"3 Cultists","floor":28,"turns":5},{"damage":16,"enemies":"Cultist and Chosen","floor":29,"turns":2}],"seed_played":"3537256274641443328","potions_obtained":[{"floor":1,"key":"Swift Potion"},{"floor":5,"key":"Regen Potion"},{"floor":7,"key":"GhostInAJar"},{"floor":16,"key":"Ancient Potion"},{"floor":20,"key":"Regen Potion"}],"is_trial":false,"path_per_floor":["M","M","M","$","M","R","M","R","T","?","M","R","?","M","R","B",null,"M","?","M","T","$","R","M","M","T","?","M","M"],"character_chosen":"THE_SILENT","items_purchased":["Catalyst","Noxious Fumes"],"campfire_rested":0,"item_purchase_floors":[4,4],"current_hp_per_floor":[59,59,59,59,56,56,55,55,55,35,26,26,26,20,20,20,55,48,48,40,40,40,40,33,5,5,5,9,0],"gold":445,"neow_bonus":"THREE_ENEMY_KILL","is_prod":false,"is_daily":false,"chose_seed":false,"campfire_upgraded":5,"win_rate":0,"timestamp":1551354051,"path_taken":["M","?","M","$","M","R","M","R","T","?","M","R","?","M","R","BOSS","M","?","M","?","$","R","M","M","T","?","?","M"],"build_version":"2019-01-23","purchased_purges":0,"victory":false,"max_hp_per_floor":[66,66,66,66,66,66,66,66,66,66,66,66,66,66,66,66,66,66,66,66,66,66,66,66,66,66,66,66,66],"card_choices":[{"not_picked":["Endless Agony","Quick Slash"],"picked":"Deadly Poison","floor":1},{"not_picked":["Dagger Throw","Dodge and Roll"],"picked":"Well Laid Plans","floor":2},{"not_picked":["Prepared","Concentrate"],"picked":"Masterful Stab","floor":3},{"not_picked":["Quick Slash","Terror"],"picked":"Dagger Spray","floor":5},{"not_picked":["Blade Dance","Sucker Punch","Masterful Stab"],"picked":"SKIP","floor":7},{"not_picked":["Finisher","PiercingWail"],"picked":"Prepared","floor":11},{"not_picked":["Quick Slash","Poisoned Stab","Bane"],"picked":"SKIP","floor":14},{"not_picked":["Doppelganger","Phantasmal Killer"],"picked":"Malaise","floor":16},{"not_picked":["PiercingWail","Dagger Throw"],"picked":"Cloak And Dagger","floor":18},{"not_picked":["Bane","Skewer"],"picked":"Calculated Gamble+1","floor":20},{"not_picked":["Quick Slash","Dagger Spray","Endless Agony"],"picked":"SKIP","floor":24},{"not_picked":["Endless Agony","Quick Slash","Deadly Poison+1"],"picked":"SKIP","floor":25},{"not_picked":["Quick Slash","Riddle With Holes","Deflect"],"picked":"SKIP","floor":28}],"player_experience":596499,"relics_obtained":[{"floor":9,"key":"MawBank"},{"floor":21,"key":"Letter Opener"},{"floor":26,"key":"Shovel"}],"event_choices":[{"damage_healed":0,"gold_gain":0,"player_choice":"Entered Light","damage_taken":20,"max_hp_gain":0,"max_hp_loss":0,"event_name":"Shining Light","floor":10,"gold_loss":0,"cards_upgraded":["Defend_G","Strike_G"]},{"damage_healed":0,"gold_gain":0,"player_choice":"Grow","damage_taken":0,"max_hp_gain":0,"max_hp_loss":0,"event_name":"Living Wall","floor":13,"gold_loss":0,"cards_upgraded":["Neutralize"]},{"damage_healed":0,"gold_gain":0,"player_choice":"Ignored","damage_taken":0,"max_hp_gain":0,"max_hp_loss":0,"event_name":"Ghosts","floor":19,"gold_loss":0},{"damage_healed":0,"gold_gain":0,"player_choice":"Copied","damage_taken":0,"max_hp_gain":0,"max_hp_loss":0,"event_name":"Duplicator","floor":27,"gold_loss":0,"cards_obtained":["Catalyst"]}],"is_beta":false,"boss_relics":[{"not_picked":["Pandora\u0027s Box","Fusion Hammer"],"picked":"Black Star"}],"items_purged_floors":[],"is_endless":false,"potions_floor_spawned":[1,5,7,16,20],"killed_by":"Cultist and Chosen","ascension_level":17}