{"gold_per_floor":[113,131,206,131,150,150,300,300,300,300,356,356,371,371],"floor_reached":14,"playtime":383,"items_purged":["Strike_B"],"score":176,"play_id":"782af59e-2d44-4301-b938-fcae67835132","local_time":"20190426085858","is_ascension_mode":true,"campfire_choices":[{"floor":6,"key":"REST"},{"data":"Go for the Eyes","floor":8,"key":"SMITH"},{"data":"Zap","floor":10,"key":"SMITH"}],"neow_cost":"PERCENT_DAMAGE","seed_source_timestamp":122688416793226,"circlet_count":0,"master_deck":["AscendersBane","Strike_B","Strike_B","Strike_B","Defend_B","Defend_B","Defend_B","Defend_B","Zap+1","Dualcast","Echo Form","Ball Lightning","Go for the Eyes+1","Doubt","Buffer"],"relics":["Cracked Core","Bronze Scales","Matryoshka"],"potions_floor_usage":[11,12],"damage_taken":[{"damage":6,"enemies":"2 Louse","floor":1,"turns":2},{"damage":7,"enemies":"Jaw Worm","floor":2,"turns":3},{"damage":1,"enemies":"Cultist","floor":5,"turns":3},{"damage":34,"enemies":"Gremlin Nob","floor":11,"turns":4},{"damage":0,"enemies":"3 Sentries","floor":12,"turns":2},{"damage":3,"enemies":"Looter","floor":13,"turns":3},{"damage":6,"enemies":"Exordium Thugs","floor":14,"turns":1}],"seed_played":"-1407022261406898401","potions_obtained":[{"floor":2,"key":"PowerPotion"},{"floor":5,"key":"SmokeBomb"}],"is_trial":false,"path_per_floor":["M","M","?","$","M","R","?","R","T","R","?","E","M","M"],"character_chosen":"DEFECT","items_purchased":[],"campfire_rested":1,"item_purchase_floors":[],"current_hp_per_floor":[40,33,22,22,21,42,42,42,42,42,8,8,5,0],"gold":371,"neow_bonus":"THREE_RARE_CARDS","is_prod":false,"is_daily":false,"chose_seed":false,"campfire_upgraded":2,"win_rate":0,"timestamp":1556261938,"path_taken":["M","M","?","$","M","R","?","R","T","R","?","E","M","?"],"build_version":"2019-01-23","purchased_purges":1,"victory":false,"max_hp_per_floor":[71,71,71,71,71,71,71,71,71,71,71,71,71,71],"card_choices":[{"not_picked":["Thunder Strike","Rainbow"],"picked":"Echo Form","floor":0},{"not_picked":["Hologram","Turbo"],"picked":"Ball Lightning","floor":1},{"not_picked":["Redo","Sweeping Beam"],"picked":"Go for the Eyes","floor":2},{"not_picked":["Hello World","Rebound","Static Discharge"],"picked":"SKIP","floor":5},{"not_picked":["Streamline","Fusion"],"picked":"Buffer","floor":11},{"not_picked":["Gash","Skim","Hologram"],"picked":"SKIP","floor":13}],"player_experience":724078,"relics_obtained":[{"floor":9,"key":"Bronze Scales"}],"event_choices":[{"damage_healed":0,"gold_gain":75,"player_choice":"Gather Gold","damage_taken":11,"max_hp_gain":0,"max_hp_loss":0,"event_name":"World of Goop","floor":3,"gold_loss":0},{"damage_healed":0,"gold_gain":150,"player_choice":"AGREE","damage_taken":0,"max_hp_gain":0,"max_hp_loss":0,"event_name":"Liars Game","floor":7,"gold_loss":0,"cards_obtained":["Doubt"]},{"damage_healed":0,"gold_gain":0,"player_choice":"Searched \u00272\u0027 times","damage_taken":0,"relics_obtained":["Matryoshka"],"max_hp_gain":0,"max_hp_loss":0,"event_name":"Dead Adventurer","floor":11,"gold_loss":0}],"is_beta":false,"boss_relics":[],"items_purged_floors":[4],"is_endless":false,"potions_floor_spawned":[2,5],"killed_by":"Exordium Thugs","ascension_level":20}