{"gold_per_floor":[111,128,128,143,143,143,176,176,223,236,256,267,42,42,42,117,117,135,135,135,147,147,173,173,173],"floor_reached":25,"playtime":998,"items_purged":["Strike_R"],"score":442,"play_id":"f411dbdd-68cd-4d30-8cbe-663f1ada1d09","local_time":"20190506215727","is_ascension_mode":true,"campfire_choices":[{"data":"Headbutt","floor":6,"key":"SMITH"},{"data":"Pommel Strike","floor":8,"key":"SMITH"},{"data":"Clothesline","floor":15,"key":"SMITH"},{"data":"Whirlwind","floor":24,"key":"SMITH"}],"neow_cost":"NONE","seed_source_timestamp":42496020739100,"circlet_count":0,"master_deck":["AscendersBane","Strike_R+1","Strike_R+1","Defend_R+1","Defend_R+1","Defend_R+1","Defend_R+1","Bash+1","Carnage+1","Headbutt+1","Pommel Strike+1","Clothesline+1","Double Tap","True Grit","Impervious","Clash","Whirlwind+1"],"relics":["Burning Blood","Blood Vial","Ancient Tea Set","Busted Crown","Pantograph"],"potions_floor_usage":[7,21,23,25],"damage_taken":[{"damage":14,"enemies":"Small Slimes","floor":1,"turns":5},{"damage":1,"enemies":"Cultist","floor":2,"turns":3},{"damage":7,"enemies":"Jaw Worm","floor":4,"turns":4},{"damage":10,"enemies":"Lagavulin","floor":7,"turns":4},{"damage":6,"enemies":"Looter","floor":10,"turns":2},{"damage":27,"enemies":"Exordium Wildlife","floor":11,"turns":5},{"damage":5,"enemies":"Blue Slaver","floor":12,"turns":3},{"damage":37,"enemies":"Hexaghost","floor":16,"turns":9},{"damage":12,"enemies":"Chosen","floor":18,"turns":3},{"damage":14,"enemies":"Colosseum Slavers","floor":19,"turns":5},{"damage":0,"enemies":"Spheric Guardian","floor":21,"turns":3},{"damage":47,"enemies":"Slavers","floor":23,"turns":8},{"damage":34,"enemies":"Shelled Parasite and Fungi","floor":25,"turns":3}],"seed_played":"-6237834410814345786","potions_obtained":[{"floor":4,"key":"Energy Potion"},{"floor":7,"key":"Strength Potion"},{"floor":16,"key":"EssenceOfSteel"},{"floor":21,"key":"Weak Potion"},{"floor":23,"key":"SteroidPotion"}],"is_trial":false,"path_per_floor":["M","M","?","M","?","R","E","R","T","M","M","M","$","?","R","B",null,"M","?","?","M","?","E","R","M"],"character_chosen":"IRONCLAD","items_purchased":["Impervious"],"campfire_rested":0,"item_purchase_floors":[13],"current_hp_per_floor":[60,65,65,64,64,64,60,60,60,62,43,46,46,46,46,17,61,57,51,51,59,59,20,20,0],"gold":173,"neow_bonus":"UPGRADE_CARD","is_prod":false,"is_daily":false,"chose_seed":false,"campfire_upgraded":4,"win_rate":0,"timestamp":1557147447,"path_taken":["M","M","?","?","?","R","E","R","T","?","M","M","?","?","R","BOSS","M","?","?","M","?","E","R","M"],"build_version":"2019-01-23","purchased_purges":1,"victory":false,"max_hp_per_floor":[75,75,75,75,75,75,75,75,75,75,75,75,75,75,75,75,75,75,75,75,75,75,75,75,75],"card_choices":[{"not_picked":["Wild Strike","Warcry"],"picked":"Carnage","floor":1},{"not_picked":["Warcry","Flex"],"picked":"Headbutt","floor":2},{"not_picked":["Warcry","Dropkick"],"picked":"Pommel Strike","floor":4},{"not_picked":["Second Wind","Clash","Headbutt"],"picked":"SKIP","floor":7},{"not_picked":["Anger","Infernal Blade"],"picked":"Clothesline","floor":10},{"not_picked":["Sword Boomerang","Cleave"],"picked":"Double Tap","floor":11},{"not_picked":["Iron Wave","Rupture"],"picked":"True Grit","floor":12},{"not_picked":["Armaments"],"picked":"SKIP","floor":18},{"not_picked":["Power Through"],"picked":"SKIP","floor":21},{"not_picked":["Headbutt"],"picked":"SKIP","floor":23}],"player_experience":1250830,"relics_obtained":[{"floor":7,"key":"Blood Vial"},{"floor":9,"key":"Ancient Tea Set"},{"floor":23,"key":"Pantograph"}],"event_choices":[{"cards_removed":["Strike_R"],"damage_healed":0,"gold_gain":0,"player_choice":"Purged","damage_taken":0,"max_hp_gain":0,"max_hp_loss":0,"event_name":"Purifier","floor":3,"gold_loss":0},{"damage_healed":0,"gold_gain":0,"player_choice":"Upgraded","damage_taken":0,"max_hp_gain":0,"max_hp_loss":0,"event_name":"Upgrade Shrine","floor":5,"gold_loss":0,"cards_upgraded":["Carnage"]},{"damage_healed":0,"gold_gain":0,"cards_transformed":["Strike_R"],"player_choice":"Transformed","damage_taken":0,"max_hp_gain":0,"max_hp_loss":0,"event_name":"Transmorgrifier","floor":14,"gold_loss":0,"cards_obtained":["Clash"]},{"damage_healed":0,"gold_gain":0,"player_choice":"Fight","damage_taken":0,"max_hp_gain":0,"max_hp_loss":0,"event_name":"Colosseum","floor":19,"gold_loss":0},{"damage_healed":0,"gold_gain":0,"player_choice":"Fled From Nobs","damage_taken":0,"max_hp_gain":0,"max_hp_loss":0,"event_name":"Colosseum","floor":19,"gold_loss":0},{"damage_healed":0,"gold_gain":0,"player_choice":"Simplicity","damage_taken":0,"max_hp_gain":0,"max_hp_loss":0,"event_name":"Back to Basics","floor":20,"gold_loss":0,"cards_upgraded":["Strike_R","Strike_R","Defend_R","Defend_R","Defend_R","Defend_R"]},{"damage_healed":0,"gold_gain":0,"player_choice":"Read","damage_taken":0,"max_hp_gain":0,"max_hp_loss":0,"event_name":"The Library","floor":22,"gold_loss":0,"cards_obtained":["Whirlwind"]}],"is_beta":false,"boss_relics":[{"not_picked":["Runic Pyramid","Mark of Pain"],"picked":"Busted Crown"}],"items_purged_floors":[13],"is_endless":false,"potions_floor_spawned":[4,7,16,21,23],"killed_by":"Shelled Parasite and Fungi","ascension_level":20}