{"gold_per_floor":[115,126,139,214,228,228,262,262,286,251,251,269,269],"floor_reached":13,"playtime":532,"items_purged":[],"score":136,"play_id":"d117091d-0bea-44d2-ac48-46516929bc6b","local_time":"20190504143616","is_ascension_mode":true,"campfire_choices":[{"data":"Neutralize","floor":6,"key":"SMITH"},{"floor":11,"key":"REST"}],"neow_cost":"NONE","seed_source_timestamp":672485080461877,"circlet_count":0,"master_deck":["AscendersBane","Defend_G","Defend_G","Defend_G","Defend_G","Defend_G","Strike_G","Strike_G","Strike_G","Strike_G","Survivor","Neutralize+1","Corpse Explosion","Backflip","After Image","Bane","Bouncing Flask"],"relics":["Ring of the Snake","Dream Catcher","Juzu Bracelet"],"potions_floor_usage":[5,13],"damage_taken":[{"damage":3,"enemies":"Jaw Worm","floor":1,"turns":5},{"damage":6,"enemies":"Cultist","floor":2,"turns":5},{"damage":0,"enemies":"2 Louse","floor":3,"turns":2},{"damage":16,"enemies":"Exordium Thugs","floor":5,"turns":4},{"damage":25,"enemies":"Lagavulin","floor":7,"turns":10},{"damage":17,"enemies":"Large Slime","floor":12,"turns":9},{"damage":29,"enemies":"3 Sentries","floor":13,"turns":4}],"seed_played":"-173721189596325313","potions_obtained":[{"floor":0,"key":"Block Potion"},{"floor":0,"key":"GamblersBrew"},{"floor":12,"key":"Weak Potion"}],"is_trial":false,"path_per_floor":["M","M","M","?","M","R","E","?","T","?","R","M","E"],"character_chosen":"THE_SILENT","items_purchased":[],"campfire_rested":1,"item_purchase_floors":[],"current_hp_per_floor":[60,54,54,43,27,27,2,2,2,19,40,23,0],"gold":269,"neow_bonus":"THREE_SMALL_POTIONS","is_prod":false,"is_daily":false,"chose_seed":false,"campfire_upgraded":1,"win_rate":0,"timestamp":1556973376,"path_taken":["M","M","M","?","M","R","E","?","T","?","R","M","E"],"build_version":"2019-01-23","purchased_purges":0,"victory":false,"max_hp_per_floor":[70,70,70,70,70,70,70,70,70,70,70,70,70],"card_choices":[{"not_picked":["Underhanded Strike","Cloak And Dagger"],"picked":"Corpse Explosion","floor":1},{"not_picked":["Outmaneuver","Expertise","Quick Slash"],"picked":"SKIP","floor":2},{"not_picked":["Slice","Outmaneuver","Flying Knee"],"picked":"SKIP","floor":3},{"not_picked":["Underhanded Strike","Flying Knee"],"picked":"Backflip","floor":5},{"not_picked":["Expertise","Flying Knee"],"picked":"After Image","floor":7},{"not_picked":["Backflip","Tactician"],"picked":"Bane","floor":11},{"not_picked":["Slice","Choke"],"picked":"Bouncing Flask","floor":12}],"player_experience":537011,"relics_obtained":[{"floor":7,"key":"Dream Catcher"},{"floor":9,"key":"Juzu Bracelet"}],"event_choices":[{"damage_healed":0,"gold_gain":75,"player_choice":"Gather Gold","damage_taken":11,"max_hp_gain":0,"max_hp_loss":0,"event_name":"World of Goop","floor":4,"gold_loss":0},{"cards_removed":["Strike_G"],"damage_healed":0,"gold_gain":0,"player_choice":"Offered Basic","damage_taken":0,"max_hp_gain":0,"max_hp_loss":0,"event_name":"Bonfire Elementals","floor":8,"gold_loss":0},{"damage_healed":17,"gold_gain":0,"player_choice":"Healed","damage_taken":0,"max_hp_gain":0,"max_hp_loss":0,"event_name":"The Cleric","floor":10,"gold_loss":35}],"is_beta":false,"boss_relics":[],"items_purged_floors":[],"is_endless":false,"potions_floor_spawned":[3,12],"killed_by":"3 Sentries","ascension_level":12}