{"gold_per_floor":[16,35,35,54,74,99,99,132,132,145,145,156,187,201,201,275,275,264,314,325,345,360,392,392,392],"floor_reached":25,"playtime":1106,"items_purged":[],"score":445,"play_id":"2f9d8845-310c-47b1-b0ac-dd529e03f23e","local_time":"20190327191707","is_ascension_mode":true,"campfire_choices":[{"data":"White Noise","floor":7,"key":"SMITH"},{"data":"White Noise","floor":15,"key":"SMITH"},{"floor":24,"key":"REST"}],"neow_cost":"NO_GOLD","seed_source_timestamp":4192482687955,"circlet_count":0,"master_deck":["AscendersBane","Strike_B","Strike_B","Strike_B","Strike_B","Defend_B","Defend_B","Defend_B","Defend_B","Zap","Dualcast","White Noise+1","Ball Lightning","Cold Snap","White Noise+1","Seek","Go for the Eyes","Leap","Reinforced Body","Capacitor","Creative AI","Compile Driver+1","Conserve Battery","Buffer"],"relics":["Cracked Core","Incense Burner","Dream Catcher","Nunchaku","Bird Faced Urn","Shuriken","Sozu","Sundial"],"potions_floor_usage":[6,13,16,23],"damage_taken":[{"damage":4,"enemies":"Jaw Worm","floor":1,"turns":3},{"damage":1,"enemies":"Cultist","floor":2,"turns":3},{"damage":0,"enemies":"2 Louse","floor":4,"turns":1},{"damage":3,"enemies":"2 Fungi Beasts","floor":5,"turns":3},{"damage":13,"enemies":"3 Sentries","floor":6,"turns":5},{"damage":16,"enemies":"Lagavulin","floor":8,"turns":5},{"damage":12,"enemies":"Looter","floor":10,"turns":3},{"damage":0,"enemies":"Large Slime","floor":12,"turns":3},{"damage":6,"enemies":"Gremlin Nob","floor":13,"turns":4},{"damage":8,"enemies":"3 Louse","floor":14,"turns":4},{"damage":35,"enemies":"Slime Boss","floor":16,"turns":12},{"damage":11,"enemies":"2 Thieves","floor":18,"turns":5},{"damage":2,"enemies":"Spheric Guardian","floor":20,"turns":5},{"damage":21,"enemies":"Snecko","floor":21,"turns":6},{"damage":27,"enemies":"Shelled Parasite and Fungi","floor":22,"turns":5},{"damage":62,"enemies":"Slavers","floor":23,"turns":8},{"damage":56,"enemies":"Gremlin Leader","floor":25,"turns":4}],"seed_played":"8301362079886855246","potions_obtained":[{"floor":1,"key":"Ancient Potion"},{"floor":3,"key":"Weak Potion"},{"floor":3,"key":"Explosive Potion"},{"floor":6,"key":"EssenceOfSteel"},{"floor":12,"key":"Weak Potion"},{"floor":14,"key":"EssenceOfSteel"}],"is_trial":false,"path_per_floor":["M","M","?","M","M","E","R","E","T","M","?","M","E","M","R","B",null,"M","?","M","M","M","E","R","E"],"character_chosen":"DEFECT","items_purchased":[],"campfire_rested":1,"item_purchase_floors":[],"current_hp_per_floor":[60,59,59,59,56,43,43,27,27,19,42,46,44,42,42,13,57,60,60,68,68,55,13,34,0],"gold":392,"neow_bonus":"ONE_RARE_RELIC","is_prod":false,"is_daily":false,"chose_seed":false,"campfire_upgraded":2,"win_rate":0,"timestamp":1553732227,"path_taken":["M","M","?","M","M","E","R","E","T","?","?","M","E","M","R","BOSS","M","?","M","M","M","E","R","E"],"build_version":"2019-01-23","purchased_purges":0,"victory":false,"max_hp_per_floor":[71,71,71,71,71,71,71,71,71,71,71,71,71,71,71,71,71,71,71,71,71,71,71,71,71],"card_choices":[{"not_picked":["Genetic Algorithm","Blizzard"],"picked":"White Noise","floor":1},{"not_picked":["Compile Driver","Sunder"],"picked":"Ball Lightning","floor":2},{"not_picked":["Compile Driver","Lockon"],"picked":"Cold Snap","floor":4},{"not_picked":["Go for the Eyes","Barrage"],"picked":"White Noise","floor":5},{"not_picked":["Aggregate","Steam"],"picked":"Seek","floor":6},{"not_picked":["Reprogram","Darkness"],"picked":"Go for the Eyes","floor":8},{"not_picked":["Redo","FTL"],"picked":"Leap","floor":10},{"not_picked":["Beam Cell","Barrage"],"picked":"Reinforced Body","floor":12},{"not_picked":["Compile Driver","Stack"],"picked":"Capacitor","floor":13},{"not_picked":["Rip and Tear","Stack","Rebound"],"picked":"SKIP","floor":14},{"not_picked":["Core Surge","Amplify"],"picked":"Creative AI","floor":16},{"not_picked":["Sunder","Streamline","Redo"],"picked":"SKIP","floor":18},{"not_picked":["Sunder","Stack","Genetic Algorithm"],"picked":"SKIP","floor":20},{"not_picked":["Beam Cell","Streamline"],"picked":"Compile Driver+1","floor":21},{"not_picked":["Rebound","Compile Driver","Cold Snap"],"picked":"SKIP","floor":22},{"not_picked":["Hologram","Force Field"],"picked":"Conserve Battery","floor":23},{"not_picked":["Go for the Eyes","Steam"],"picked":"Buffer","floor":24}],"player_experience":1167166,"relics_obtained":[{"floor":6,"key":"Dream Catcher"},{"floor":8,"key":"Nunchaku"},{"floor":9,"key":"Bird Faced Urn"},{"floor":13,"key":"Shuriken"},{"floor":23,"key":"Sundial"}],"event_choices":[{"damage_healed":0,"gold_gain":0,"player_choice":"Got Potions","damage_taken":0,"max_hp_gain":0,"max_hp_loss":0,"event_name":"Lab","floor":3,"gold_loss":0},{"damage_healed":23,"gold_gain":0,"player_choice":"Banana","damage_taken":0,"max_hp_gain":0,"max_hp_loss":0,"event_name":"Big Fish","floor":11,"gold_loss":0},{"damage_healed":0,"gold_gain":50,"player_choice":"Stole From Cult","damage_taken":0,"max_hp_gain":0,"max_hp_loss":0,"event_name":"Nest","floor":19,"gold_loss":0}],"is_beta":false,"boss_relics":[{"not_picked":["FrozenCore","Fusion Hammer"],"picked":"Sozu"}],"items_purged_floors":[],"is_endless":false,"potions_floor_spawned":[1,6,12,14,18,23],"killed_by":"Gremlin Leader","ascension_level":16}