{"gold_per_floor":[109,59,59,72,3,3,26,58,58,32,45,57,57,57,57,155,155,166,41,53,53,71,96,96,108,133,133,144,144,144,144,144,248,248,268,268,268,268,46,46,59,70,70,70,102,117,117,117,117,117],"floor_reached":51,"playtime":3392,"items_purged":["Strike_B","Clumsy"],"score":780,"play_id":"d2c037ed-8e74-42e6-9dc9-fc1f141b39c7","local_time":"20181011204810","is_ascension_mode":true,"campfire_choices":[{"data":"Static Discharge","floor":6,"key":"SMITH"},{"data":"Capacitor","floor":15,"key":"SMITH"},{"data":"Electrodynamics","floor":27,"key":"SMITH"},{"data":"Glacier","floor":29,"key":"SMITH"},{"floor":32,"key":"REST"},{"data":"Dualcast","floor":40,"key":"SMITH"},{"data":"Leap","floor":49,"key":"SMITH"}],"neow_cost":"PERCENT_DAMAGE","seed_source_timestamp":126691381935684,"circlet_count":0,"master_deck":["Strike_B","Defend_B","Defend_B","Defend_B","Zap","Dualcast+1","Glacier+1","Conserve Battery","Static Discharge+1","Leap+1","Conserve Battery","Capacitor+1","Electrodynamics+1","White Noise","Ball Lightning","Go for the Eyes+1","Amplify","Skim+1","Auto Shields","Chill+1","Redo+1","Conserve Battery","Capacitor+1","Conserve Battery","Undo+1","Doom and Gloom","Pain","Barrage+1"],"relics":["Cracked Core","Juzu Bracelet","Bottled Flame","Bottled Lightning","Cursed Key","Lantern","Art of War","Thread and Needle","Orrery","Molten Egg 2","Emotion Chip"],"potions_floor_usage":[22,22,33,33,41,45,45,46,46],"damage_taken":[{"damage":9,"enemies":"Jaw Worm","floor":1,"turns":4},{"damage":2,"enemies":"2 Louse","floor":4,"turns":2},{"damage":20,"enemies":"3 Sentries","floor":8,"turns":8},{"damage":1,"enemies":"Small Slimes","floor":11,"turns":4},{"damage":8,"enemies":"Gremlin Gang","floor":12,"turns":5},{"damage":26,"enemies":"Hexaghost","floor":16,"turns":14},{"damage":10,"enemies":"Shell Parasite","floor":18,"turns":5},{"damage":16,"enemies":"3 Byrds","floor":20,"turns":3},{"damage":24,"enemies":"Cultist and Chosen","floor":22,"turns":5},{"damage":30,"enemies":"Book of Stabbing","floor":23,"turns":5},{"damage":9,"enemies":"Snake Plant","floor":25,"turns":2},{"damage":2,"enemies":"Shelled Parasite and Fungi","floor":28,"turns":6},{"damage":47,"enemies":"Champ","floor":33,"turns":15},{"damage":47,"enemies":"3 Shapes","floor":35,"turns":6},{"damage":7,"enemies":"3 Darklings","floor":41,"turns":5},{"damage":0,"enemies":"Sphere and 2 Shapes","floor":42,"turns":5},{"damage":21,"enemies":"Nemesis","floor":45,"turns":13},{"damage":7,"enemies":"Transient","floor":46,"turns":5},{"damage":44,"enemies":"Awakened One","floor":50,"turns":19}],"seed_played":"-1264689330204495035","potions_obtained":[{"floor":1,"key":"SteroidPotion"},{"floor":14,"key":"Block Potion"},{"floor":14,"key":"EssenceOfSteel"},{"floor":20,"key":"SpeedPotion"},{"floor":25,"key":"LiquidBronze"},{"floor":28,"key":"SneckoOil"},{"floor":35,"key":"Swift Potion"},{"floor":41,"key":"PowerPotion"},{"floor":45,"key":"SpeedPotion"}],"is_trial":false,"path_per_floor":["M","?","?","M","$","R","T","E","T","$","M","M","?","?","R","B",null,"M","$","M","$","M","E","?","M","T","R","M","R","?","?","R","B",null,"M","?","?","?","$","R","M","M","T","?","E","M","?","?","R","B"],"character_chosen":"DEFECT","items_purchased":["Static Discharge","Leap","Ball Lightning","EssenceOfSteel","Block Potion"],"campfire_rested":1,"item_purchase_floors":[5,10,19,39,39],"current_hp_per_floor":[56,56,56,54,54,54,54,34,34,34,33,25,54,54,54,28,89,79,79,63,63,39,9,38,29,29,29,27,27,27,27,53,6,89,42,42,42,42,42,42,35,35,35,35,14,7,7,74,74,30],"gold":117,"neow_bonus":"TWENTY_PERCENT_HP_BONUS","is_prod":false,"is_daily":false,"chose_seed":false,"campfire_upgraded":6,"win_rate":0,"timestamp":1539283690,"path_taken":["M","?","?","M","$","R","?","E","T","$","M","M","?","?","R","BOSS","M","?","M","$","M","E","?","M","T","R","M","R","?","?","R","BOSS","M","?","?","?","$","R","M","M","T","?","E","M","?","?","R","BOSS"],"build_version":"2018-10-04v2","purchased_purges":2,"victory":true,"max_hp_per_floor":[89,89,89,89,89,89,89,89,89,89,89,89,89,89,89,89,89,89,89,89,89,89,89,89,89,89,89,89,89,89,89,89,89,89,89,89,89,85,85,85,85,85,85,85,85,85,85,74,74,74],"card_choices":[{"not_picked":["Doom and Gloom","Rebound"],"picked":"Glacier","floor":1},{"not_picked":["Skim","Rebound"],"picked":"Conserve Battery","floor":4},{"not_picked":["Sweeping Beam","Cold Snap","Hyperbeam"],"picked":"SKIP","floor":8},{"not_picked":["Hologram","Sweeping Beam"],"picked":"Conserve Battery","floor":11},{"not_picked":["Stack","Steam"],"picked":"Capacitor","floor":12},{"not_picked":["Creative AI","All For One"],"picked":"Electrodynamics","floor":16},{"not_picked":["Skim","Ball Lightning"],"picked":"White Noise","floor":18},{"not_picked":["Leap+1","Melter"],"picked":"Go for the Eyes+1","floor":20},{"not_picked":["Go for the Eyes+1","Rebound"],"picked":"Amplify","floor":22},{"not_picked":["All For One","Melter"],"picked":"Skim+1","floor":23},{"not_picked":["Rip and Tear+1","Beam Cell"],"picked":"Auto Shields","floor":25},{"not_picked":["Sweeping Beam","Beam Cell"],"picked":"Chill+1","floor":28},{"not_picked":["Streamline","Turbo"],"picked":"Redo+1","floor":34},{"not_picked":["Sweeping Beam","Loop"],"picked":"Conserve Battery","floor":34},{"not_picked":["Scrape","Streamline"],"picked":"Capacitor+1","floor":35},{"not_picked":["Sunder","Beam Cell+1"],"picked":"Undo+1","floor":41},{"not_picked":["Lockon","Meteor Strike"],"picked":"Doom and Gloom","floor":42},{"not_picked":["Glacier","Scrape+1","Compile Driver+1"],"picked":"SKIP","floor":45},{"not_picked":["Beam Cell+1","Steam+1"],"picked":"Barrage+1","floor":46}],"player_experience":169693,"relics_obtained":[{"floor":7,"key":"Juzu Bracelet"},{"floor":8,"key":"Bottled Flame"},{"floor":9,"key":"Bottled Lightning"},{"floor":23,"key":"Lantern"},{"floor":26,"key":"Art of War"},{"floor":43,"key":"Molten Egg 2"},{"floor":45,"key":"Emotion Chip"}],"event_choices":[{"event_name":"The Cleric","player_choice":"Card Removal","floor":2,"damage_taken":0},{"event_name":"Bonfire Elementals","player_choice":"BASIC","floor":3,"damage_taken":0},{"event_name":"Big Fish","player_choice":"Banana","floor":13,"damage_taken":0},{"event_name":"The Lab","player_choice":"Got Potions","floor":14,"damage_taken":0},{"event_name":"The Library","player_choice":"Heal","floor":24,"damage_taken":0},{"event_name":"Cursed Tome","player_choice":"Ignored","floor":30,"damage_taken":0},{"event_name":"WeMeetAgain","player_choice":"Potion","floor":31,"damage_taken":0},{"event_name":"Duplicator","player_choice":"One dupe","floor":36,"damage_taken":0},{"event_name":"Mysterious Sphere","player_choice":"Ignore","floor":37,"damage_taken":0},{"event_name":"Winding Halls","player_choice":"Max HP","floor":38,"damage_taken":0},{"event_name":"Falling","player_choice":"Removed Skill","floor":44,"damage_taken":0},{"event_name":"SensoryStone","player_choice":"Memory 1","floor":47,"damage_taken":0},{"event_name":"The Moai Head","player_choice":"Heal","floor":48,"damage_taken":0}],"is_beta":false,"boss_relics":[{"not_picked":["Fusion Hammer","Tiny House"],"picked":"Cursed Key"},{"not_picked":["Astrolabe","Sozu"],"picked":"Orrery"}],"items_purged_floors":[19,39],"is_endless":false,"potions_floor_spawned":[1,16,20,25,28,35,41,45],"ascension_level":2}