{"gold_per_floor":[212,83,83,93,168,168,202,221,221,221,247,93,123,139,139,241,241,256,266,266,166,178,178,213,226,226,226,241,241,241,241,241,241],"floor_reached":33,"playtime":1305,"items_purged":["Strike_G","Strike_G"],"score":450,"play_id":"ccd76979-c76e-431d-a99c-02f3fefb4c6d","local_time":"20190401104351","is_ascension_mode":true,"campfire_choices":[{"data":"Deadly Poison","floor":6,"key":"SMITH"},{"floor":10,"key":"REST"},{"floor":15,"key":"REST"},{"data":"Catalyst","floor":23,"key":"SMITH"},{"data":"Well Laid Plans","floor":29,"key":"SMITH"},{"floor":32,"key":"REST"}],"neow_cost":"NONE","seed_source_timestamp":647338317610945,"circlet_count":0,"master_deck":["AscendersBane","Defend_G","Defend_G","Defend_G","Defend_G","Defend_G","Strike_G+1","Survivor","Neutralize","Crippling Poison+1","Deadly Poison+1","Deflect","Dodge and Roll","Well Laid Plans+1","Deadly Poison","Catalyst+1","Footwork","Dagger Spray+1","Deadly Poison","Corpse Explosion","Ghostly","Ghostly","Ghostly","Ghostly","Ghostly","Deflect+1"],"relics":["Ring of the Serpent","Lantern","Darkstone Periapt","Mango","Blue Candle","Whetstone","Dodecahedron"],"potions_floor_usage":[7,18,28],"damage_taken":[{"damage":0,"enemies":"Jaw Worm","floor":1,"turns":6},{"damage":0,"enemies":"Small Slimes","floor":4,"turns":3},{"damage":27,"enemies":"Gremlin Nob","floor":7,"turns":5},{"damage":0,"enemies":"2 Louse","floor":8,"turns":2},{"damage":10,"enemies":"Lagavulin","floor":11,"turns":7},{"damage":28,"enemies":"Gremlin Nob","floor":13,"turns":4},{"damage":6,"enemies":"Large Slime","floor":14,"turns":5},{"damage":6,"enemies":"The Guardian","floor":16,"turns":7},{"damage":27,"enemies":"2 Thieves","floor":18,"turns":3},{"damage":2,"enemies":"3 Byrds","floor":19,"turns":2},{"damage":9,"enemies":"Shelled Parasite and Fungi","floor":22,"turns":5},{"damage":1,"enemies":"Gremlin Leader","floor":24,"turns":5},{"damage":12,"enemies":"Centurion and Healer","floor":25,"turns":4},{"damage":8,"enemies":"Snake Plant","floor":28,"turns":3},{"damage":64,"enemies":"Automaton","floor":33,"turns":6}],"seed_played":"3650631221968705289","potions_obtained":[{"floor":1,"key":"SpeedPotion"},{"floor":4,"key":"Strength Potion"},{"floor":14,"key":"Poison Potion"},{"floor":18,"key":"Fire Potion"},{"floor":25,"key":"Block Potion"}],"is_trial":false,"path_per_floor":["M","$","?","M","?","R","E","M","T","R","E","$","E","M","R","B",null,"M","M","?","$","M","R","E","M","T","?","M","R","?","?","R","B"],"character_chosen":"THE_SILENT","items_purchased":["Deadly Poison","Deadly Poison","Catalyst","Footwork"],"campfire_rested":3,"item_purchase_floors":[2,12,12,12],"current_hp_per_floor":[63,63,63,63,52,52,25,25,25,46,50,50,22,16,41,35,72,45,43,42,42,33,33,32,20,20,20,12,12,6,6,20,0],"gold":241,"neow_bonus":"HUNDRED_GOLD","is_prod":false,"is_daily":false,"chose_seed":false,"campfire_upgraded":3,"win_rate":0,"timestamp":1554108231,"path_taken":["M","$","?","M","?","R","E","?","T","R","E","$","E","M","R","BOSS","M","M","?","$","M","R","E","M","T","?","M","R","?","?","R","BOSS"],"build_version":"2019-01-23","purchased_purges":2,"victory":false,"max_hp_per_floor":[70,70,70,70,70,70,70,70,70,70,84,84,84,84,84,84,84,84,84,42,42,42,42,42,42,42,42,42,42,47,47,47,47],"card_choices":[{"not_picked":["PiercingWail","Outmaneuver"],"picked":"Crippling Poison","floor":1},{"not_picked":["Heel Hook","Flying Knee"],"picked":"Deflect","floor":4},{"not_picked":["Slice","Calculated Gamble"],"picked":"Dodge and Roll","floor":7},{"not_picked":["Dodge and Roll","Quick Slash"],"picked":"Well Laid Plans","floor":8},{"not_picked":["Flechettes","Poisoned Stab","Sucker Punch"],"picked":"SKIP","floor":11},{"not_picked":["Wraith Form v2","Flying Knee"],"picked":"Dagger Spray","floor":13},{"not_picked":["Prepared","Dagger Throw"],"picked":"Deadly Poison","floor":14},{"not_picked":["Phantasmal Killer","Adrenaline"],"picked":"Corpse Explosion","floor":16},{"not_picked":["Caltrops","Quick Slash+1","Bane"],"picked":"SKIP","floor":18},{"not_picked":["Slice","Dodge and Roll","Prepared+1"],"picked":"SKIP","floor":19},{"not_picked":["PiercingWail","Endless Agony"],"picked":"Deflect+1","floor":22},{"not_picked":["PiercingWail+1","Escape Plan","Deflect"],"picked":"SKIP","floor":24},{"not_picked":["Finisher+1","PiercingWail","Bane+1"],"picked":"SKIP","floor":25},{"not_picked":["Choke","Crippling Poison","Dagger Throw"],"picked":"SKIP","floor":28}],"player_experience":413562,"relics_obtained":[{"floor":7,"key":"Lantern"},{"floor":9,"key":"Darkstone Periapt"},{"floor":11,"key":"Mango"},{"floor":13,"key":"Blue Candle"},{"floor":24,"key":"Whetstone"},{"floor":26,"key":"Dodecahedron"}],"event_choices":[{"damage_healed":0,"gold_gain":0,"player_choice":"Grow","damage_taken":0,"max_hp_gain":0,"max_hp_loss":0,"event_name":"Living Wall","floor":3,"gold_loss":0,"cards_upgraded":["Crippling Poison"]},{"damage_healed":0,"gold_gain":75,"player_choice":"Gather Gold","damage_taken":11,"max_hp_gain":0,"max_hp_loss":0,"event_name":"World of Goop","floor":5,"gold_loss":0},{"damage_healed":0,"gold_gain":0,"player_choice":"Became a Ghost","damage_taken":0,"max_hp_gain":0,"max_hp_loss":42,"event_name":"Ghosts","floor":20,"gold_loss":0,"cards_obtained":["Ghostly","Ghostly","Ghostly","Ghostly","Ghostly"]},{"cards_removed":["Strike_G"],"damage_healed":0,"gold_gain":0,"player_choice":"Elegance","damage_taken":0,"max_hp_gain":0,"max_hp_loss":0,"event_name":"Back to Basics","floor":27,"gold_loss":0},{"damage_healed":0,"gold_gain":0,"player_choice":"Shed Blood","damage_taken":11,"max_hp_gain":5,"max_hp_loss":0,"event_name":"Forgotten Altar","floor":30,"gold_loss":0},{"cards_removed":["Strike_G"],"damage_healed":0,"gold_gain":0,"player_choice":"Purged","damage_taken":0,"max_hp_gain":0,"max_hp_loss":0,"event_name":"Purifier","floor":31,"gold_loss":0}],"is_beta":false,"boss_relics":[{"not_picked":["HoveringKite","Philosopher\u0027s Stone"],"picked":"Ring of the Serpent"}],"items_purged_floors":[2,21],"is_endless":false,"potions_floor_spawned":[1,4,14,18,25],"killed_by":"Automaton","ascension_level":10}