{"gold_per_floor":[10,20,20,33,44,44,64,64,91,91,91,109,142,217,217,315,315,339,339,339,353,377,377,390,410,410,335,354,29,62,83,83,177,177,196,529,529,529,146,146,166,166,166,184,197,197,197,216,216,216],"floor_reached":51,"playtime":1684,"items_purged":["Strike_B+1"],"score":1162,"play_id":"4c48ffac-5294-4db1-99c2-fe96cb956074","local_time":"20190204001815","is_ascension_mode":true,"campfire_choices":[{"data":"Zap","floor":6.0,"key":"SMITH"},{"data":"Go for the Eyes","floor":8.0,"key":"SMITH"},{"data":"Sunder","floor":10.0,"key":"SMITH"},{"data":"Barrage","floor":15.0,"key":"SMITH"},{"floor":23.0,"key":"REST"},{"floor":32.0,"key":"REST"},{"data":"Capacitor","floor":40,"key":"SMITH"},{"floor":42,"key":"REST"},{"floor":47,"key":"REST"},{"floor":49,"key":"REST"}],"neow_cost":"NO_GOLD","seed_source_timestamp":1001769706301346,"circlet_count":0,"master_deck":["AscendersBane","Strike_B+1","Strike_B+1","Defend_B+1","Defend_B+1","Defend_B+1","Defend_B+1","Zap+1","Dualcast","Electrodynamics","Hologram","Go for the Eyes+1","Glacier","Barrage+1","Ball Lightning","Biased Cognition","Tempest","Capacitor+1","Glacier","Core Surge","White Noise","FTL","Sunder+1","Static Discharge","Mayhem","Barrage+1","Barrage+1"],"special_seed":0,"relics":["Cracked Core","Happy Flower","Dream Catcher","Runic Dome","Pear","Membership Card","Bottled Tornado","Vajra","Lizard Tail","Bottled Flame","Calipers","Meat on the Bone"],"potions_floor_usage":[50,50],"damage_taken":[{"damage":5.0,"enemies":"2 Louse","floor":1.0,"turns":2.0},{"damage":5.0,"enemies":"Jaw Worm","floor":2.0,"turns":4.0},{"damage":0.0,"enemies":"Small Slimes","floor":4.0,"turns":4.0},{"damage":0.0,"enemies":"Looter","floor":5.0,"turns":4.0},{"damage":2.0,"enemies":"Blue Slaver","floor":7.0,"turns":3.0},{"damage":5.0,"enemies":"3 Louse","floor":12.0,"turns":2.0},{"damage":15.0,"enemies":"Lagavulin","floor":13.0,"turns":4.0},{"damage":17.0,"enemies":"The Guardian","floor":16.0,"turns":12.0},{"damage":19.0,"enemies":"2 Thieves","floor":18.0,"turns":3.0},{"damage":7.0,"enemies":"3 Byrds","floor":21.0,"turns":2.0},{"damage":15.0,"enemies":"Centurion and Healer","floor":22.0,"turns":5.0},{"damage":0.0,"enemies":"Chosen and Byrds","floor":24.0,"turns":3.0},{"damage":0.0,"enemies":"3 Cultists","floor":25.0,"turns":2.0},{"damage":16.0,"enemies":"Snake Plant","floor":28.0,"turns":4.0},{"damage":17.0,"enemies":"Gremlin Leader","floor":30.0,"turns":4.0},{"damage":12.0,"enemies":"Centurion and Healer","floor":31.0,"turns":4.0},{"damage":13.0,"enemies":"Champ","floor":33.0,"turns":10.0},{"damage":0,"enemies":"3 Shapes","floor":35,"turns":2},{"damage":16,"enemies":"Orb Walker","floor":41,"turns":3},{"damage":28,"enemies":"3 Darklings","floor":44,"turns":4},{"damage":33,"enemies":"Jaw Worm Horde","floor":45,"turns":3},{"damage":15,"enemies":"Writhing Mass","floor":48,"turns":9},{"damage":67,"enemies":"Donu and Deca","floor":50,"turns":8}],"seed_played":"-635648529292349972","potions_obtained":[{"floor":2.0,"key":"Fire Potion"},{"floor":5.0,"key":"Ancient Potion"},{"floor":22.0,"key":"Poison Potion"},{"floor":24.0,"key":"Regen Potion"},{"floor":31.0,"key":"SpeedPotion"},{"floor":35,"key":"Explosive Potion"},{"floor":48,"key":"Block Potion"}],"is_trial":false,"path_per_floor":["M","M","$","M","M","R","M","R","T","R","?","M","E","?","R","B",null,"M","?","?","M","M","R","M","M","T","?","M","$","E","M","R","B",null,"M","?","?","?","$","R","M","R","T","M","M","?","R","M","R","B",null],"character_chosen":"DEFECT","items_purchased":["Membership Card","Bottled Tornado","Bottled Flame","Calipers","FTL","Ancient Potion"],"campfire_rested":5,"item_purchase_floors":[29,29,39,39,39,39],"current_hp_per_floor":[59,54,54,54,54,54,52,52,52,52,52,47,32,21,21,4,49,30,43,43,36,21,40,40,40,50,50,34,34,29,17,39,26,62,62,62,62,62,62,62,46,68,68,40,19,19,41,38,60,44],"gold":216,"neow_bonus":"THREE_RARE_CARDS","is_prod":false,"is_daily":false,"chose_seed":false,"campfire_upgraded":5,"win_rate":0,"timestamp":1549207095,"path_taken":["M","M","$","M","M","R","M","R","T","R","?","M","E","?","R","BOSS","M","?","?","M","M","R","M","M","T","?","M","$","E","M","R","BOSS","M","?","?","?","?","R","?","R","T","M","M","?","R","M","R","BOSS"],"build_version":"2019-01-23","purchased_purges":1,"victory":true,"max_hp_per_floor":[71,71,71,71,71,71,71,71,71,71,64,64,64,64,64,64,64,64,64,64,64,64,64,64,64,74,74,74,74,74,74,74,74,74,74,74,74,74,74,74,74,74,74,74,74,74,74,74,74,74],"card_choices":[{"not_picked":["Core Surge","Rainbow"],"picked":"Electrodynamics","floor":0.0},{"not_picked":["Redo","Beam Cell"],"picked":"Hologram","floor":1.0},{"not_picked":["Hologram","Beam Cell"],"picked":"Go for the Eyes","floor":2.0},{"not_picked":["Ball Lightning","Leap"],"picked":"Glacier","floor":4.0},{"not_picked":["Conserve Battery","Steam"],"picked":"Barrage","floor":5.0},{"not_picked":["Compile Driver","Stack"],"picked":"Sunder","floor":7.0},{"not_picked":["Turbo","Recycle"],"picked":"Ball Lightning","floor":12.0},{"not_picked":["Ball Lightning","Gash","Rebound"],"picked":"SKIP","floor":13.0},{"not_picked":["Thunder Strike","Creative AI"],"picked":"Biased Cognition","floor":16.0},{"not_picked":["Coolheaded","Ball Lightning","Turbo"],"picked":"SKIP","floor":18.0},{"not_picked":["Consume","Steam","Compile Driver"],"picked":"SKIP","floor":21.0},{"not_picked":["Redo","Undo"],"picked":"Tempest","floor":22.0},{"not_picked":["Stack","Barrage"],"picked":"Capacitor","floor":24.0},{"not_picked":["Aggregate","Conserve Battery","Fusion"],"picked":"SKIP","floor":25.0},{"not_picked":["Barrage+1","Rebound","Go for the Eyes"],"picked":"SKIP","floor":28.0},{"not_picked":["Streamline","Steam Power","Ball Lightning"],"picked":"SKIP","floor":30.0},{"not_picked":["Sunder","Auto Shields"],"picked":"Glacier","floor":31.0},{"not_picked":["Multi-Cast","Hyperbeam"],"picked":"Core Surge","floor":33.0},{"not_picked":["Fusion+1","Chill"],"picked":"White Noise","floor":35},{"not_picked":["Darkness","Coolheaded","Recycle"],"picked":"SKIP","floor":41},{"not_picked":["Ball Lightning","Rip and Tear"],"picked":"Sunder+1","floor":42},{"not_picked":["Auto Shields","Tempest","Conserve Battery+1"],"picked":"SKIP","floor":44},{"not_picked":["Leap","Consume"],"picked":"Static Discharge","floor":45},{"not_picked":["Forethought","Bandage Up"],"picked":"Mayhem","floor":46},{"not_picked":["Coolheaded","Scrape"],"picked":"Barrage+1","floor":47},{"not_picked":["Undo","Rebound+1","Loop"],"picked":"SKIP","floor":48},{"not_picked":["Sunder+1","Hello World"],"picked":"Barrage+1","floor":49}],"player_experience":460093,"relics_obtained":[{"floor":9.0,"key":"Happy Flower"},{"floor":13.0,"key":"Dream Catcher"},{"floor":26.0,"key":"Pear"},{"floor":30.0,"key":"Vajra"},{"floor":43,"key":"Meat on the Bone"}],"event_choices":[{"damage_healed":0.0,"max_hp_gain":0.0,"max_hp_loss":7.0,"gold_gain":0.0,"event_name":"Golden Idol","player_choice":"Lose Max HP","floor":11.0,"gold_loss":0.0,"damage_taken":0.0,"relics_obtained":["Golden Idol"]},{"damage_healed":0.0,"max_hp_gain":0.0,"max_hp_loss":0.0,"gold_gain":75.0,"event_name":"World of Goop","player_choice":"Gather Gold","floor":14.0,"gold_loss":0.0,"damage_taken":11.0},{"damage_healed":13.0,"max_hp_gain":0.0,"max_hp_loss":0.0,"gold_gain":0.0,"event_name":"The Library","player_choice":"Heal","floor":19.0,"gold_loss":0.0,"damage_taken":0.0},{"damage_healed":0.0,"max_hp_gain":0.0,"max_hp_loss":0.0,"gold_gain":0.0,"event_name":"Back to Basics","player_choice":"Simplicity","floor":20.0,"gold_loss":0.0,"damage_taken":0.0,"cards_upgraded":["Strike_B","Strike_B","Strike_B","Strike_B","Defend_B","Defend_B","Defend_B","Defend_B"]},{"cards_removed":["Strike_B"],"damage_healed":0.0,"max_hp_gain":0.0,"max_hp_loss":0.0,"gold_gain":0.0,"event_name":"Beggar","player_choice":"Gave Gold","floor":27.0,"gold_loss":75.0,"damage_taken":0.0},{"damage_healed":0,"gold_gain":333,"player_choice":"Gave Idol","damage_taken":0,"max_hp_gain":0,"max_hp_loss":0,"event_name":"The Moai Head","floor":36,"relics_lost":["Golden Idol"],"gold_loss":0},{"cards_removed":["Sunder"],"damage_healed":0,"gold_gain":0,"player_choice":"Removed Attack","damage_taken":0,"max_hp_gain":0,"max_hp_loss":0,"event_name":"Falling","floor":37,"gold_loss":0},{"damage_healed":0,"gold_gain":0,"player_choice":"Ignored","damage_taken":0,"max_hp_gain":0,"max_hp_loss":0,"event_name":"Tomb of Lord Red Mask","floor":38,"gold_loss":0},{"damage_healed":0,"gold_gain":0,"player_choice":"Memory 1","damage_taken":0,"max_hp_gain":0,"max_hp_loss":0,"event_name":"SensoryStone","floor":46,"gold_loss":0}],"is_beta":false,"boss_relics":[{"not_picked":["Orrery","Fusion Hammer"],"picked":"Runic Dome"},{"not_picked":["Pandora\u0027s Box","Tiny House"],"picked":"Lizard Tail"}],"items_purged_floors":[39],"is_endless":false,"potions_floor_spawned":[2,5,22,24,31,35,48],"ascension_level":15}