{"gold_per_floor":[111,8,19,19,19,45,195,213,281,281,281,311,37,37],"floor_reached":14,"playtime":228,"items_purged":[],"score":236,"play_id":"6c7f899d-c7b0-415b-8b19-12f6476758d9","local_time":"20190408193535","is_ascension_mode":true,"campfire_choices":[{"data":"Zap","floor":11,"key":"SMITH"}],"neow_cost":"NONE","seed_source_timestamp":764606587050600,"circlet_count":0,"master_deck":["AscendersBane","Strike_B+1","Strike_B","Strike_B","Strike_B+1","Defend_B","Defend_B","Defend_B","Defend_B","Zap+1","Dualcast","Blizzard","Flash of Steel","Cold Snap","Capacitor","Doubt","Leap","Regret","Glacier","Coolheaded","Cold Snap","Reboot"],"relics":["Cracked Core","NeowsBlessing","Blood Vial","Gremlin Horn","Peace Pipe","Anchor"],"potions_floor_usage":[12],"damage_taken":[{"damage":0,"enemies":"2 Louse","floor":1,"turns":1},{"damage":0,"enemies":"Small Slimes","floor":3,"turns":1},{"damage":0,"enemies":"Gremlin Nob","floor":6,"turns":1},{"damage":5,"enemies":"Jaw Worm","floor":8,"turns":4},{"damage":36,"enemies":"Lagavulin","floor":12,"turns":7},{"damage":10,"enemies":"Gremlin Nob","floor":14,"turns":3}],"seed_played":"7833544265579783052","potions_obtained":[{"floor":1,"key":"Poison Potion"},{"floor":6,"key":"Ancient Potion"},{"floor":12,"key":"Energy Potion"}],"is_trial":false,"path_per_floor":["M","$","M","$","?","E","?","M","T","?","R","E","$","E"],"character_chosen":"DEFECT","items_purchased":["Flash of Steel","Coolheaded","Cold Snap","Reboot"],"campfire_rested":0,"item_purchase_floors":[2,13,13,13],"current_hp_per_floor":[64,64,64,64,43,43,43,40,40,40,40,6,6,0],"gold":37,"neow_bonus":"THREE_ENEMY_KILL","is_prod":false,"is_daily":false,"chose_seed":false,"campfire_upgraded":1,"win_rate":0,"timestamp":1554744935,"path_taken":["M","$","M","$","?","E","?","M","T","?","R","E","?","E"],"build_version":"2019-01-23","purchased_purges":0,"victory":false,"max_hp_per_floor":[71,71,71,71,71,71,71,71,71,71,71,71,71,71],"card_choices":[{"not_picked":["Cold Snap","Hologram"],"picked":"Blizzard","floor":1},{"not_picked":["Tempest","Hologram"],"picked":"Cold Snap","floor":3},{"not_picked":["White Noise","Hologram"],"picked":"Capacitor","floor":6},{"not_picked":["Force Field","Barrage"],"picked":"Leap","floor":8},{"not_picked":["Melter","Reprogram"],"picked":"Glacier","floor":12}],"player_experience":517418,"relics_obtained":[{"floor":6,"key":"Blood Vial"},{"floor":9,"key":"Gremlin Horn"},{"floor":12,"key":"Anchor"}],"event_choices":[{"damage_healed":0,"gold_gain":0,"player_choice":"Entered Light","damage_taken":21,"max_hp_gain":0,"max_hp_loss":0,"event_name":"Shining Light","floor":5,"gold_loss":0,"cards_upgraded":["Strike_B","Strike_B"]},{"damage_healed":0,"gold_gain":150,"player_choice":"AGREE","damage_taken":0,"max_hp_gain":0,"max_hp_loss":0,"event_name":"Liars Game","floor":7,"gold_loss":0,"cards_obtained":["Doubt"]},{"damage_healed":0,"gold_gain":0,"player_choice":"Box","damage_taken":0,"relics_obtained":["Peace Pipe"],"max_hp_gain":0,"max_hp_loss":0,"event_name":"Big Fish","floor":10,"gold_loss":0,"cards_obtained":["Regret"]}],"is_beta":false,"boss_relics":[],"items_purged_floors":[],"is_endless":false,"potions_floor_spawned":[1,6,12],"killed_by":"Gremlin Nob","ascension_level":19}