{"gold_per_floor":[109,23,23,34,109,109,136,136,136,136,49,49,74,90,90,186,186,206,206,256,272,287,287,347,361,409,409,409,409,25,45,45,120,120,134,148,163,163,180,180,0,0,25,25,25,25,25,43,43,43],"floor_reached":50,"playtime":2542,"items_purged":[],"score":966,"play_id":"73afc502-f8fc-479f-bd4a-a4422e6b6f58","local_time":"20190309092207","is_ascension_mode":true,"campfire_choices":[{"data":"Noxious Fumes","floor":6.0,"key":"SMITH"},{"data":"Cloak And Dagger","floor":10.0,"key":"SMITH"},{"floor":15.0,"key":"REST"},{"floor":23.0,"key":"REST"},{"data":"Dagger Spray","floor":27.0,"key":"SMITH"},{"data":"Backflip","floor":29.0,"key":"SMITH"},{"floor":32.0,"key":"REST"},{"data":"Footwork","floor":40.0,"key":"SMITH"},{"floor":42.0,"key":"REST"},{"data":"Neutralize","floor":45.0,"key":"SMITH"},{"data":"Night Terror","floor":49.0,"key":"SMITH"}],"neow_cost":"NONE","seed_source_timestamp":186962476440566,"circlet_count":0,"master_deck":["AscendersBane","Defend_G","Defend_G","Defend_G","Defend_G+1","Defend_G","Strike_G+1","Strike_G","Strike_G","Strike_G","Survivor","Neutralize+1","Cloak And Dagger+1","Noxious Fumes+1","Bane","Backstab","Noxious Fumes","Cloak And Dagger","After Image","Backflip+1","Dagger Spray+1","Unload","Leg Sweep","Footwork+1","Noxious Fumes","Backflip","Backflip","Night Terror+1","Burst","Well Laid Plans","Calculated Gamble"],"special_seed":0,"relics":["Ring of the Snake","NeowsBlessing","Dream Catcher","Bloody Idol","Kunai","Velvet Choker","Tiny Chest","Bag of Preparation","Anchor","White Beast Statue","Red Mask","Oddly Smooth Stone","Happy Flower"],"potions_floor_usage":[50,50],"damage_taken":[{"damage":0.0,"enemies":"Small Slimes","floor":1.0,"turns":1.0},{"damage":0.0,"enemies":"2 Louse","floor":4.0,"turns":1.0},{"damage":0.0,"enemies":"Lagavulin","floor":7.0,"turns":1.0},{"damage":0.0,"enemies":"Jaw Worm","floor":13.0,"turns":3.0},{"damage":4.0,"enemies":"3 Louse","floor":14.0,"turns":4.0},{"damage":18.0,"enemies":"Hexaghost","floor":16.0,"turns":10.0},{"damage":6.0,"enemies":"Spheric Guardian","floor":18.0,"turns":7.0},{"damage":8.0,"enemies":"3 Byrds","floor":21.0,"turns":5.0},{"damage":18.0,"enemies":"Sentry and Sphere","floor":22.0,"turns":6.0},{"damage":29.0,"enemies":"Slavers","floor":24.0,"turns":5.0},{"damage":7.0,"enemies":"Cultist and Chosen","floor":25.0,"turns":7.0},{"damage":3.0,"enemies":"Centurion and Healer","floor":31.0,"turns":7.0},{"damage":11.0,"enemies":"Automaton","floor":33.0,"turns":11.0},{"damage":0.0,"enemies":"3 Shapes","floor":35.0,"turns":6.0},{"damage":5.0,"enemies":"3 Darklings","floor":36.0,"turns":6.0},{"damage":30.0,"enemies":"Maw","floor":37.0,"turns":11.0},{"damage":1.0,"enemies":"Sphere and 2 Shapes","floor":39.0,"turns":7.0},{"damage":3.0,"enemies":"Spire Growth","floor":48.0,"turns":7.0},{"damage":103,"enemies":"Awakened One","floor":50,"turns":25}],"seed_played":"6905158358698778041","potions_obtained":[{"floor":1.0,"key":"Weak Potion"},{"floor":7.0,"key":"SkillPotion"},{"floor":16.0,"key":"Fire Potion"},{"floor":18.0,"key":"GhostInAJar"},{"floor":21.0,"key":"SkillPotion"},{"floor":33.0,"key":"LiquidBronze"},{"floor":37.0,"key":"Poison Potion"}],"is_trial":false,"path_per_floor":["M","$","?","M","?","R","E","?","T","R","$","?","M","M","R","B",null,"M","?","?","M","M","R","E","M","T","R","?","R","$","M","R","B",null,"M","M","M","?","M","R","?","R","T","?","R","?","T","M","R","B"],"character_chosen":"THE_SILENT","items_purchased":["Noxious Fumes","Backstab","Noxious Fumes","Backflip","Anchor","Fruit Juice"],"campfire_rested":4,"item_purchase_floors":[2,11,30,30,30,30],"current_hp_per_floor":[59,59,52,52,41,41,41,41,41,41,41,23,23,19,37,19,50,44,44,49,46,33,51,32,30,35,35,35,35,40,42,61,55,63,65,65,40,40,44,44,44,63,65,65,65,62,62,62,62,0],"gold":43,"neow_bonus":"THREE_ENEMY_KILL","is_prod":false,"is_daily":false,"chose_seed":false,"campfire_upgraded":7,"win_rate":0,"timestamp":1552090927,"path_taken":["M","$","?","M","?","R","E","?","T","R","$","?","M","M","R","BOSS","M","?","?","M","M","R","E","M","T","R","?","R","$","M","R","BOSS","M","M","M","?","M","R","?","R","T","?","R","?","?","M","R","BOSS"],"build_version":"2019-01-23","purchased_purges":0,"victory":false,"max_hp_per_floor":[66,66,66,66,66,66,66,60,60,60,60,60,60,60,60,60,60,60,60,60,60,60,60,60,60,60,60,60,60,65,65,65,65,65,65,65,65,65,65,65,65,65,65,65,65,62,62,62,62,62],"card_choices":[{"not_picked":["Dagger Throw","Slice"],"picked":"Cloak And Dagger","floor":1.0},{"not_picked":["Expertise","Setup"],"picked":"Bane","floor":4.0},{"not_picked":["Deflect","Bane","Deadly Poison"],"picked":"SKIP","floor":7.0},{"not_picked":["Backstab","Night Terror"],"picked":"Noxious Fumes","floor":13.0},{"not_picked":["Flying Knee","Concentrate","Crippling Poison"],"picked":"SKIP","floor":14.0},{"not_picked":["Blade Dance","Underhanded Strike"],"picked":"Cloak And Dagger","floor":15.0},{"not_picked":["Venomology","Night Terror"],"picked":"After Image","floor":16.0},{"not_picked":["Acrobatics","Predator"],"picked":"Backflip","floor":18.0},{"not_picked":["Backflip","Caltrops+1"],"picked":"Dagger Spray","floor":21.0},{"not_picked":["Blade Dance","Slice"],"picked":"Unload","floor":22.0},{"not_picked":["Escape Plan","Acrobatics+1"],"picked":"Leg Sweep","floor":23.0},{"not_picked":["Prepared","Flying Knee","Caltrops"],"picked":"SKIP","floor":24.0},{"not_picked":["Endless Agony","Quick Slash"],"picked":"Footwork","floor":25.0},{"not_picked":["Accuracy","Outmaneuver"],"picked":"Backflip","floor":31.0},{"not_picked":["Masterful Stab","Setup"],"picked":"Night Terror","floor":32.0},{"not_picked":["Tools of the Trade","Bullet Time"],"picked":"Burst","floor":33.0},{"not_picked":["Cloak And Dagger","Flying Knee"],"picked":"Well Laid Plans","floor":35.0},{"not_picked":["Flying Knee","Eviscerate","Dash"],"picked":"SKIP","floor":36.0},{"not_picked":["Prepared","Concentrate"],"picked":"Calculated Gamble","floor":37.0},{"not_picked":["Acrobatics","Flying Knee","Backstab"],"picked":"SKIP","floor":39.0},{"not_picked":["Dagger Throw","Well Laid Plans","Infinite Blades"],"picked":"SKIP","floor":48.0}],"player_experience":650922,"relics_obtained":[{"floor":7.0,"key":"Dream Catcher"},{"floor":9.0,"key":"Kunai"},{"floor":24.0,"key":"Tiny Chest"},{"floor":26.0,"key":"Bag of Preparation"},{"floor":43.0,"key":"Oddly Smooth Stone"},{"floor":47.0,"key":"Happy Flower"}],"event_choices":[{"cards_removed":["Strike_G"],"damage_healed":0.0,"max_hp_gain":0.0,"max_hp_loss":0.0,"gold_gain":0.0,"event_name":"Golden Wing","player_choice":"Card Removal","floor":3.0,"gold_loss":0.0,"damage_taken":7.0},{"damage_healed":0.0,"max_hp_gain":0.0,"max_hp_loss":0.0,"gold_gain":75.0,"event_name":"World of Goop","player_choice":"Gather Gold","floor":5.0,"gold_loss":0.0,"damage_taken":11.0},{"damage_healed":0.0,"max_hp_gain":0.0,"max_hp_loss":6.0,"gold_gain":0.0,"event_name":"Golden Idol","player_choice":"Lose Max HP","floor":8.0,"gold_loss":0.0,"damage_taken":0.0,"relics_obtained":["Golden Idol"]},{"damage_healed":0.0,"max_hp_gain":0.0,"max_hp_loss":0.0,"gold_gain":0.0,"event_name":"Shining Light","player_choice":"Entered Light","floor":12.0,"gold_loss":0.0,"damage_taken":18.0,"cards_upgraded":["Strike_G","Defend_G"]},{"damage_healed":0.0,"max_hp_gain":0.0,"max_hp_loss":0.0,"gold_gain":0.0,"event_name":"Forgotten Altar","player_choice":"Gave Idol","floor":19.0,"relics_lost":["Golden Idol"],"gold_loss":0.0,"damage_taken":0.0,"relics_obtained":["Bloody Idol"]},{"damage_healed":0.0,"max_hp_gain":0.0,"max_hp_loss":0.0,"gold_gain":50.0,"event_name":"Nest","player_choice":"Stole From Cult","floor":20.0,"gold_loss":0.0,"damage_taken":0.0},{"damage_healed":0.0,"max_hp_gain":0.0,"max_hp_loss":0.0,"gold_gain":0.0,"event_name":"Ghosts","player_choice":"Ignored","floor":28.0,"gold_loss":0.0,"damage_taken":0.0},{"damage_healed":0.0,"max_hp_gain":0.0,"max_hp_loss":0.0,"gold_gain":0.0,"event_name":"SensoryStone","player_choice":"Memory 1","floor":38.0,"gold_loss":0.0,"damage_taken":0.0},{"damage_healed":0.0,"max_hp_gain":0.0,"max_hp_loss":0.0,"gold_gain":0.0,"event_name":"Tomb of Lord Red Mask","player_choice":"Paid","floor":41.0,"gold_loss":180.0,"damage_taken":0.0,"relics_obtained":["Red Mask"]},{"damage_healed":0.0,"max_hp_gain":0.0,"max_hp_loss":0.0,"gold_gain":0.0,"event_name":"Mysterious Sphere","player_choice":"Ignored","floor":44.0,"gold_loss":0.0,"damage_taken":0.0},{"damage_healed":0.0,"max_hp_gain":0.0,"max_hp_loss":3.0,"gold_gain":0.0,"event_name":"Winding Halls","player_choice":"Max HP","floor":46.0,"gold_loss":0.0,"damage_taken":0.0}],"is_beta":false,"boss_relics":[{"not_picked":["Busted Crown","Tiny House"],"picked":"Velvet Choker"},{"not_picked":["Calling Bell","Empty Cage"],"picked":"White Beast Statue"}],"items_purged_floors":[],"is_endless":false,"potions_floor_spawned":[1,7,13,16,18,21,33,35,36,37,39,48],"killed_by":"Awakened One","ascension_level":20}