{"gold_per_floor":[111,123,123,141,101,101,135,135,135,135,147,147,147,177,177,251,251,270,285,304,304,304,304,320,346,346,359,371,384,38,51,51,122,122,133,147,0,18,37,37,67,67,67,77,77],"floor_reached":45,"playtime":3437,"items_purged":["Decay"],"score":958,"play_id":"4dc8a223-8634-4313-bd25-950edd242508","local_time":"20190506132948","is_ascension_mode":true,"campfire_choices":[{"data":"Leg Sweep","floor":6.0,"key":"SMITH"},{"data":"Neutralize","floor":8.0,"key":"SMITH"},{"data":"Skewer","floor":10.0,"key":"SMITH"},{"data":"After Image","floor":12.0,"key":"SMITH"},{"floor":13.0,"key":"REST"},{"data":"Bane","floor":15.0,"key":"SMITH"},{"data":"Dodge and Roll","floor":23.0,"key":"SMITH"},{"data":"Well Laid Plans","floor":32,"key":"SMITH"},{"floor":40,"key":"RECALL"}],"neow_cost":"NONE","seed_source_timestamp":9544637603900,"circlet_count":0,"master_deck":["AscendersBane","Defend_G","Defend_G","Defend_G","Defend_G","Defend_G","Strike_G","Strike_G","Survivor","Neutralize+1","Skewer+1","Bouncing Flask+1","PiercingWail","Leg Sweep+1","After Image+1","Backflip+1","Bane+1","Dodge and Roll+1","Backflip+1","Poisoned Stab","Blur","Well Laid Plans+1","Catalyst+1","Calculated Gamble","Backflip+1","Escape Plan","Venomology","Prepared"],"special_seed":0,"relics":["Ring of the Snake","WingedGreaves","Du-Vu Doll","Torii","Coffee Dripper","Mercury Hourglass","Pantograph","ClockworkSouvenir","Empty Cage","Red Mask","Centennial Puzzle"],"potions_floor_usage":[25,25,28,33,36,38,38,41,44,45,45],"damage_taken":[{"damage":0.0,"enemies":"Jaw Worm","floor":1.0,"turns":5.0},{"damage":0.0,"enemies":"Cultist","floor":2.0,"turns":4.0},{"damage":0.0,"enemies":"2 Louse","floor":4.0,"turns":3.0},{"damage":0.0,"enemies":"Looter","floor":5.0,"turns":4.0},{"damage":29.0,"enemies":"Gremlin Nob","floor":7.0,"turns":4.0},{"damage":1.0,"enemies":"Red Slaver","floor":11.0,"turns":3.0},{"damage":8.0,"enemies":"Lagavulin","floor":14.0,"turns":6.0},{"damage":6.0,"enemies":"Hexaghost","floor":16.0,"turns":11.0},{"damage":0.0,"enemies":"Chosen","floor":18.0,"turns":5.0},{"damage":0.0,"enemies":"Shell Parasite","floor":19.0,"turns":6.0},{"damage":6.0,"enemies":"Centurion and Healer","floor":20.0,"turns":8.0},{"damage":28.0,"enemies":"Cultist and Chosen","floor":24.0,"turns":9.0},{"damage":1,"enemies":"Gremlin Leader","floor":25,"turns":5},{"damage":0,"enemies":"3 Cultists","floor":27,"turns":6},{"damage":0,"enemies":"Sentry and Sphere","floor":28,"turns":6},{"damage":1,"enemies":"Cultist and Chosen","floor":29,"turns":5},{"damage":0,"enemies":"Shelled Parasite and Fungi","floor":31,"turns":7},{"damage":41,"enemies":"Automaton","floor":33,"turns":15},{"damage":1,"enemies":"Orb Walker","floor":35,"turns":3},{"damage":15,"enemies":"3 Darklings","floor":36,"turns":13},{"damage":1,"enemies":"Jaw Worm Horde","floor":38,"turns":6},{"damage":8,"enemies":"Transient","floor":39,"turns":6},{"damage":12,"enemies":"Nemesis","floor":41,"turns":11},{"damage":15,"enemies":"3 Darklings","floor":44,"turns":5}],"seed_played":"8141153746986176608","potions_obtained":[{"floor":1.0,"key":"Energy Potion"},{"floor":11.0,"key":"Ancient Potion"},{"floor":16.0,"key":"PowerPotion"},{"floor":24.0,"key":"PowerPotion"},{"floor":25,"key":"Energy Potion"},{"floor":28,"key":"Block Potion"},{"floor":29,"key":"Fruit Juice"},{"floor":36,"key":"EssenceOfSteel"},{"floor":39,"key":"Dexterity Potion"},{"floor":44,"key":"LiquidBronze"}],"is_trial":false,"path_per_floor":["M","M","?","M","M","R","E","R","T","R","M","R","R","E","R","B",null,"M","M","M","?","?","R","M","E","T","M","M","M","$","M","R","B",null,"M","M","?","M","M","R","E","?","T","M","M"],"character_chosen":"THE_SILENT","items_purchased":["ClockworkSouvenir","Backflip"],"campfire_rested":1,"item_purchase_floors":[30,30],"current_hp_per_floor":[59,59,59,59,59,59,30,30,30,30,29,29,48,40,40,34,58,58,58,52,52,52,52,24,23,23,23,23,22,22,22,22,6,51,50,40,40,39,31,31,19,19,19,4,0],"gold":77,"neow_bonus":"TRANSFORM_CARD","is_prod":false,"is_daily":false,"chose_seed":false,"campfire_upgraded":7,"win_rate":0,"timestamp":1557116988,"path_taken":["M","M","?","M","M","R","E","R","T","R","?","R","R","E","R","BOSS","M","?","M","?","?","R","M","E","T","M","M","M","$","?","R","BOSS","M","M","?","M","M","R","E","?","T","M","M"],"build_version":"2019-01-23","purchased_purges":1,"victory":false,"max_hp_per_floor":[66,66,66,66,66,66,66,66,66,66,66,66,66,66,66,66,66,66,66,66,66,66,66,66,66,66,66,66,66,66,66,66,66,66,66,71,71,71,71,71,71,71,71,71,71],"card_choices":[{"not_picked":["Reflex","Outmaneuver"],"picked":"Bouncing Flask","floor":1.0},{"not_picked":["Dodge and Roll","Sucker Punch"],"picked":"PiercingWail","floor":2.0},{"not_picked":["Backflip","PiercingWail"],"picked":"Leg Sweep","floor":4.0},{"not_picked":["Crippling Poison","Choke"],"picked":"After Image","floor":5.0},{"not_picked":["Flechettes","Deadly Poison"],"picked":"Backflip","floor":7.0},{"not_picked":["Acrobatics","Blade Dance"],"picked":"Bane","floor":11.0},{"not_picked":["Riddle With Holes","Phantasmal Killer"],"picked":"Dodge and Roll","floor":14.0},{"not_picked":["Setup","Bouncing Flask"],"picked":"Backflip+1","floor":18.0},{"not_picked":["Outmaneuver+1","Wraith Form v2"],"picked":"Poisoned Stab","floor":19.0},{"not_picked":["Flying Knee","Backstab"],"picked":"Blur","floor":20.0},{"not_picked":["Deadly Poison","Escape Plan"],"picked":"Well Laid Plans","floor":24.0},{"not_picked":["Poisoned Stab","Predator+1","Backstab"],"picked":"SKIP","floor":25},{"not_picked":["Deadly Poison","Prepared"],"picked":"Catalyst+1","floor":27},{"not_picked":["Quick Slash","Flechettes","Blade Dance"],"picked":"SKIP","floor":28},{"not_picked":["Blade Dance","Outmaneuver+1"],"picked":"Calculated Gamble","floor":29},{"not_picked":["Dodge and Roll","Deflect"],"picked":"Escape Plan","floor":31},{"not_picked":["Grand Finale","Doppelganger"],"picked":"Venomology","floor":33},{"not_picked":["Eviscerate","Underhanded Strike+1","Bane+1"],"picked":"SKIP","floor":35},{"not_picked":["Quick Slash","Tactician","Sucker Punch"],"picked":"SKIP","floor":36},{"not_picked":["Dagger Throw","Quick Slash","Slice+1"],"picked":"SKIP","floor":38},{"not_picked":["Outmaneuver","Endless Agony","Underhanded Strike"],"picked":"SKIP","floor":39},{"not_picked":["Tools of the Trade","Terror","Blade Dance"],"picked":"SKIP","floor":41},{"not_picked":["Bouncing Flask","Cloak And Dagger"],"picked":"Prepared","floor":44}],"player_experience":1247393,"relics_obtained":[{"floor":7.0,"key":"WingedGreaves"},{"floor":9.0,"key":"Du-Vu Doll"},{"floor":14.0,"key":"Torii"},{"floor":25,"key":"Mercury Hourglass"},{"floor":26,"key":"Pantograph"},{"floor":41,"key":"Centennial Puzzle"}],"event_choices":[{"damage_healed":0.0,"max_hp_gain":0.0,"max_hp_loss":0.0,"gold_gain":0.0,"event_name":"Accursed Blacksmith","player_choice":"Forge","floor":3.0,"gold_loss":0.0,"damage_taken":0.0,"cards_upgraded":["Bouncing Flask"]},{"damage_healed":0.0,"max_hp_gain":0.0,"max_hp_loss":0.0,"gold_gain":0.0,"event_name":"Forgotten Altar","player_choice":"Smashed Altar","floor":21.0,"gold_loss":0.0,"damage_taken":0.0,"cards_obtained":["Decay"]},{"damage_healed":0.0,"max_hp_gain":0.0,"max_hp_loss":0.0,"gold_gain":0.0,"event_name":"Upgrade Shrine","player_choice":"Upgraded","floor":22.0,"gold_loss":0.0,"damage_taken":0.0,"cards_upgraded":["Backflip"]},{"damage_healed":0,"gold_gain":0,"player_choice":"Paid","damage_taken":0,"relics_obtained":["Red Mask"],"max_hp_gain":0,"max_hp_loss":0,"event_name":"Tomb of Lord Red Mask","floor":37,"gold_loss":147},{"damage_healed":0,"gold_gain":0,"player_choice":"Upgraded","damage_taken":0,"max_hp_gain":0,"max_hp_loss":0,"event_name":"Upgrade Shrine","floor":42,"gold_loss":0,"cards_upgraded":["Backflip"]}],"is_beta":false,"boss_relics":[{"not_picked":["Velvet Choker","Calling Bell"],"picked":"Coffee Dripper"},{"not_picked":["Philosopher\u0027s Stone","Snecko Eye"],"picked":"Empty Cage"}],"items_purged_floors":[30],"is_endless":false,"potions_floor_spawned":[1,11,14,16,18,24,25,28,29,36,39,44],"killed_by":"Sphere and 2 Shapes","ascension_level":20}