{"gold_per_floor":[116,126,144,156,156,156,170,170,200,214,255,83,106,106,106,237,237,250,250],"floor_reached":19,"playtime":1805,"items_purged":["Strike_B"],"score":272,"play_id":"4890d1ee-2485-4299-ab2d-eca6bafef01e","local_time":"20190504114646","is_ascension_mode":true,"campfire_choices":[{"data":"Consume","floor":6,"key":"SMITH"},{"data":"Doom and Gloom","floor":8,"key":"SMITH"},{"floor":15,"key":"REST"}],"neow_cost":"TEN_PERCENT_HP_LOSS","seed_source_timestamp":661033588109100,"circlet_count":0,"master_deck":["AscendersBane","Strike_B","Strike_B","Strike_B","Defend_B","Defend_B","Defend_B","Defend_B","Zap","Dualcast","Hyperbeam","Doom and Gloom+1","Leap","Consume+1","Turbo","Conserve Battery","Conserve Battery","Defragment","Go for the Eyes","Multi-Cast","BootSequence"],"relics":["Cracked Core","Golden Idol","Tiny Chest","Happy Flower","Inserter"],"potions_floor_usage":[14,16],"damage_taken":[{"damage":1,"enemies":"Cultist","floor":1,"turns":4},{"damage":16,"enemies":"2 Louse","floor":2,"turns":2},{"damage":4,"enemies":"Jaw Worm","floor":3,"turns":4},{"damage":0,"enemies":"Exordium Wildlife","floor":4,"turns":1},{"damage":0,"enemies":"3 Louse","floor":7,"turns":1},{"damage":0,"enemies":"Large Slime","floor":10,"turns":5},{"damage":17,"enemies":"Lagavulin","floor":11,"turns":5},{"damage":0,"enemies":"Exordium Wildlife","floor":13,"turns":2},{"damage":8,"enemies":"Gremlin Nob","floor":14,"turns":3},{"damage":30,"enemies":"Slime Boss","floor":16,"turns":11},{"damage":30,"enemies":"Shell Parasite","floor":18,"turns":7},{"damage":30,"enemies":"Spheric Guardian","floor":19,"turns":5}],"seed_played":"3478993036913663968","potions_obtained":[{"floor":1,"key":"SmokeBomb"},{"floor":2,"key":"Dexterity Potion"},{"floor":3,"key":"LiquidBronze"}],"is_trial":false,"path_per_floor":["M","M","M","M","?","R","M","R","T","M","E","$","M","E","R","B",null,"M","M"],"character_chosen":"DEFECT","items_purchased":["Defragment","Go for the Eyes"],"campfire_rested":1,"item_purchase_floors":[12,12],"current_hp_per_floor":[67,51,47,47,47,47,47,47,47,47,30,30,30,22,40,10,50,20,0],"gold":250,"neow_bonus":"THREE_RARE_CARDS","is_prod":false,"is_daily":false,"chose_seed":false,"campfire_upgraded":2,"win_rate":0,"timestamp":1556963206,"path_taken":["M","M","M","?","?","R","M","R","T","M","E","$","M","E","R","BOSS","M","M"],"build_version":"2019-01-23","purchased_purges":1,"victory":false,"max_hp_per_floor":[68,68,68,68,63,63,63,63,63,63,63,63,63,63,63,63,63,63,63],"card_choices":[{"not_picked":["Amplify","All For One"],"picked":"Hyperbeam","floor":0},{"not_picked":["Streamline","Double Energy"],"picked":"Doom and Gloom","floor":1},{"not_picked":["Beam Cell","Steam"],"picked":"Leap","floor":2},{"not_picked":["Hologram","Scrape"],"picked":"Consume","floor":3},{"not_picked":["Compile Driver","Redo","Cold Snap"],"picked":"SKIP","floor":4},{"not_picked":["Leap","Hologram"],"picked":"Turbo","floor":7},{"not_picked":["Genetic Algorithm","Lockon"],"picked":"Conserve Battery","floor":10},{"not_picked":["Rip and Tear","Conserve Battery","Meteor Strike"],"picked":"SKIP","floor":11},{"not_picked":["Rip and Tear","Meteor Strike"],"picked":"Conserve Battery","floor":11},{"not_picked":["Streamline","Beam Cell","Sweeping Beam"],"picked":"SKIP","floor":13},{"not_picked":["All For One","Thunder Strike"],"picked":"Multi-Cast","floor":16},{"not_picked":["Force Field","Go for the Eyes"],"picked":"BootSequence","floor":18}],"player_experience":525751,"relics_obtained":[{"floor":9,"key":"Tiny Chest"},{"floor":11,"key":"Happy Flower"}],"event_choices":[{"damage_healed":0,"gold_gain":0,"player_choice":"Lose Max HP","damage_taken":0,"relics_obtained":["Golden Idol"],"max_hp_gain":0,"max_hp_loss":5,"event_name":"Golden Idol","floor":5,"gold_loss":0}],"is_beta":false,"boss_relics":[{"not_picked":["Busted Crown","FrozenCore"],"picked":"Inserter"}],"items_purged_floors":[12],"is_endless":false,"potions_floor_spawned":[1,2,3,10],"killed_by":"Spheric Guardian","ascension_level":10}