{"gold_per_floor":[115,22,22,35,35,64,64,76,124,137,172,252,278,290,290,385,385,374,374,393,411,436,436,436,152,152,152,171,189,189,208,208,311,311,324,324,424,436,436,436,491,491,491,491,521,521,535,554,554,554],"floor_reached":51,"playtime":2997,"items_purged":["Accuracy"],"score":854,"play_id":"8e484d4c-bfd3-4fc4-9b26-0c0b4c7e7df9","local_time":"20190511223309","is_ascension_mode":true,"campfire_choices":[{"data":"PiercingWail","floor":7.0,"key":"SMITH"},{"floor":15.0,"key":"REST"},{"floor":23.0,"key":"REST"},{"data":"Noxious Fumes","floor":27.0,"key":"SMITH"},{"data":"Doppelganger","floor":30.0,"key":"SMITH"},{"floor":32.0,"key":"REST"},{"data":"Footwork","floor":40,"key":"SMITH"},{"data":"Envenom","floor":42,"key":"SMITH"},{"data":"Madness","floor":44,"key":"SMITH"},{"data":"Madness","floor":46,"key":"SMITH"},{"data":"Blur","floor":49,"key":"SMITH"}],"neow_cost":"NONE","seed_source_timestamp":1165468526395577,"circlet_count":0,"master_deck":["Survivor","Neutralize","PiercingWail+1","Backflip","Blur","Poisoned Stab","Outmaneuver","Poisoned Stab","Cloak And Dagger","Noxious Fumes+1","Adrenaline","Deadly Poison","Choke+1","Adrenaline","Dash+1","Deadly Poison","Acrobatics","Envenom+1","Predator+1","After Image","Blur+1","Deadly Poison+1","Doppelganger+1","Neutralize+1","Skewer+1","Terror","Bouncing Flask","Slice+1","Footwork+1","Skewer+1","Corpse Explosion","Madness+1","Madness+1","Footwork+1","After Image"],"special_seed":0,"relics":["Ring of the Snake","NeowsBlessing","Omamori","Bag of Preparation","Molten Egg 2","Ornamental Fan","Pantograph","Pandora\u0027s Box","Red Mask","Chemical X","Shuriken","Cursed Key","Bird Faced Urn","Mummified Hand","The Specimen","Art of War","Singing Bowl"],"potions_floor_usage":[37,41,50,50],"damage_taken":[{"damage":0.0,"enemies":"Small Slimes","floor":1.0,"turns":1.0},{"damage":0.0,"enemies":"Cultist","floor":4.0,"turns":1.0},{"damage":0.0,"enemies":"Lagavulin","floor":6.0,"turns":1.0},{"damage":0.0,"enemies":"Jaw Worm","floor":8.0,"turns":4.0},{"damage":9.0,"enemies":"Blue Slaver","floor":10.0,"turns":5.0},{"damage":1.0,"enemies":"3 Sentries","floor":11.0,"turns":8.0},{"damage":40.0,"enemies":"Gremlin Nob","floor":13.0,"turns":5.0},{"damage":0.0,"enemies":"Gremlin Gang","floor":14.0,"turns":4.0},{"damage":55.0,"enemies":"Slime Boss","floor":16.0,"turns":12.0},{"damage":14.0,"enemies":"2 Thieves","floor":18.0,"turns":4.0},{"damage":0.0,"enemies":"Spheric Guardian","floor":20.0,"turns":4.0},{"damage":30.0,"enemies":"Snecko","floor":21.0,"turns":5.0},{"damage":29.0,"enemies":"Masked Bandits","floor":22.0,"turns":6.0},{"damage":0.0,"enemies":"Snake Plant","floor":28.0,"turns":3.0},{"damage":9.0,"enemies":"Centurion and Healer","floor":29.0,"turns":5.0},{"damage":3.0,"enemies":"Shelled Parasite and Fungi","floor":31.0,"turns":4.0},{"damage":20.0,"enemies":"Champ","floor":33.0,"turns":9.0},{"damage":0.0,"enemies":"3 Shapes","floor":35.0,"turns":5.0},{"damage":3,"enemies":"Mind Bloom Boss Battle","floor":37,"turns":4},{"damage":8,"enemies":"Orb Walker","floor":38,"turns":3},{"damage":16,"enemies":"2 Orb Walkers","floor":41,"turns":5},{"damage":2,"enemies":"Nemesis","floor":45,"turns":5},{"damage":0,"enemies":"Jaw Worm Horde","floor":47,"turns":4},{"damage":0,"enemies":"Spire Growth","floor":48,"turns":2},{"damage":32,"enemies":"Awakened One","floor":50,"turns":11}],"seed_played":"-1151811430391971906","potions_obtained":[{"floor":4.0,"key":"AttackPotion"},{"floor":13.0,"key":"EssenceOfSteel"},{"floor":14.0,"key":"GamblersBrew"},{"floor":16.0,"key":"Regen Potion"},{"floor":20.0,"key":"LiquidBronze"},{"floor":28.0,"key":"Fire Potion"},{"floor":29.0,"key":"Dexterity Potion"},{"floor":31.0,"key":"Swift Potion"},{"floor":37,"key":"EssenceOfSteel"}],"is_trial":false,"path_per_floor":["M","$","?","M","?","E","R","M","T","M","E","T","E","M","R","B",null,"M","?","M","M","?","R","?","$","T","R","M","M","R","M","R","B",null,"M","?","?","M","T","R","?","R","T","R","E","R","M","M","R","B",null],"character_chosen":"THE_SILENT","items_purchased":["Backflip","Blur","Chemical X"],"campfire_rested":3,"item_purchase_floors":[2,2,25],"current_hp_per_floor":[70,70,70,70,70,70,70,70,70,61,60,60,20,20,41,11,70,56,56,56,26,12,33,33,33,33,33,33,24,24,21,42,47,70,70,61,67,61,61,61,53,53,53,53,65,65,74,76,76,50],"gold":554,"neow_bonus":"THREE_ENEMY_KILL","is_prod":false,"is_daily":false,"chose_seed":false,"campfire_upgraded":8,"win_rate":0,"timestamp":1557628389,"path_taken":["M","$","?","M","?","E","R","?","T","M","E","?","E","M","R","BOSS","M","?","M","?","?","R","?","$","T","R","M","M","R","M","R","BOSS","M","?","?","M","?","R","?","R","T","R","E","R","M","?","R","BOSS"],"build_version":"2019-01-23","purchased_purges":1,"victory":true,"max_hp_per_floor":[70,70,70,70,70,70,70,70,70,70,70,70,70,70,70,70,70,70,70,70,70,70,70,70,70,70,70,70,70,70,70,70,70,70,70,70,70,70,70,70,70,70,70,70,72,72,74,76,76,76],"card_choices":[{"not_picked":["Dodge and Roll","Quick Slash"],"picked":"PiercingWail","floor":1.0},{"not_picked":["Concentrate","Endless Agony"],"picked":"Poisoned Stab","floor":4.0},{"not_picked":["Bane","Infinite Blades"],"picked":"Poisoned Stab","floor":6.0},{"not_picked":["Flying Knee","Backflip"],"picked":"Cloak And Dagger","floor":8.0},{"not_picked":["Poisoned Stab","Accuracy"],"picked":"Noxious Fumes","floor":10.0},{"not_picked":["Cloak And Dagger","Slice"],"picked":"Adrenaline","floor":11.0},{"not_picked":["Sucker Punch+1","Deflect"],"picked":"Deadly Poison","floor":13.0},{"not_picked":["Reflex","Bane+1"],"picked":"Choke+1","floor":14.0},{"not_picked":["Die Die Die+1","Doppelganger"],"picked":"Adrenaline","floor":16.0},{"not_picked":["Bane+1","Cloak And Dagger"],"picked":"Deadly Poison+1","floor":18.0},{"not_picked":["Terror","Caltrops"],"picked":"Skewer+1","floor":20.0},{"not_picked":["Endless Agony+1","Prepared+1"],"picked":"Terror","floor":21.0},{"not_picked":["Deadly Poison","Skewer+1"],"picked":"Bouncing Flask","floor":22.0},{"not_picked":["Calculated Gamble+1","PiercingWail"],"picked":"Slice+1","floor":28.0},{"not_picked":["Blur","Predator+1"],"picked":"Footwork","floor":29.0},{"not_picked":["Outmaneuver","Acrobatics"],"picked":"Skewer+1","floor":31.0},{"not_picked":["Wraith Form v2","Envenom"],"picked":"Corpse Explosion","floor":33.0},{"not_picked":["Flying Knee+1","Underhanded Strike+1","Dash+1"],"picked":"SKIP","floor":35.0},{"not_picked":["Underhanded Strike+1","PiercingWail"],"picked":"Footwork+1","floor":37},{"not_picked":["Sucker Punch+1","Dodge and Roll"],"picked":"After Image","floor":38},{"not_picked":["Dagger Throw+1","Corpse Explosion","Dash+1"],"picked":"Singing Bowl","floor":45},{"not_picked":["Bane+1","Poisoned Stab+1","Slice+1"],"picked":"Singing Bowl","floor":47},{"not_picked":["Flying Knee+1","Outmaneuver","Underhanded Strike+1"],"picked":"Singing Bowl","floor":48}],"player_experience":237499,"relics_obtained":[{"floor":6.0,"key":"Omamori"},{"floor":9.0,"key":"Bag of Preparation"},{"floor":11.0,"key":"Molten Egg 2"},{"floor":12.0,"key":"Ornamental Fan"},{"floor":13.0,"key":"Pantograph"},{"floor":22.0,"key":"Red Mask"},{"floor":26.0,"key":"Shuriken"},{"floor":37,"key":"Bird Faced Urn"},{"floor":39,"key":"Mummified Hand"},{"floor":41,"key":"The Specimen"},{"floor":43,"key":"Art of War"},{"floor":45,"key":"Singing Bowl"}],"event_choices":[{"cards_removed":["Defend_G"],"damage_healed":0.0,"max_hp_gain":0.0,"max_hp_loss":0.0,"gold_gain":0.0,"event_name":"Living Wall","player_choice":"Forget","floor":3.0,"gold_loss":0.0,"damage_taken":0.0},{"damage_healed":0.0,"max_hp_gain":0.0,"max_hp_loss":0.0,"gold_gain":0.0,"cards_transformed":["Strike_G"],"event_name":"Transmorgrifier","player_choice":"Transformed","floor":5.0,"gold_loss":0.0,"damage_taken":0.0,"cards_obtained":["Outmaneuver"]},{"damage_healed":0.0,"max_hp_gain":0.0,"max_hp_loss":0.0,"gold_gain":0.0,"event_name":"Match and Keep!","player_choice":"2 cards matched","floor":19.0,"gold_loss":0.0,"damage_taken":0.0,"cards_obtained":["Doppelganger","Neutralize"]},{"damage_healed":0.0,"max_hp_gain":0.0,"max_hp_loss":0.0,"gold_gain":0.0,"event_name":"Masked Bandits","player_choice":"Fought Bandits","floor":22.0,"gold_loss":0.0,"damage_taken":0.0},{"damage_healed":0.0,"max_hp_gain":0.0,"max_hp_loss":0.0,"gold_gain":0.0,"event_name":"Cursed Tome","player_choice":"Ignored","floor":24.0,"gold_loss":0.0,"damage_taken":0.0},{"damage_healed":0.0,"max_hp_gain":0.0,"max_hp_loss":0.0,"gold_gain":0.0,"event_name":"Winding Halls","player_choice":"Embrace Madness","floor":36.0,"gold_loss":0.0,"damage_taken":9.0,"cards_obtained":["Madness","Madness"]},{"damage_healed":0,"gold_gain":0,"player_choice":"Fight","damage_taken":0,"max_hp_gain":0,"max_hp_loss":0,"event_name":"MindBloom","floor":37,"gold_loss":0},{"damage_healed":0,"gold_gain":0,"player_choice":"Fight","damage_taken":0,"max_hp_gain":0,"max_hp_loss":0,"event_name":"Mysterious Sphere","floor":41,"gold_loss":0}],"is_beta":false,"boss_relics":[{"not_picked":["WristBlade","Fusion Hammer"],"picked":"Pandora\u0027s Box"},{"not_picked":["White Beast Statue","Velvet Choker"],"picked":"Cursed Key"}],"items_purged_floors":[25],"is_endless":false,"potions_floor_spawned":[4,13,14,16,20,28,29,31,37,38],"ascension_level":4}