{"gold_per_floor":[109,8,8,26,26,58,58,87,87,107,117,144,144,94,94,94],"floor_reached":16,"playtime":640,"items_purged":["Strike_R"],"score":172,"play_id":"2043aaaf-aeec-4f58-929d-619ff75ee13c","local_time":"20190219214359","is_ascension_mode":true,"campfire_choices":[{"data":"Inflame","floor":7,"key":"SMITH"},{"data":"Rage","floor":13,"key":"SMITH"},{"data":"Clothesline","floor":15,"key":"SMITH"}],"neow_cost":"NONE","seed_source_timestamp":541616226478822,"circlet_count":0,"master_deck":["Strike_R","Strike_R","Strike_R","Defend_R","Defend_R","Defend_R","Defend_R","Bash","Anger","Clothesline+1","Inflame+1","Twin Strike","Rage+1","Anger","Anger"],"relics":["Burning Blood","NeowsBlessing","Prayer Wheel","Matryoshka","Dream Catcher","Bottled Lightning","Question Card"],"potions_floor_usage":[16],"damage_taken":[{"damage":0,"enemies":"2 Louse","floor":1,"turns":1},{"damage":0,"enemies":"Small Slimes","floor":4,"turns":1},{"damage":0,"enemies":"3 Sentries","floor":6,"turns":1},{"damage":30,"enemies":"Lagavulin","floor":8,"turns":4},{"damage":1,"enemies":"Cultist","floor":10,"turns":3},{"damage":9,"enemies":"Blue Slaver","floor":11,"turns":3},{"damage":26,"enemies":"3 Sentries","floor":12,"turns":5},{"damage":43,"enemies":"The Guardian","floor":16,"turns":11}],"seed_played":"-2862440530072479261","potions_obtained":[{"floor":8,"key":"EssenceOfSteel"},{"floor":12,"key":"Ancient Potion"}],"is_trial":false,"path_per_floor":["M","$","?","M","$","E","R","E","T","M","M","E","R","?","R","B"],"character_chosen":"IRONCLAD","items_purchased":["Clothesline"],"campfire_rested":0,"item_purchase_floors":[2],"current_hp_per_floor":[80,80,85,85,85,85,85,61,61,66,63,43,43,43,43,0],"gold":94,"neow_bonus":"THREE_ENEMY_KILL","is_prod":false,"is_daily":false,"chose_seed":false,"campfire_upgraded":3,"win_rate":0,"timestamp":1550609039,"path_taken":["M","$","?","M","$","E","R","E","T","M","M","E","R","?","R","BOSS"],"build_version":"2019-01-23","purchased_purges":1,"victory":false,"max_hp_per_floor":[80,80,85,85,85,85,85,85,85,85,85,85,85,85,85,85],"card_choices":[{"not_picked":["Clash","Rampage"],"picked":"Anger","floor":1},{"not_picked":["Clothesline","Infernal Blade"],"picked":"Inflame","floor":4},{"not_picked":["Flex","Clothesline"],"picked":"Twin Strike","floor":6},{"not_picked":["Dual Wield","Shrug It Off"],"picked":"Rage","floor":8},{"not_picked":["Shrug It Off","Sever Soul"],"picked":"Anger","floor":10},{"not_picked":["Heavy Blade","Barricade","Clash"],"picked":"SKIP","floor":10},{"not_picked":["Armaments","Sword Boomerang"],"picked":"Anger","floor":11},{"not_picked":["Burning Pact","Sword Boomerang","Sentinel"],"picked":"SKIP","floor":11},{"not_picked":["Cleave","Whirlwind","Shockwave"],"picked":"SKIP","floor":12}],"player_experience":334369,"relics_obtained":[{"floor":6,"key":"Prayer Wheel"},{"floor":8,"key":"Matryoshka"},{"floor":9,"key":"Dream Catcher"},{"floor":9,"key":"Bottled Lightning"},{"floor":12,"key":"Question Card"}],"event_choices":[{"damage_healed":0,"gold_gain":0,"player_choice":"Donut","damage_taken":0,"max_hp_gain":5,"max_hp_loss":0,"event_name":"Big Fish","floor":3,"gold_loss":0},{"cards_removed":["Strike_R"],"damage_healed":0,"gold_gain":0,"player_choice":"Card Removal","damage_taken":0,"max_hp_gain":0,"max_hp_loss":0,"event_name":"The Cleric","floor":14,"gold_loss":50}],"is_beta":false,"boss_relics":[],"items_purged_floors":[2],"is_endless":false,"potions_floor_spawned":[8,12],"killed_by":"The Guardian","ascension_level":4}