{"gold_per_floor":[113,128,142,160,178,211,211,237,284,307,322,322,322,322,322,393,393,413,425,425,425,25,25,37,37,37,37,49,81,1,18,18,91,91,104,104,204,204,222,254,254,280,280,7,27,27,37,54,54,54],"floor_reached":50,"playtime":3644,"items_purged":["Strike_G","Strike_G"],"score":1189,"play_id":"6f5b740e-5edb-425c-8443-1b4f1d6ab502","local_time":"20190506231603","is_ascension_mode":true,"campfire_choices":[{"data":"Bouncing Flask","floor":7,"key":"SMITH"},{"floor":13,"key":"REST"},{"data":"Neutralize","floor":15,"key":"SMITH"},{"floor":23,"key":"REST"},{"floor":27,"key":"REST"},{"floor":32,"key":"REST"},{"floor":46,"key":"REST"},{"floor":49,"key":"RECALL"}],"neow_cost":"NONE","seed_source_timestamp":44563479266100,"circlet_count":0,"master_deck":["AscendersBane","Defend_G","Defend_G","Defend_G","Defend_G","Defend_G","Strike_G","Strike_G","Strike_G","Survivor","Neutralize+1","Bouncing Flask+1","Dagger Throw","Dagger Spray","Adrenaline+1","Dash+1","Venomology","Backflip","Bullet Time","PiercingWail","Predator","Burst","Leg Sweep","Deadly Poison+1","Dagger Spray+1","Crippling Poison","Leg Sweep+1"],"relics":["Ring of the Snake","StoneCalendar","Vajra","Pen Nib","Odd Mushroom","Snecko Eye","Anchor","Gambling Chip","Fusion Hammer","Prayer Wheel","Snake Skull","Strawberry","Regal Pillow"],"potions_floor_usage":[0,4,5,6,8,8,8,16,16,19,19,29,29,31,33,33,33,35,39,40,40,42,42,47,50,50,50],"damage_taken":[{"damage":1,"enemies":"Cultist","floor":1,"turns":4},{"damage":3,"enemies":"Jaw Worm","floor":2,"turns":4},{"damage":7,"enemies":"2 Louse","floor":3,"turns":3},{"damage":4,"enemies":"Red Slaver","floor":4,"turns":3},{"damage":0,"enemies":"3 Louse","floor":5,"turns":2},{"damage":17,"enemies":"3 Sentries","floor":6,"turns":7},{"damage":5,"enemies":"Lagavulin","floor":8,"turns":5},{"damage":15,"enemies":"The Mushroom Lair","floor":10,"turns":4},{"damage":2,"enemies":"Exordium Thugs","floor":11,"turns":4},{"damage":0,"enemies":"Slime Boss","floor":16,"turns":6},{"damage":3,"enemies":"Shell Parasite","floor":18,"turns":3},{"damage":45,"enemies":"3 Byrds","floor":19,"turns":6},{"damage":4,"enemies":"Centurion and Healer","floor":24,"turns":7},{"damage":2,"enemies":"Cultist and Chosen","floor":28,"turns":4},{"damage":8,"enemies":"Book of Stabbing","floor":29,"turns":5},{"damage":0,"enemies":"Shelled Parasite and Fungi","floor":31,"turns":2},{"damage":40,"enemies":"Champ","floor":33,"turns":11},{"damage":0,"enemies":"3 Darklings","floor":35,"turns":3},{"damage":11,"enemies":"Mind Bloom Boss Battle","floor":37,"turns":7},{"damage":0,"enemies":"Orb Walker","floor":39,"turns":4},{"damage":10,"enemies":"Nemesis","floor":40,"turns":7},{"damage":51,"enemies":"Reptomancer","floor":42,"turns":7},{"damage":0,"enemies":"3 Darklings","floor":45,"turns":2},{"damage":12,"enemies":"Spire Growth","floor":47,"turns":4},{"damage":0,"enemies":"Jaw Worm Horde","floor":48,"turns":2},{"damage":51,"enemies":"Time Eater","floor":50,"turns":12}],"seed_played":"-1928261668271720231","potions_obtained":[{"floor":0,"key":"Fruit Juice"},{"floor":0,"key":"Fire Potion"},{"floor":0,"key":"EntropicBrew"},{"floor":4,"key":"Block Potion"},{"floor":5,"key":"Strength Potion"},{"floor":14,"key":"Fire Potion"},{"floor":14,"key":"Regen Potion"},{"floor":16,"key":"Block Potion"},{"floor":28,"key":"Explosive Potion"},{"floor":29,"key":"Strength Potion"},{"floor":33,"key":"Regen Potion"},{"floor":40,"key":"Regen Potion"},{"floor":42,"key":"LiquidBronze"},{"floor":48,"key":"Energy Potion"}],"is_trial":false,"path_per_floor":["M","M","M","M","M","E","R","E","T","?","M","?","R","?","R","B",null,"M","M","?","?","$","R","M","?","T","R","M","E","$","M","R","B",null,"M","?","?","?","M","E","?","E","T","$","M","R","M","M","R","B"],"character_chosen":"THE_SILENT","items_purchased":["Bullet Time","Anchor","GhostInAJar","Regal Pillow"],"campfire_rested":5,"item_purchase_floors":[22,22,30,44],"current_hp_per_floor":[63,60,53,49,49,32,32,27,27,12,10,10,31,31,31,46,65,62,17,17,17,17,38,34,34,34,55,53,45,45,45,66,26,60,60,60,49,49,49,54,54,25,25,25,25,63,51,51,51,0],"gold":54,"neow_bonus":"THREE_SMALL_POTIONS","is_prod":false,"is_daily":false,"chose_seed":false,"campfire_upgraded":2,"win_rate":0,"timestamp":1557152163,"path_taken":["M","?","?","M","M","E","R","E","T","?","M","?","R","?","R","BOSS","M","M","?","?","$","R","?","?","T","R","M","E","?","M","R","BOSS","M","?","?","?","M","E","?","E","T","?","M","R","M","M","R","BOSS"],"build_version":"2019-01-23","purchased_purges":2,"victory":false,"max_hp_per_floor":[71,71,71,71,71,71,71,71,71,71,71,71,71,71,71,71,71,71,71,71,71,71,71,71,71,71,71,71,71,71,71,71,71,71,71,71,71,71,71,71,71,78,78,78,78,78,78,78,78,78],"card_choices":[{"not_picked":["Choke","Flying Knee"],"picked":"Bouncing Flask","floor":1},{"not_picked":["Concentrate","Riddle With Holes"],"picked":"Dagger Throw","floor":2},{"not_picked":["Flying Knee","Bouncing Flask"],"picked":"Backstab","floor":3},{"not_picked":["Deflect","PiercingWail"],"picked":"Dagger Spray","floor":4},{"not_picked":["Bane","Blade Dance"],"picked":"Adrenaline","floor":5},{"not_picked":["Underhanded Strike","Acrobatics","Unload"],"picked":"SKIP","floor":6},{"not_picked":["Crippling Poison","PiercingWail"],"picked":"Dash","floor":8},{"not_picked":["Dagger Throw","Infinite Blades","Reflex"],"picked":"SKIP","floor":11},{"not_picked":["Glass Knife","Grand Finale"],"picked":"Venomology","floor":16},{"not_picked":["Calculated Gamble","Terror","Heel Hook"],"picked":"SKIP","floor":18},{"not_picked":["Acrobatics","Tactician"],"picked":"Backflip","floor":19},{"not_picked":["Sucker Punch","Distraction"],"picked":"PiercingWail","floor":24},{"not_picked":["Slice","Dodge and Roll","Dagger Spray"],"picked":"SKIP","floor":28},{"not_picked":["Poisoned Stab","Prepared"],"picked":"Predator","floor":29},{"not_picked":["Deadly Poison","Underhanded Strike","Outmaneuver"],"picked":"SKIP","floor":31},{"not_picked":["Glass Knife","Storm of Steel"],"picked":"Burst","floor":33},{"not_picked":["Deadly Poison","Skewer","Flying Knee"],"picked":"SKIP","floor":35},{"not_picked":["Calculated Gamble","Sucker Punch"],"picked":"Leg Sweep","floor":37},{"not_picked":["Infinite Blades+1","Blur"],"picked":"Deadly Poison+1","floor":39},{"not_picked":["Flying Knee","Acrobatics","Dagger Throw+1"],"picked":"SKIP","floor":39},{"not_picked":["Flying Knee","Acrobatics","Dagger Throw+1"],"picked":"SKIP","floor":39},{"not_picked":["Caltrops+1","Underhanded Strike"],"picked":"Dagger Spray+1","floor":40},{"not_picked":["Infinite Blades","Dodge and Roll"],"picked":"Crippling Poison","floor":42},{"not_picked":["Eviscerate","Heel Hook"],"picked":"Leg Sweep+1","floor":45},{"not_picked":["Dodge and Roll","Prepared","Escape Plan"],"picked":"SKIP","floor":45},{"not_picked":["Reflex","Flechettes","Doppelganger"],"picked":"SKIP","floor":47},{"not_picked":["Blade Dance","Infinite Blades","Slice"],"picked":"SKIP","floor":47},{"not_picked":["Dagger Throw","Flechettes","Slice+1"],"picked":"SKIP","floor":48},{"not_picked":["Escape Plan","Cloak And Dagger","Bane"],"picked":"SKIP","floor":48}],"player_experience":1252880,"relics_obtained":[{"floor":6,"key":"StoneCalendar"},{"floor":8,"key":"Vajra"},{"floor":9,"key":"Pen Nib"},{"floor":10,"key":"Odd Mushroom"},{"floor":26,"key":"Gambling Chip"},{"floor":37,"key":"Prayer Wheel"},{"floor":40,"key":"Snake Skull"},{"floor":42,"key":"Strawberry"}],"event_choices":[{"damage_healed":0,"gold_gain":0,"player_choice":"Fought Mushrooms","damage_taken":0,"max_hp_gain":0,"max_hp_loss":0,"event_name":"Mushrooms","floor":10,"gold_loss":0},{"damage_healed":0,"gold_gain":0,"player_choice":"Ignored","damage_taken":0,"max_hp_gain":0,"max_hp_loss":0,"event_name":"Shining Light","floor":12,"gold_loss":0},{"damage_healed":0,"gold_gain":0,"player_choice":"Got Potions","damage_taken":0,"max_hp_gain":0,"max_hp_loss":0,"event_name":"Lab","floor":14,"gold_loss":0},{"damage_healed":0,"gold_gain":0,"player_choice":"Ignored","damage_taken":0,"max_hp_gain":0,"max_hp_loss":0,"event_name":"Ghosts","floor":20,"gold_loss":0},{"damage_healed":0,"gold_gain":0,"player_choice":"Upgraded","damage_taken":0,"max_hp_gain":0,"max_hp_loss":0,"event_name":"Upgrade Shrine","floor":21,"gold_loss":0,"cards_upgraded":["Adrenaline"]},{"damage_healed":0,"gold_gain":0,"player_choice":"Forge","damage_taken":0,"max_hp_gain":0,"max_hp_loss":0,"event_name":"Accursed Blacksmith","floor":25,"gold_loss":0,"cards_upgraded":["Dash"]},{"cards_removed":["Backstab"],"damage_healed":0,"gold_gain":0,"player_choice":"Removed Attack","damage_taken":0,"max_hp_gain":0,"max_hp_loss":0,"event_name":"Falling","floor":36,"gold_loss":0},{"damage_healed":0,"gold_gain":0,"player_choice":"Fight","damage_taken":0,"max_hp_gain":0,"max_hp_loss":0,"event_name":"MindBloom","floor":37,"gold_loss":0},{"damage_healed":0,"gold_gain":0,"player_choice":"Ignored","damage_taken":0,"max_hp_gain":0,"max_hp_loss":0,"event_name":"Tomb of Lord Red Mask","floor":38,"gold_loss":0},{"damage_healed":0,"gold_gain":0,"player_choice":"Ignored","damage_taken":0,"max_hp_gain":0,"max_hp_loss":0,"event_name":"Mysterious Sphere","floor":41,"gold_loss":0}],"is_beta":false,"boss_relics":[{"not_picked":["Lizard Tail","Runic Dome"],"picked":"Snecko Eye"},{"not_picked":["Runic Pyramid","Astrolabe"],"picked":"Fusion Hammer"}],"items_purged_floors":[22,44],"is_endless":false,"potions_floor_spawned":[1,4,5,16,24,28,29,31,33,35,37,40,42,48],"killed_by":"Time Eater","ascension_level":20}