{"path_per_floor":["M","M","M","?","M","R","E","M","T","?","M","R","E","?","R","B",null,"M","$","?","M","M","R","M","R","T","M","M","M","$","?","R"],"character_chosen":"DEFECT","items_purchased":["Bottled Tornado","Streamline","Toolbox"],"gold_per_floor":[111,130,148,98,113,113,144,160,213,388,403,403,430,430,430,528,528,546,176,176,190,200,200,213,213,213,225,239,255,2,2,2,2],"floor_reached":33,"campfire_rested":2,"playtime":2492,"item_purchase_floors":[19,19,30],"current_hp_per_floor":[73,73,73,73,73,73,41,21,21,21,19,19,1,1,23,24,75,58,58,58,55,39,39,39,39,39,33,19,7,7,7,29,0],"items_purged":["Strike_B"],"gold":2,"score":261,"play_id":"3007a1ea-d913-49ef-ab02-242cfd68b1fc","local_time":"20180608233941","is_prod":false,"is_daily":false,"chose_seed":false,"is_ascension_mode":false,"campfire_upgraded":4,"win_rate":0.0,"timestamp":1528519181,"campfire_choices":[{"data":"Sweeping Beam","floor":6,"key":"SMITH"},{"data":"Tempest","floor":12,"key":"SMITH"},{"floor":15,"key":"REST"},{"data":"Biased Cognition","floor":23,"key":"SMITH"},{"data":"Biased Cognition","floor":25,"key":"SMITH"},{"floor":32,"key":"REST"}],"path_taken":["M","M","M","?","M","R","E","M","T","?","?","R","E","?","R","BOSS","M","$","?","?","M","R","M","R","T","?","M","M","$","?","R","BOSS"],"build_version":"2018-06-07v3","seed_source_timestamp":180685215925278,"purchased_purges":1,"victory":false,"master_deck":["Strike_B+1","Strike_B+1","Defend_B","Defend_B","Defend_B","Defend_B","Zap","Dualcast","Redo","Chill","Tempest+1","Sweeping Beam+1","Steam","Auto Shields","Ball Lightning","Multi-Cast","Biased Cognition+1","Barrage","Streamline","Capacitor","Biased Cognition+1","Steam+1","Melter","Beam Cell+1","Barrage+1"],"max_hp_per_floor":[75,75,75,75,75,75,75,75,75,75,75,75,75,75,75,75,75,75,75,75,75,75,75,75,75,75,75,75,75,75,75,75,75],"relics":["Cracked Core","Omamori","Whetstone","Pantograph","Philosopher\u0027s Stone","Bottled Tornado","Letter Opener","Toolbox"],"card_choices":[{"not_picked":["Chaos","Hologram"],"picked":"Redo","floor":1},{"not_picked":["Static Discharge","Leap"],"picked":"Chill","floor":2},{"not_picked":["Heatsinks","Consume"],"picked":"Tempest","floor":3},{"not_picked":["BootSequence","Leap"],"picked":"Sweeping Beam","floor":5},{"not_picked":["Heatsinks","Genetic Algorithm"],"picked":"Steam","floor":7},{"not_picked":["Fusion","Steam Power"],"picked":"Auto Shields","floor":8},{"not_picked":["Leap","Redo"],"picked":"Ball Lightning","floor":11},{"not_picked":["Scrape","Beam Cell"],"picked":"Multi-Cast","floor":13},{"not_picked":["Reboot","Multi-Cast"],"picked":"Biased Cognition","floor":16},{"not_picked":["Coolheaded+1","Scrape"],"picked":"Barrage","floor":18},{"not_picked":["Barrage","Streamline","Blizzard+1"],"picked":"SKIP","floor":21},{"not_picked":["Coolheaded","Conserve Battery+1"],"picked":"Biased Cognition","floor":22},{"not_picked":["Sweeping Beam","Cold Snap+1"],"picked":"Steam+1","floor":24},{"not_picked":["Fusion","Sweeping Beam"],"picked":"Melter","floor":27},{"not_picked":["Reprogram","Glacier+1"],"picked":"Beam Cell+1","floor":28},{"not_picked":["White Noise","Hologram+1"],"picked":"Barrage+1","floor":29}],"player_experience":90992,"potions_floor_usage":[13,21,24,33,33],"damage_taken":[{"damage":2,"enemies":"Jaw Worm","floor":1,"turns":4},{"damage":0,"enemies":"Small Slimes","floor":2,"turns":2},{"damage":0,"enemies":"Cultist","floor":3,"turns":3},{"damage":0,"enemies":"Large Slime","floor":5,"turns":4},{"damage":32,"enemies":"Lagavulin","floor":7,"turns":8},{"damage":20,"enemies":"3 Louse","floor":8,"turns":3},{"damage":2,"enemies":"Blue Slaver","floor":11,"turns":3},{"damage":18,"enemies":"Gremlin Nob","floor":13,"turns":3},{"damage":24,"enemies":"Slime Boss","floor":16,"turns":8},{"damage":17,"enemies":"Shell Parasite","floor":18,"turns":5},{"damage":12,"enemies":"2 Thieves","floor":21,"turns":3},{"damage":16,"enemies":"3 Cultists","floor":22,"turns":4},{"damage":0,"enemies":"Snecko","floor":24,"turns":3},{"damage":6,"enemies":"Cultist and Chosen","floor":27,"turns":3},{"damage":14,"enemies":"Chosen and Byrds","floor":28,"turns":3},{"damage":19,"enemies":"Snake Plant","floor":29,"turns":3},{"damage":74,"enemies":"Automaton","floor":33,"turns":6}],"relics_obtained":[{"floor":7,"key":"Omamori"},{"floor":9,"key":"Whetstone"},{"floor":13,"key":"Pantograph"},{"floor":26,"key":"Letter Opener"}],"event_choices":[{"event_name":"The Cleric","player_choice":"Card Removal","floor":4,"damage_taken":0},{"event_name":"Liars Game","player_choice":"agreed","floor":10,"damage_taken":0},{"event_name":"Scrap Ooze","player_choice":"unsuccessful","floor":14,"damage_taken":0},{"event_name":"The Library","player_choice":"Read","floor":20,"damage_taken":0},{"event_name":"Beggar","player_choice":"Ignored","floor":31,"damage_taken":0}],"boss_relics":[{"not_picked":["Orrery","White Beast Statue"],"picked":"Philosopher\u0027s Stone"}],"items_purged_floors":[19],"potions_floor_spawned":[1,5,11,13,16,18,24,27,28],"seed_played":"-7972942743413624386","killed_by":"Automaton","ascension_level":0,"potions_obtained":[{"floor":1,"key":"SpeedPotion"},{"floor":5,"key":"GamblersBrew"},{"floor":11,"key":"Strength Potion"},{"floor":13,"key":"Dexterity Potion"},{"floor":16,"key":"Regen Potion"},{"floor":18,"key":"FearPotion"},{"floor":24,"key":"Weak Potion"},{"floor":27,"key":"SmokeBomb"},{"floor":28,"key":"FairyPotion"}],"is_trial":false}