{"gold_per_floor":[117,117,117,130,1,1,326,326,351,368,384,384,384,416,416,517,517,537,554,68,82,95,95,124,138,164,191,208,223,233,233],"floor_reached":31,"playtime":3537,"items_purged":["Strike_B","Strike_B"],"score":382,"play_id":"fe3f9bed-ebf7-4b6f-bb6b-a08f875b0594","local_time":"20181002124909","is_ascension_mode":true,"campfire_choices":[{"data":"Sweeping Beam","floor":6,"key":"SMITH"},{"data":"Glacier","floor":8,"key":"SMITH"},{"data":"Glacier","floor":12,"key":"SMITH"},{"data":"Barrage","floor":15,"key":"SMITH"},{"floor":23,"key":"REST"}],"neow_cost":"NONE","seed_source_timestamp":231495525251375,"circlet_count":0,"master_deck":["Strike_B","Strike_B","Defend_B","Defend_B","Defend_B","Defend_B+1","Zap+1","Dualcast","Glacier+1","Sweeping Beam+1","Ball Lightning","Blizzard+1","Cold Snap","Glacier+1","Barrage+1","White Noise+1","Sweeping Beam","Melter","Go for the Eyes","Turbo","Barrage","Static Discharge","Tempest+1","Auto Shields","Leap","Stack"],"relics":["Cracked Core","NeowsBlessing","Old Coin","Omamori","Boot","Inserter","Toy Ornithopter","Question Card","Ancient Tea Set","Orichalcum"],"potions_floor_usage":[16,27,27,27,29,29,31],"damage_taken":[{"damage":0,"enemies":"Small Slimes","floor":1,"turns":1},{"damage":0,"enemies":"Jaw Worm","floor":4,"turns":1},{"damage":0,"enemies":"Lagavulin","floor":7,"turns":1},{"damage":0,"enemies":"2 Louse","floor":10,"turns":2},{"damage":0,"enemies":"Looter","floor":11,"turns":2},{"damage":14,"enemies":"Gremlin Nob","floor":14,"turns":4},{"damage":0,"enemies":"Slime Boss","floor":16,"turns":6},{"damage":0,"enemies":"3 Byrds","floor":18,"turns":4},{"damage":11,"enemies":"2 Thieves","floor":19,"turns":5},{"damage":11,"enemies":"Snecko","floor":21,"turns":5},{"damage":24,"enemies":"Centurion and Healer","floor":22,"turns":6},{"damage":26,"enemies":"Book of Stabbing","floor":24,"turns":6},{"damage":16,"enemies":"Snake Plant","floor":25,"turns":4},{"damage":10,"enemies":"Slavers","floor":27,"turns":5},{"damage":6,"enemies":"3 Cultists","floor":28,"turns":3},{"damage":8,"enemies":"Snecko","floor":29,"turns":4},{"damage":8,"enemies":"Chosen and Byrds","floor":30,"turns":7},{"damage":9,"enemies":"Snake Plant","floor":31,"turns":1}],"seed_played":"-1029217209144625083","potions_obtained":[{"floor":1,"key":"AttackPotion"},{"floor":4,"key":"Swift Potion"},{"floor":10,"key":"Dexterity Potion"},{"floor":16,"key":"Dexterity Potion"},{"floor":24,"key":"Fire Potion"},{"floor":27,"key":"EssenceOfSteel"},{"floor":28,"key":"Strength Potion"},{"floor":30,"key":"Weak Potion"}],"is_trial":false,"path_per_floor":["M","?","?","M","$","R","E","R","T","M","M","R","?","E","R","B",null,"M","M","$","M","M","R","E","M","T","E","M","M","M"],"character_chosen":"DEFECT","items_purchased":["Ball Lightning","Toy Ornithopter","Melter","Go for the Eyes","Turbo"],"campfire_rested":1,"item_purchase_floors":[5,20,20,20,20],"current_hp_per_floor":[75,60,60,60,60,60,60,60,60,60,60,60,60,46,46,46,75,75,64,64,53,29,51,25,9,9,14,8,10,2,0],"gold":233,"neow_bonus":"THREE_ENEMY_KILL","is_prod":false,"is_daily":false,"chose_seed":false,"campfire_upgraded":4,"win_rate":0,"timestamp":1538477349,"path_taken":["M","?","?","M","?","R","E","R","T","?","M","R","?","E","R","BOSS","M","M","$","?","M","R","E","M","T","E","M","?","M","?"],"build_version":"2018-09-27","purchased_purges":2,"victory":false,"max_hp_per_floor":[75,75,75,75,75,75,75,75,75,75,75,75,75,75,75,75,75,75,75,75,75,75,75,75,75,75,75,75,75,75,75],"card_choices":[{"not_picked":["Recycle","Redo"],"picked":"Glacier","floor":1},{"not_picked":["Sunder","Barrage"],"picked":"Sweeping Beam","floor":4},{"not_picked":["Rip and Tear","Genetic Algorithm"],"picked":"Blizzard","floor":7},{"not_picked":["Coolheaded","Heatsinks"],"picked":"Cold Snap","floor":10},{"not_picked":["Reprogram","Rebound"],"picked":"Glacier","floor":11},{"not_picked":["Rebound","Stack"],"picked":"Barrage","floor":14},{"not_picked":["Skim","Barrage"],"picked":"White Noise+1","floor":18},{"not_picked":["Undo","Compile Driver+1"],"picked":"Sweeping Beam","floor":19},{"not_picked":["Melter+1","Sweeping Beam"],"picked":"Barrage","floor":21},{"not_picked":["Compile Driver","Core Surge","Steam Power+1"],"picked":"SKIP","floor":22},{"not_picked":["Hologram+1","Recycle"],"picked":"Static Discharge","floor":24},{"not_picked":["Redo","Darkness","Melter","Lockon"],"picked":"SKIP","floor":25},{"not_picked":["Coolheaded","Storm","Echo Form"],"picked":"Tempest+1","floor":27},{"not_picked":["Gash","Hologram","Cold Snap"],"picked":"Auto Shields","floor":28},{"not_picked":["Compile Driver+1","Hologram+1","Turbo+1"],"picked":"Leap","floor":29},{"not_picked":["Darkness+1","Scrape","Machine Learning"],"picked":"Stack","floor":30}],"player_experience":102100,"relics_obtained":[{"floor":7,"key":"Old Coin"},{"floor":9,"key":"Omamori"},{"floor":14,"key":"Boot"},{"floor":24,"key":"Question Card"},{"floor":26,"key":"Ancient Tea Set"},{"floor":27,"key":"Orichalcum"}],"event_choices":[{"event_name":"Shining Light","player_choice":"Entered Light","floor":2,"damage_taken":0},{"event_name":"Liars Game","player_choice":"disagreed","floor":3,"damage_taken":0},{"event_name":"Upgrade Shrine","player_choice":"Upgraded","floor":13,"damage_taken":0}],"is_beta":false,"boss_relics":[{"not_picked":["Tiny House","Fusion Hammer"],"picked":"Inserter"}],"items_purged_floors":[5,20],"is_endless":false,"potions_floor_spawned":[1,4,10,16,24,25,27,28,30],"killed_by":"Snake Plant","ascension_level":1}