{"gold_per_floor":[113,113,213,232,244,275,275,302,302,31,45,55,55,66,66,166,166,182,182,201,201],"floor_reached":21,"playtime":997,"items_purged":["Strike_B"],"score":306,"play_id":"b7ef48a4-c514-4d62-a01b-6cc8a4dbfb5a","local_time":"20190412133611","is_ascension_mode":true,"campfire_choices":[{"floor":7,"key":"REST"},{"floor":13,"key":"REST"},{"data":"Coolheaded","floor":15,"key":"SMITH"}],"neow_cost":"PERCENT_DAMAGE","seed_source_timestamp":168871372979200,"circlet_count":0,"master_deck":["AscendersBane","Strike_B+1","Strike_B+1","Defend_B","Defend_B","Defend_B","Zap","Dualcast","Seek","Streamline","Go for the Eyes","Electrodynamics","Gash","Ball Lightning","Coolheaded+1","Machine Learning","Leap","Self Repair"],"relics":["Cracked Core","Whetstone","Ornamental Fan","PreservedInsect","Philosopher\u0027s Stone","GremlinMask"],"potions_floor_usage":[6,6,12,16],"damage_taken":[{"damage":4,"enemies":"Jaw Worm","floor":1,"turns":4},{"damage":0,"enemies":"Small Slimes","floor":4,"turns":3},{"damage":1,"enemies":"Cultist","floor":5,"turns":3},{"damage":38,"enemies":"Gremlin Nob","floor":6,"turns":5},{"damage":22,"enemies":"Lagavulin","floor":8,"turns":6},{"damage":9,"enemies":"Looter","floor":11,"turns":3},{"damage":10,"enemies":"Red Slaver","floor":12,"turns":3},{"damage":1,"enemies":"2 Fungi Beasts","floor":14,"turns":2},{"damage":16,"enemies":"The Guardian","floor":16,"turns":10},{"damage":20,"enemies":"Shell Parasite","floor":18,"turns":5},{"damage":14,"enemies":"2 Thieves","floor":20,"turns":4},{"damage":36,"enemies":"Snake Plant","floor":21,"turns":4}],"seed_played":"-2788019061122454387","potions_obtained":[{"floor":4,"key":"Regen Potion"},{"floor":5,"key":"Explosive Potion"},{"floor":6,"key":"Fruit Juice"},{"floor":8,"key":"Weak Potion"},{"floor":14,"key":"Dexterity Potion"},{"floor":20,"key":"PowerPotion"}],"is_trial":false,"path_per_floor":["M","?","?","M","M","E","R","E","T","$","M","M","R","M","R","B",null,"M","?","M","M"],"character_chosen":"DEFECT","items_purchased":["Gash","PreservedInsect"],"campfire_rested":2,"item_purchase_floors":[10,10],"current_hp_per_floor":[46,39,39,39,38,19,43,21,21,21,12,2,26,25,25,9,62,42,42,28,0],"gold":201,"neow_bonus":"TRANSFORM_TWO_CARDS","is_prod":false,"is_daily":false,"chose_seed":false,"campfire_upgraded":1,"win_rate":0,"timestamp":1555068971,"path_taken":["M","?","?","M","M","E","R","E","T","$","?","M","R","M","R","BOSS","M","?","?","M"],"build_version":"2019-01-23","purchased_purges":1,"victory":false,"max_hp_per_floor":[75,75,75,75,75,80,80,80,80,80,80,80,80,80,80,80,80,80,80,80,80],"card_choices":[{"not_picked":["Rebound","Stack","Reprogram"],"picked":"SKIP","floor":1},{"not_picked":["Force Field","Redo"],"picked":"Streamline","floor":4},{"not_picked":["Leap","Stack"],"picked":"Go for the Eyes","floor":5},{"not_picked":["Coolheaded","Multi-Cast"],"picked":"Electrodynamics","floor":6},{"not_picked":["Turbo","Leap","Compile Driver"],"picked":"SKIP","floor":8},{"not_picked":["Turbo","Steam Power","Loop"],"picked":"SKIP","floor":11},{"not_picked":["Thunder Strike","Static Discharge"],"picked":"Ball Lightning","floor":12},{"not_picked":["BootSequence","Redo"],"picked":"Coolheaded","floor":14},{"not_picked":["Core Surge","Multi-Cast"],"picked":"Machine Learning","floor":16},{"not_picked":["Undo","Self Repair"],"picked":"Leap","floor":18},{"not_picked":["Streamline","Leap"],"picked":"Self Repair","floor":20}],"player_experience":567658,"relics_obtained":[{"floor":6,"key":"Whetstone"},{"floor":8,"key":"Ornamental Fan"}],"event_choices":[{"cards_removed":["Aggregate"],"damage_healed":0,"gold_gain":0,"player_choice":"Card Removal","damage_taken":7,"max_hp_gain":0,"max_hp_loss":0,"event_name":"Golden Wing","floor":2,"gold_loss":0},{"damage_healed":0,"gold_gain":100,"player_choice":"Pray","damage_taken":0,"max_hp_gain":0,"max_hp_loss":0,"event_name":"Golden Shrine","floor":3,"gold_loss":0},{"damage_healed":0,"gold_gain":0,"player_choice":"Trade","damage_taken":0,"relics_obtained":["GremlinMask"],"max_hp_gain":0,"max_hp_loss":0,"event_name":"FaceTrader","floor":19,"gold_loss":0}],"is_beta":false,"boss_relics":[{"not_picked":["Runic Pyramid","Snecko Eye"],"picked":"Philosopher\u0027s Stone"}],"items_purged_floors":[10],"is_endless":false,"potions_floor_spawned":[4,5,6,8,14,20],"killed_by":"Snake Plant","ascension_level":12}