{"gold_per_floor":[114,36,50,69,69,97,116,149,149,165,90,90,108,137,137,236,236,251,8,21,221,239,239,164,164,218,237,263,292,292,325,325,420,420,437,437,537,556,153,179,179,194,242,254,81,98,116,134,134,134,134,134,53,88,88],"floor_reached":56,"playtime":5043,"items_purged":["Strike_G","Strike_G"],"score":1422,"play_id":"c58820ed-3e81-4e0e-bce1-b57c5354b62e","local_time":"20190302142520","is_ascension_mode":true,"campfire_choices":[{"floor":15,"key":"REST"},{"data":"Footwork","floor":23,"key":"SMITH"},{"data":"Cloak And Dagger","floor":25,"key":"SMITH"},{"data":"Caltrops","floor":32,"key":"SMITH"},{"data":"Caltrops","floor":41,"key":"SMITH"},{"floor":49,"key":"RECALL"},{"data":"Footwork","floor":52,"key":"SMITH"}],"neow_cost":"NONE","seed_source_timestamp":1266730778010633,"circlet_count":0,"master_deck":["Defend_G","Defend_G","Defend_G","Defend_G","Defend_G","Strike_G","Strike_G","Survivor","Neutralize+1","Sucker Punch","Leg Sweep","Outmaneuver","Dagger Spray","Caltrops+1","Glass Knife","Footwork+1","Flying Knee","Blur","Caltrops+1","Die Die Die","Cloak And Dagger+1","Slice","Crippling Poison","Acrobatics","Backflip","Backstab","Blur","Backflip+1","Crippling Poison","Accuracy","After Image","Noxious Fumes+1","Blur","Noxious Fumes","Panache","Caltrops+1","Footwork+1","Blur","Cloak And Dagger","Infinite Blades"],"relics":["Ring of the Snake","Torii","Shuriken","Bottled Lightning","Mummified Hand","Orrery","Gremlin Horn","Red Mask","Sundial","Paper Crane","Busted Crown","StoneCalendar","Oddly Smooth Stone","FossilizedHelix","Juzu Bracelet","Orichalcum"],"potions_floor_usage":[8,13,14,20,22,28,40,42,55,55],"damage_taken":[{"damage":1,"enemies":"Jaw Worm","floor":1,"turns":6},{"damage":0,"enemies":"Cultist","floor":3,"turns":4},{"damage":7,"enemies":"2 Louse","floor":4,"turns":3},{"damage":40,"enemies":"3 Sentries","floor":6,"turns":12},{"damage":1,"enemies":"Large Slime","floor":7,"turns":8},{"damage":2,"enemies":"Lagavulin","floor":8,"turns":7},{"damage":3,"enemies":"Lots of Slimes","floor":10,"turns":3},{"damage":3,"enemies":"Exordium Thugs","floor":13,"turns":5},{"damage":16,"enemies":"Gremlin Nob","floor":14,"turns":6},{"damage":3,"enemies":"Hexaghost","floor":16,"turns":9},{"damage":0,"enemies":"3 Byrds","floor":18,"turns":4},{"damage":9,"enemies":"2 Thieves","floor":20,"turns":3},{"damage":19,"enemies":"Centurion and Healer","floor":22,"turns":8},{"damage":1,"enemies":"Snake Plant","floor":27,"turns":5},{"damage":11,"enemies":"Masked Bandits","floor":28,"turns":4},{"damage":4,"enemies":"Book of Stabbing","floor":29,"turns":5},{"damage":1,"enemies":"Gremlin Leader","floor":31,"turns":7},{"damage":18,"enemies":"Automaton","floor":33,"turns":16},{"damage":7,"enemies":"3 Shapes","floor":35,"turns":4},{"damage":3,"enemies":"Mind Bloom Boss Battle","floor":37,"turns":9},{"damage":0,"enemies":"3 Darklings","floor":38,"turns":5},{"damage":23,"enemies":"Giant Head","floor":40,"turns":10},{"damage":0,"enemies":"Jaw Worm Horde","floor":42,"turns":4},{"damage":0,"enemies":"Transient","floor":44,"turns":5},{"damage":0,"enemies":"Maw","floor":46,"turns":7},{"damage":0,"enemies":"3 Darklings","floor":47,"turns":4},{"damage":0,"enemies":"4 Shapes","floor":48,"turns":4},{"damage":22,"enemies":"Awakened One","floor":50,"turns":13},{"damage":15,"enemies":"Shield and Spear","floor":54,"turns":6},{"damage":33,"enemies":"The Heart","floor":55,"turns":10}],"seed_played":"6203853295325637806","potions_obtained":[{"floor":4,"key":"Ancient Potion"},{"floor":7,"key":"Poison Potion"},{"floor":10,"key":"Block Potion"},{"floor":14,"key":"AttackPotion"},{"floor":18,"key":"Fire Potion"},{"floor":27,"key":"SpeedPotion"},{"floor":28,"key":"LiquidBronze"},{"floor":33,"key":"SpeedPotion"},{"floor":37,"key":"Fire Potion"},{"floor":40,"key":"SteroidPotion"},{"floor":44,"key":"GamblersBrew"}],"is_trial":false,"path_per_floor":["M","$","M","M","?","E","M","E","T","M","$","?","M","E","R","B",null,"M","$","M","?","M","R","?","R","T","M","?","E","?","E","R","B",null,"M","?","?","M","$","E","R","M","T","M","$","M","M","M","R","B",null,"R","$","E","B",null],"character_chosen":"THE_SILENT","items_purchased":["Leg Sweep","Gremlin Horn","Oddly Smooth Stone","Noxious Fumes","Panache","Footwork","Infinite Blades"],"campfire_rested":1,"item_purchase_floors":[2,19,39,39,39,45,53],"current_hp_per_floor":[76,76,76,69,69,29,28,26,26,23,23,23,20,4,27,24,77,77,77,68,68,49,49,49,49,49,48,37,33,58,57,57,39,77,70,70,67,67,67,44,44,44,44,44,44,44,44,44,44,22,73,73,73,58,25],"gold":88,"neow_bonus":"TEN_PERCENT_HP_BONUS","is_prod":false,"is_daily":false,"chose_seed":false,"campfire_upgraded":5,"win_rate":0,"timestamp":1551554720,"path_taken":["M","$","M","M","?","E","M","E","T","M","?","?","M","E","R","BOSS","M","$","M","?","?","R","?","R","T","M","?","E","?","E","R","BOSS","M","?","?","M","$","E","R","M","T","M","$","M","M","M","R","BOSS","R","$","E","BOSS"],"build_version":"2019-01-23","purchased_purges":2,"victory":true,"max_hp_per_floor":[77,77,77,77,77,77,77,77,77,77,77,77,77,77,77,77,77,77,77,77,77,77,77,77,77,77,77,77,77,77,77,77,77,77,77,73,73,73,73,73,73,73,73,73,73,73,73,73,73,73,73,73,73,73,73],"card_choices":[{"not_picked":["Prepared","Cloak And Dagger"],"picked":"Sucker Punch","floor":1},{"not_picked":["Acrobatics","Flechettes"],"picked":"Outmaneuver","floor":3},{"not_picked":["Acrobatics","Sucker Punch"],"picked":"Dagger Spray","floor":4},{"not_picked":["Sucker Punch","PiercingWail"],"picked":"Caltrops","floor":6},{"not_picked":["Sucker Punch","Deflect"],"picked":"Glass Knife","floor":7},{"not_picked":["Poisoned Stab","Escape Plan"],"picked":"Footwork","floor":8},{"not_picked":["Blade Dance","Dagger Throw"],"picked":"Flying Knee","floor":10},{"not_picked":["Deadly Poison","Dagger Throw"],"picked":"Blur","floor":13},{"not_picked":["Cloak And Dagger","Noxious Fumes"],"picked":"Caltrops","floor":14},{"not_picked":["Storm of Steel","Malaise"],"picked":"Die Die Die","floor":16},{"not_picked":["Slice","Setup"],"picked":"Cloak And Dagger","floor":17},{"not_picked":["Deadly Poison","Dagger Throw"],"picked":"Slice","floor":17},{"not_picked":["Predator","Heel Hook"],"picked":"Crippling Poison","floor":17},{"not_picked":["Underhanded Strike","Endless Agony"],"picked":"Acrobatics","floor":17},{"not_picked":["Flying Knee","Distraction"],"picked":"Backflip","floor":17},{"not_picked":["Flying Knee","Bouncing Flask"],"picked":"Backstab","floor":18},{"not_picked":["Underhanded Strike","Acrobatics"],"picked":"Blur","floor":20},{"not_picked":["Blur","Setup+1"],"picked":"Backflip+1","floor":22},{"not_picked":["Poisoned Stab+1","Deflect+1"],"picked":"Crippling Poison","floor":27},{"not_picked":["Tools of the Trade","Skewer+1"],"picked":"Accuracy","floor":28},{"not_picked":["Dagger Spray","All Out Attack+1","Grand Finale"],"picked":"SKIP","floor":29},{"not_picked":["Masterful Stab","Setup","Deflect"],"picked":"SKIP","floor":31},{"not_picked":["Wraith Form v2","Unload"],"picked":"After Image","floor":33},{"not_picked":[],"picked":"Noxious Fumes+1","floor":35},{"not_picked":[],"picked":"Blur","floor":37},{"not_picked":["Quick Slash"],"picked":"SKIP","floor":38},{"not_picked":["Terror"],"picked":"SKIP","floor":40},{"not_picked":["Bane+1"],"picked":"SKIP","floor":42},{"not_picked":[],"picked":"Caltrops+1","floor":44},{"not_picked":[],"picked":"Blur","floor":46},{"not_picked":["Deflect+1"],"picked":"SKIP","floor":47},{"not_picked":[],"picked":"Cloak And Dagger","floor":48},{"not_picked":["Reflex"],"picked":"SKIP","floor":54}],"player_experience":117688,"relics_obtained":[{"floor":6,"key":"Torii"},{"floor":8,"key":"Shuriken"},{"floor":9,"key":"Bottled Lightning"},{"floor":14,"key":"Mummified Hand"},{"floor":28,"key":"Red Mask"},{"floor":29,"key":"Sundial"},{"floor":31,"key":"Paper Crane"},{"floor":37,"key":"StoneCalendar"},{"floor":40,"key":"FossilizedHelix"},{"floor":43,"key":"Juzu Bracelet"},{"floor":54,"key":"Orichalcum"}],"event_choices":[{"damage_healed":0,"gold_gain":0,"player_choice":"Forge","damage_taken":0,"max_hp_gain":0,"max_hp_loss":0,"event_name":"Accursed Blacksmith","floor":5,"gold_loss":0,"cards_upgraded":["Neutralize"]},{"damage_healed":0,"gold_gain":0,"player_choice":"Fled","damage_taken":0,"max_hp_gain":0,"max_hp_loss":0,"event_name":"Scrap Ooze","floor":12,"gold_loss":0},{"damage_healed":0,"gold_gain":200,"player_choice":"Gold","damage_taken":0,"max_hp_gain":0,"max_hp_loss":0,"event_name":"Wheel of Change","floor":21,"gold_loss":0},{"cards_removed":["Strike_G"],"damage_healed":0,"gold_gain":0,"player_choice":"Gave Gold","damage_taken":0,"max_hp_gain":0,"max_hp_loss":0,"event_name":"Beggar","floor":24,"gold_loss":75},{"damage_healed":0,"gold_gain":0,"player_choice":"Fought Bandits","damage_taken":0,"max_hp_gain":0,"max_hp_loss":0,"event_name":"Masked Bandits","floor":28,"gold_loss":0},{"damage_healed":25,"gold_gain":0,"player_choice":"Heal","damage_taken":0,"max_hp_gain":0,"max_hp_loss":0,"event_name":"The Library","floor":30,"gold_loss":0},{"damage_healed":0,"gold_gain":0,"player_choice":"Max HP","damage_taken":0,"max_hp_gain":0,"max_hp_loss":4,"event_name":"Winding Halls","floor":36,"gold_loss":0},{"damage_healed":0,"gold_gain":0,"player_choice":"Fight","damage_taken":0,"max_hp_gain":0,"max_hp_loss":0,"event_name":"MindBloom","floor":37,"gold_loss":0}],"is_beta":false,"boss_relics":[{"not_picked":["Astrolabe","Calling Bell"],"picked":"Orrery"},{"not_picked":["Cursed Key","Runic Pyramid"],"picked":"Busted Crown"}],"items_purged_floors":[11,45],"is_endless":false,"potions_floor_spawned":[4,7,10,14,18,27,28,33,37,40,44],"ascension_level":4}