{"gold_per_floor":[117,128,128,22,22,48,60,133,171,183,206,253,278,27,27,104,104,115,115,115,115,125,159,159,159,159,186,186,200,200,43,43,121,121,131,146,146,146],"floor_reached":38,"playtime":1640,"items_purged":["Strike_G","Deadly Poison"],"score":856,"play_id":"6a68e8f1-0b10-4aca-b3a0-96c2b05da5a6","local_time":"20190511145522","is_ascension_mode":true,"campfire_choices":[{"floor":7,"key":"REST"},{"floor":10,"key":"REST"},{"floor":15,"key":"REST"},{"data":"Noxious Fumes","floor":28,"key":"SMITH"},{"floor":30,"key":"REST"},{"floor":32,"key":"REST"}],"neow_cost":"NONE","seed_source_timestamp":365972734526297,"circlet_count":0,"master_deck":["AscendersBane","Defend_G","Defend_G","Defend_G","Defend_G","Defend_G","Survivor","Neutralize+1","Backstab","Quick Slash","Poisoned Stab","Noxious Fumes+1","PiercingWail","Caltrops","Die Die Die","After Image+1","Die Die Die+1","Dagger Throw+1","Deflect","Escape Plan","Skewer+1","Blade Dance+1","Crippling Poison","Flash of Steel+1","A Thousand Cuts+1","Blur","Crippling Poison"],"relics":["Ring of the Snake","Smiling Mask","MawBank","Tiny Chest","Omamori","Art of War","Meat on the Bone","Astrolabe","MutagenicStrength","Bag of Marbles","Frozen Egg 2","Molten Egg 2","Shuriken","Dodecahedron","Snecko Eye","Paper Crane"],"potions_floor_usage":[16,22,27,33],"damage_taken":[{"damage":5,"enemies":"2 Louse","floor":1,"turns":4},{"damage":0,"enemies":"Small Slimes","floor":2,"turns":3},{"damage":27,"enemies":"Lagavulin","floor":6,"turns":8},{"damage":19,"enemies":"3 Sentries","floor":8,"turns":8},{"damage":0,"enemies":"Jaw Worm","floor":11,"turns":2},{"damage":19,"enemies":"Gremlin Nob","floor":12,"turns":4},{"damage":14,"enemies":"Red Slaver","floor":13,"turns":4},{"damage":11,"enemies":"Hexaghost","floor":16,"turns":9},{"damage":9,"enemies":"Spheric Guardian","floor":18,"turns":5},{"damage":16,"enemies":"Shell Parasite","floor":22,"turns":6},{"damage":26,"enemies":"Slavers","floor":23,"turns":5},{"damage":11,"enemies":"Book of Stabbing","floor":27,"turns":4},{"damage":0,"enemies":"3 Cultists","floor":29,"turns":3},{"damage":37,"enemies":"Champ","floor":33,"turns":10},{"damage":0,"enemies":"3 Shapes","floor":35,"turns":5},{"damage":22,"enemies":"3 Darklings","floor":36,"turns":3},{"damage":114,"enemies":"Transient","floor":38,"turns":5}],"seed_played":"3011165162818205351","potions_obtained":[{"floor":1,"key":"Weak Potion"},{"floor":13,"key":"EssenceOfSteel"},{"floor":18,"key":"FearPotion"},{"floor":29,"key":"EssenceOfSteel"}],"is_trial":false,"path_per_floor":["M","M","?","$","?","E","R","E","T","R","M","E","M","$","R","B",null,"M","?","?","?","M","E","T","T","T","E","R","M","R","$","R","B",null,"M","M","T","M"],"character_chosen":"THE_SILENT","items_purchased":["Poisoned Stab","Meat on the Bone","Flash of Steel+1"],"campfire_rested":5,"item_purchase_floors":[4,14,31],"current_hp_per_floor":[54,54,47,47,47,20,39,20,20,39,39,20,6,6,25,26,56,47,29,29,71,55,41,41,41,41,42,42,42,63,63,71,46,65,65,43,43,0],"gold":146,"neow_bonus":"RANDOM_COMMON_RELIC","is_prod":false,"is_daily":false,"chose_seed":false,"campfire_upgraded":1,"win_rate":0,"timestamp":1557611722,"path_taken":["M","M","?","$","?","E","R","E","T","R","M","E","?","?","R","BOSS","M","?","?","?","?","E","?","?","T","E","R","M","R","$","R","BOSS","M","M","?","?"],"build_version":"2019-05-07","purchased_purges":2,"victory":false,"max_hp_per_floor":[66,66,66,66,66,66,66,66,66,66,66,66,66,66,66,66,66,66,71,71,71,71,71,71,71,71,71,71,71,71,71,71,71,71,71,71,71,71],"card_choices":[{"not_picked":["Quick Slash","Distraction"],"picked":"Backstab","floor":1},{"not_picked":["Cloak And Dagger","Outmaneuver"],"picked":"Quick Slash","floor":2},{"not_picked":["Dagger Spray","Footwork"],"picked":"Noxious Fumes","floor":6},{"not_picked":["Eviscerate","Expertise"],"picked":"Endless Agony","floor":8},{"not_picked":["Flying Knee","Bane"],"picked":"Deadly Poison","floor":11},{"not_picked":["Expertise","Eviscerate"],"picked":"PiercingWail","floor":12},{"not_picked":["Concentrate","Outmaneuver"],"picked":"Caltrops","floor":13},{"not_picked":["Envenom","Storm of Steel"],"picked":"Die Die Die","floor":16},{"not_picked":["Reflex","Bane"],"picked":"Deflect","floor":18},{"not_picked":["Dodge and Roll","Cloak And Dagger"],"picked":"Escape Plan","floor":22},{"not_picked":["Dodge and Roll","Sucker Punch"],"picked":"Skewer+1","floor":23},{"not_picked":["Distraction","Riddle With Holes+1"],"picked":"Blade Dance+1","floor":27},{"not_picked":["Dagger Throw+1","Concentrate"],"picked":"Crippling Poison","floor":29},{"not_picked":["Storm of Steel","Burst"],"picked":"A Thousand Cuts+1","floor":33},{"not_picked":["Slice+1","Poisoned Stab+1"],"picked":"Blur","floor":35},{"not_picked":["PiercingWail","Quick Slash+1"],"picked":"Crippling Poison","floor":36}],"player_experience":6369666,"relics_obtained":[{"floor":6,"key":"MawBank"},{"floor":8,"key":"Tiny Chest"},{"floor":9,"key":"Omamori"},{"floor":12,"key":"Art of War"},{"floor":23,"key":"Bag of Marbles"},{"floor":24,"key":"Frozen Egg 2"},{"floor":25,"key":"Molten Egg 2"},{"floor":26,"key":"Shuriken"},{"floor":27,"key":"Dodecahedron"},{"floor":37,"key":"Paper Crane"}],"event_choices":[{"cards_removed":["Strike_G"],"damage_healed":0,"gold_gain":0,"player_choice":"Card Removal","damage_taken":7,"max_hp_gain":0,"max_hp_loss":0,"event_name":"Golden Wing","floor":3,"gold_loss":0},{"damage_healed":0,"gold_gain":0,"player_choice":"Grow","damage_taken":0,"max_hp_gain":0,"max_hp_loss":0,"event_name":"Living Wall","floor":5,"gold_loss":0,"cards_upgraded":["Neutralize"]},{"damage_healed":0,"gold_gain":0,"player_choice":"Shed Blood","damage_taken":23,"max_hp_gain":5,"max_hp_loss":0,"event_name":"Forgotten Altar","floor":19,"gold_loss":0},{"damage_healed":0,"gold_gain":0,"player_choice":"Inject Mutagens","damage_taken":0,"relics_obtained":["MutagenicStrength"],"max_hp_gain":0,"max_hp_loss":0,"event_name":"Drug Dealer","floor":20,"gold_loss":0},{"cards_removed":["Endless Agony"],"damage_healed":42,"gold_gain":0,"player_choice":"Offered Uncommon","damage_taken":0,"max_hp_gain":0,"max_hp_loss":0,"event_name":"Bonfire Elementals","floor":21,"gold_loss":0}],"is_beta":true,"boss_relics":[{"not_picked":["Fusion Hammer","Calling Bell"],"picked":"Astrolabe"},{"not_picked":["Busted Crown","White Beast Statue"],"picked":"Snecko Eye"}],"items_purged_floors":[4,31],"is_endless":false,"potions_floor_spawned":[1,13,18,29],"killed_by":"Transient","ascension_level":20}