{"gold_per_floor":[109,124,15,32,32,32,64,64,64,64,75,100,113,125,125,199,199,213,224,224,224,93,93,107,120,193,193,228,15,26,45,45,121,121,136,358,358,370,370,404,417,139,139,168,34,44,44,144,144,144,144],"floor_reached":51,"playtime":4743,"items_purged":["Meteor Strike","Strike_B","Strike_B"],"score":1409,"play_id":"853aea82-09ba-4925-95e4-4abf6050be60","local_time":"20190423222215","is_ascension_mode":true,"campfire_choices":[{"data":"Defragment","floor":6,"key":"SMITH"},{"data":"Zap","floor":8,"key":"SMITH"},{"data":"Cold Snap","floor":10,"key":"SMITH"},{"data":"Seek","floor":15,"key":"SMITH"},{"floor":23,"key":"REST"},{"data":"Reinforced Body","floor":27,"key":"SMITH"},{"data":"Go for the Eyes","floor":32,"key":"SMITH"},{"floor":47,"key":"RECALL"},{"floor":49,"key":"DIG"}],"neow_cost":"NONE","seed_source_timestamp":392163670489280,"circlet_count":0,"master_deck":["AscendersBane","Strike_B","Strike_B","Defend_B","Defend_B","Defend_B","Defend_B","Zap+1","Dualcast","BootSequence","Defragment+1","Cold Snap+1","Self Repair","Reinforced Body+1","Capacitor","Compile Driver","Seek+1","Echo Form","Necronomicurse","Conserve Battery","Coolheaded","Coolheaded+1","Go for the Eyes+1","Hologram","Electrodynamics","Barrage","Thinking Ahead","Loop+1","Doom and Gloom+1","Recycle"],"relics":["Cracked Core","Mango","Dead Branch","Bird Faced Urn","Pantograph","Velvet Choker","Necronomicon","Symbiotic Virus","Red Mask","Happy Flower","White Beast Statue","Smiling Mask","Lee\u0027s Waffle","Shovel","Ginger","Bag of Marbles"],"potions_floor_usage":[12,33,40,40,50],"damage_taken":[{"damage":4,"enemies":"Small Slimes","floor":1,"turns":3},{"damage":2,"enemies":"Jaw Worm","floor":2,"turns":3},{"damage":0,"enemies":"2 Louse","floor":4,"turns":3},{"damage":9,"enemies":"Lagavulin","floor":7,"turns":10},{"damage":3,"enemies":"Large Slime","floor":11,"turns":5},{"damage":35,"enemies":"Gremlin Nob","floor":12,"turns":4},{"damage":0,"enemies":"Blue Slaver","floor":13,"turns":3},{"damage":15,"enemies":"Exordium Wildlife","floor":14,"turns":5},{"damage":37,"enemies":"The Guardian","floor":16,"turns":12},{"damage":15,"enemies":"Shell Parasite","floor":18,"turns":7},{"damage":12,"enemies":"Chosen","floor":19,"turns":5},{"damage":10,"enemies":"Snake Plant","floor":24,"turns":5},{"damage":30,"enemies":"Shelled Parasite and Fungi","floor":25,"turns":15},{"damage":44,"enemies":"Masked Bandits","floor":28,"turns":9},{"damage":14,"enemies":"3 Cultists","floor":30,"turns":7},{"damage":2,"enemies":"Sentry and Sphere","floor":31,"turns":8},{"damage":1,"enemies":"Champ","floor":33,"turns":9},{"damage":0,"enemies":"Orb Walker","floor":35,"turns":3},{"damage":0,"enemies":"3 Shapes","floor":38,"turns":4},{"damage":34,"enemies":"Reptomancer","floor":40,"turns":6},{"damage":8,"enemies":"Maw","floor":41,"turns":10},{"damage":25,"enemies":"Nemesis","floor":44,"turns":7},{"damage":3,"enemies":"3 Darklings","floor":46,"turns":5},{"damage":2,"enemies":"Mind Bloom Boss Battle","floor":48,"turns":6},{"damage":86,"enemies":"Awakened One","floor":50,"turns":21},{"damage":92,"enemies":"Time Eater","floor":51,"turns":19}],"seed_played":"-7108579782069866161","potions_obtained":[{"floor":7,"key":"FocusPotion"},{"floor":12,"key":"Dexterity Potion"},{"floor":13,"key":"FocusPotion"},{"floor":14,"key":"LiquidBronze"},{"floor":30,"key":"SkillPotion"},{"floor":35,"key":"Swift Potion"},{"floor":40,"key":"Swift Potion"},{"floor":41,"key":"PowerPotion"},{"floor":48,"key":"Dexterity Potion"}],"is_trial":false,"path_per_floor":["M","M","$","M","?","R","E","R","T","R","M","E","M","M","R","B",null,"M","M","?","?","$","R","M","M","T","R","?","$","M","M","R","B",null,"M","?","?","M","?","E","M","$","T","E","$","M","R","?","R","B","B"],"character_chosen":"DEFECT","items_purchased":["Cold Snap","Self Repair","Conserve Battery","Happy Flower","Hologram","Lee\u0027s Waffle","LiquidBronze"],"campfire_rested":1,"item_purchase_floors":[3,3,22,29,29,42,45],"current_hp_per_floor":[60,58,58,65,61,61,59,59,59,59,67,43,45,45,45,46,75,85,75,50,29,29,56,52,90,90,90,57,57,67,90,90,90,90,90,90,90,90,90,63,65,97,97,95,95,97,97,97,97,30,0],"gold":144,"neow_bonus":"ONE_RANDOM_RARE_CARD","is_prod":false,"is_daily":false,"chose_seed":false,"campfire_upgraded":6,"win_rate":0,"timestamp":1556025735,"path_taken":["M","M","$","M","?","R","E","R","T","R","M","E","M","M","R","BOSS","M","M","?","?","$","R","M","M","T","R","?","?","M","?","R","BOSS","M","?","?","M","?","E","M","$","T","E","?","M","R","?","R","BOSS","BOSS"],"build_version":"2019-01-23","purchased_purges":3,"victory":false,"max_hp_per_floor":[71,71,71,71,85,85,85,85,85,85,85,85,85,85,85,85,85,85,85,90,90,90,90,90,90,90,90,90,90,90,90,90,90,90,90,90,90,90,90,90,90,97,97,97,97,97,97,97,97,97,97],"card_choices":[{"not_picked":["Barrage","Leap"],"picked":"BootSequence","floor":1},{"not_picked":["Beam Cell","Leap"],"picked":"Defragment","floor":2},{"not_picked":["Rebound","Barrage"],"picked":"Reinforced Body","floor":4},{"not_picked":["Multi-Cast","Gash"],"picked":"Capacitor","floor":7},{"not_picked":["Double Energy","Streamline"],"picked":"Compile Driver","floor":11},{"not_picked":["Turbo","Heatsinks"],"picked":"Seek","floor":12},{"not_picked":["Hello World","Gash","Chaos"],"picked":"SKIP","floor":13},{"not_picked":["Streamline","Stack","Darkness"],"picked":"SKIP","floor":14},{"not_picked":["Creative AI","Reboot"],"picked":"Echo Form","floor":16},{"not_picked":["Heatsinks","Leap","Scrape+1"],"picked":"SKIP","floor":18},{"not_picked":["Scrape+1","Static Discharge","Streamline"],"picked":"SKIP","floor":19},{"not_picked":["Go for the Eyes","Turbo"],"picked":"Coolheaded","floor":24},{"not_picked":["Leap+1","Stack"],"picked":"Coolheaded+1","floor":25},{"not_picked":["Reinforced Body","Leap"],"picked":"Go for the Eyes","floor":28},{"not_picked":["Cold Snap","Amplify","Stack"],"picked":"SKIP","floor":30},{"not_picked":["Stack","Turbo","Conserve Battery"],"picked":"SKIP","floor":31},{"not_picked":["Creative AI","Core Surge"],"picked":"Electrodynamics","floor":33},{"not_picked":["Steam","Fusion+1"],"picked":"Barrage","floor":35},{"not_picked":["Beam Cell","Gash","Scrape"],"picked":"SKIP","floor":38},{"not_picked":["PanicButton","Flash of Steel"],"picked":"Thinking Ahead","floor":39},{"not_picked":["Coolheaded","Chaos+1"],"picked":"Loop+1","floor":40},{"not_picked":["Barrage","Streamline"],"picked":"Doom and Gloom+1","floor":41},{"not_picked":["Multi-Cast","Gash","Cold Snap"],"picked":"SKIP","floor":44},{"not_picked":["Hologram+1","Sweeping Beam+1"],"picked":"Recycle","floor":46}],"player_experience":1066814,"relics_obtained":[{"floor":7,"key":"Dead Branch"},{"floor":9,"key":"Bird Faced Urn"},{"floor":12,"key":"Pantograph"},{"floor":21,"key":"Necronomicon"},{"floor":26,"key":"Symbiotic Virus"},{"floor":28,"key":"Red Mask"},{"floor":40,"key":"Smiling Mask"},{"floor":44,"key":"Shovel"},{"floor":48,"key":"Ginger"},{"floor":49,"key":"Bag of Marbles"}],"event_choices":[{"damage_healed":0,"gold_gain":0,"player_choice":"Success","damage_taken":18,"relics_obtained":["Mango"],"max_hp_gain":0,"max_hp_loss":0,"event_name":"Scrap Ooze","floor":5,"gold_loss":0},{"damage_healed":0,"gold_gain":0,"player_choice":"Shed Blood","damage_taken":30,"max_hp_gain":5,"max_hp_loss":0,"event_name":"Forgotten Altar","floor":20,"gold_loss":0},{"damage_healed":0,"gold_gain":0,"player_choice":"Obtained Book","damage_taken":21,"max_hp_gain":0,"max_hp_loss":0,"event_name":"Cursed Tome","floor":21,"gold_loss":0},{"damage_healed":0,"gold_gain":0,"player_choice":"Fought Bandits","damage_taken":0,"max_hp_gain":0,"max_hp_loss":0,"event_name":"Masked Bandits","floor":28,"gold_loss":0},{"damage_healed":0,"gold_gain":222,"player_choice":"Wore Mask","damage_taken":0,"max_hp_gain":0,"max_hp_loss":0,"event_name":"Tomb of Lord Red Mask","floor":36,"gold_loss":0},{"damage_healed":0,"gold_gain":0,"player_choice":"Ignored","damage_taken":0,"max_hp_gain":0,"max_hp_loss":0,"event_name":"Mysterious Sphere","floor":37,"gold_loss":0},{"damage_healed":0,"gold_gain":0,"player_choice":"Memory 1","damage_taken":0,"max_hp_gain":0,"max_hp_loss":0,"event_name":"SensoryStone","floor":39,"gold_loss":0},{"damage_healed":0,"gold_gain":0,"player_choice":"Fight","damage_taken":0,"max_hp_gain":0,"max_hp_loss":0,"event_name":"MindBloom","floor":48,"gold_loss":0}],"is_beta":false,"boss_relics":[{"not_picked":["Astrolabe","Philosopher\u0027s Stone"],"picked":"Velvet Choker"},{"not_picked":["Busted Crown","Coffee Dripper"],"picked":"White Beast Statue"}],"items_purged_floors":[22,42,45],"is_endless":false,"potions_floor_spawned":[7,12,13,14,24,30,35,38,40,41,44,46,48],"killed_by":"Time Eater","ascension_level":20}