{"gold_per_floor":[117,134,134,152,164,164,197,197,222,237,257,257,257,291,291,391,391,407,457,507,526,491,491,510,510,510,529,579,655,655],"floor_reached":30,"playtime":1177,"items_purged":[],"score":409,"play_id":"554509f2-3861-4aa5-a62c-ab7765e6c2e9","local_time":"20190412024407","is_ascension_mode":true,"campfire_choices":[{"data":"Zap","floor":6,"key":"SMITH"},{"data":"Coolheaded","floor":8,"key":"SMITH"},{"data":"Go for the Eyes","floor":12,"key":"SMITH"},{"data":"Streamline","floor":15,"key":"SMITH"},{"data":"Defragment","floor":23,"key":"SMITH"},{"data":"Ghostly","floor":25,"key":"SMITH"}],"neow_cost":"TEN_PERCENT_HP_LOSS","seed_source_timestamp":129567014275840,"circlet_count":0,"master_deck":["AscendersBane","Strike_B","Strike_B","Strike_B","Defend_B","Defend_B","Defend_B","Defend_B","Zap+1","Dualcast","All For One","Streamline+1","Rip and Tear","Hologram","Coolheaded+1","Glacier","Go for the Eyes+1","Defragment+1","Ghostly+1","Ghostly","Ghostly","Ghostly","Ghostly","Chill","Steam","Defragment"],"relics":["Cracked Core","Art of War","Ancient Tea Set","SsserpentHead","Bronze Scales","Philosopher\u0027s Stone","Symbiotic Virus","Sundial","Pen Nib"],"potions_floor_usage":[7,7,16],"damage_taken":[{"damage":9,"enemies":"Jaw Worm","floor":1,"turns":3},{"damage":0,"enemies":"2 Louse","floor":2,"turns":3},{"damage":0,"enemies":"Cultist","floor":4,"turns":2},{"damage":0,"enemies":"Large Slime","floor":5,"turns":4},{"damage":6,"enemies":"3 Sentries","floor":7,"turns":4},{"damage":1,"enemies":"2 Fungi Beasts","floor":10,"turns":3},{"damage":3,"enemies":"Blue Slaver","floor":11,"turns":3},{"damage":17,"enemies":"Gremlin Nob","floor":14,"turns":4},{"damage":28,"enemies":"Slime Boss","floor":16,"turns":12},{"damage":7,"enemies":"2 Thieves","floor":18,"turns":3},{"damage":0,"enemies":"Chosen","floor":21,"turns":6},{"damage":10,"enemies":"Centurion and Healer","floor":24,"turns":8},{"damage":11,"enemies":"Shelled Parasite and Fungi","floor":27,"turns":6},{"damage":17,"enemies":"Slavers","floor":30,"turns":1}],"seed_played":"-3773986962007561309","potions_obtained":[{"floor":1,"key":"Dexterity Potion"},{"floor":2,"key":"Fire Potion"},{"floor":7,"key":"SkillPotion"},{"floor":11,"key":"FairyPotion"},{"floor":24,"key":"Poison Potion"}],"is_trial":false,"path_per_floor":["M","M","?","M","M","R","E","R","T","M","M","R","?","E","R","B",null,"M","?","?","M","?","R","M","R","T","M","?","T","E"],"character_chosen":"DEFECT","items_purchased":[],"campfire_rested":0,"item_purchase_floors":[],"current_hp_per_floor":[59,59,59,59,59,59,53,53,53,52,49,49,49,32,32,4,52,45,34,34,34,34,34,24,24,24,13,9,9,0],"gold":655,"neow_bonus":"THREE_RARE_CARDS","is_prod":false,"is_daily":false,"chose_seed":false,"campfire_upgraded":6,"win_rate":0,"timestamp":1555029847,"path_taken":["M","M","?","M","M","R","E","R","T","M","M","R","?","E","R","BOSS","M","?","?","M","?","R","M","R","T","M","?","?","E"],"build_version":"2019-01-23","purchased_purges":0,"victory":false,"max_hp_per_floor":[68,68,68,68,68,68,68,68,68,68,68,68,68,68,68,68,68,68,34,34,34,34,34,34,34,34,34,39,39,39],"card_choices":[{"not_picked":["Creative AI","Thunder Strike"],"picked":"All For One","floor":0},{"not_picked":["Capacitor","Aggregate","Blizzard"],"picked":"SKIP","floor":1},{"not_picked":["Conserve Battery","Sunder"],"picked":"Streamline","floor":2},{"not_picked":["Loop","Leap"],"picked":"Hologram","floor":4},{"not_picked":["Barrage","Aggregate"],"picked":"Coolheaded","floor":5},{"not_picked":["Coolheaded","Leap","Barrage"],"picked":"SKIP","floor":7},{"not_picked":["Machine Learning","Sweeping Beam"],"picked":"Glacier","floor":10},{"not_picked":["Defragment","Scrape"],"picked":"Go for the Eyes","floor":11},{"not_picked":["Blizzard","Compile Driver","Ball Lightning"],"picked":"SKIP","floor":14},{"not_picked":["Capacitor","Cold Snap"],"picked":"Defragment","floor":18},{"not_picked":["Cold Snap","Streamline"],"picked":"Steam","floor":21},{"not_picked":["Tempest","White Noise"],"picked":"Defragment","floor":24},{"not_picked":["Genetic Algorithm","Streamline","Stack+1"],"picked":"SKIP","floor":27}],"player_experience":545482,"relics_obtained":[{"floor":7,"key":"Art of War"},{"floor":9,"key":"Ancient Tea Set"},{"floor":14,"key":"Bronze Scales"},{"floor":26,"key":"Sundial"},{"floor":29,"key":"Pen Nib"}],"event_choices":[{"damage_healed":0,"gold_gain":0,"cards_transformed":["Strike_B"],"player_choice":"Change","damage_taken":0,"max_hp_gain":0,"max_hp_loss":0,"event_name":"Living Wall","floor":3,"gold_loss":0,"cards_obtained":["Rip and Tear"]},{"damage_healed":0,"gold_gain":0,"player_choice":"Trade","damage_taken":0,"relics_obtained":["SsserpentHead"],"max_hp_gain":0,"max_hp_loss":0,"event_name":"FaceTrader","floor":13,"gold_loss":0},{"damage_healed":0,"gold_gain":0,"player_choice":"Became a Ghost","damage_taken":0,"max_hp_gain":0,"max_hp_loss":34,"event_name":"Ghosts","floor":19,"gold_loss":0,"cards_obtained":["Ghostly","Ghostly","Ghostly","Ghostly","Ghostly"]},{"damage_healed":0,"gold_gain":0,"player_choice":"Read","damage_taken":0,"max_hp_gain":0,"max_hp_loss":0,"event_name":"The Library","floor":20,"gold_loss":0,"cards_obtained":["Chill"]},{"damage_healed":0,"gold_gain":0,"player_choice":"Obtained Relic","damage_taken":0,"relics_obtained":["Symbiotic Virus"],"max_hp_gain":0,"max_hp_loss":0,"event_name":"Addict","floor":22,"gold_loss":85},{"damage_healed":0,"gold_gain":0,"player_choice":"Shed Blood","damage_taken":9,"max_hp_gain":5,"max_hp_loss":0,"event_name":"Forgotten Altar","floor":28,"gold_loss":0}],"is_beta":false,"boss_relics":[{"not_picked":["Orrery","Runic Pyramid"],"picked":"Philosopher\u0027s Stone"}],"items_purged_floors":[],"is_endless":false,"potions_floor_spawned":[1,2,7,11,24,27],"killed_by":"Slavers","ascension_level":12}