{"gold_per_floor":[213,229,229,242,256,256,256,299,325,325,339,339,1,16,16,112,112,87,87,101,126,126],"floor_reached":22,"playtime":1156,"items_purged":["Strike_R"],"score":376,"play_id":"a7fc9cd2-72e8-415a-9f22-a020f7283e5c","local_time":"20190508205550","is_ascension_mode":true,"campfire_choices":[{"data":"Uppercut","floor":6,"key":"SMITH"},{"data":"Bash","floor":10,"key":"SMITH"},{"data":"Thunderclap","floor":15,"key":"SMITH"}],"neow_cost":"NONE","seed_source_timestamp":211436406764100,"circlet_count":0,"master_deck":["AscendersBane","Strike_R","Strike_R","Strike_R","Strike_R","Defend_R","Defend_R","Defend_R","Defend_R","Bash+1","Thunderclap+1","Uppercut+1","Pummel","Anger","Reaper","Disarm","Exhume","Disarm","Limit Break"],"relics":["Burning Blood","Golden Idol","Bag of Preparation","Potion Belt","Smiling Mask","Nunchaku","Cursed Key"],"potions_floor_usage":[8,16,16,16,20,20],"damage_taken":[{"damage":7,"enemies":"Small Slimes","floor":1,"turns":4},{"damage":2,"enemies":"2 Louse","floor":2,"turns":3},{"damage":2,"enemies":"Jaw Worm","floor":4,"turns":3},{"damage":14,"enemies":"Gremlin Gang","floor":5,"turns":4},{"damage":49,"enemies":"Lagavulin","floor":8,"turns":7},{"damage":6,"enemies":"3 Louse","floor":11,"turns":4},{"damage":9,"enemies":"Large Slime","floor":14,"turns":8},{"damage":47,"enemies":"Slime Boss","floor":16,"turns":8},{"damage":16,"enemies":"2 Thieves","floor":18,"turns":4},{"damage":20,"enemies":"3 Byrds","floor":20,"turns":7},{"damage":38,"enemies":"Centurion and Healer","floor":21,"turns":8},{"damage":47,"enemies":"3 Cultists","floor":22,"turns":4}],"seed_played":"4013386219016069688","potions_obtained":[{"floor":4,"key":"Regen Potion"},{"floor":5,"key":"Dexterity Potion"},{"floor":14,"key":"Regen Potion"},{"floor":16,"key":"Weak Potion"}],"is_trial":false,"path_per_floor":["M","M","?","M","M","R","?","E","T","R","M","?","$","M","R","B",null,"M","?","M","M","M"],"character_chosen":"IRONCLAD","items_purchased":["Reaper","Strength Potion","Energy Potion"],"campfire_rested":0,"item_purchase_floors":[13,13,13],"current_hp_per_floor":[67,71,68,68,60,60,60,31,31,31,31,26,26,27,27,10,54,50,50,45,19,0],"gold":126,"neow_bonus":"HUNDRED_GOLD","is_prod":false,"is_daily":false,"chose_seed":false,"campfire_upgraded":3,"win_rate":0,"timestamp":1557316550,"path_taken":["M","M","?","M","M","R","?","E","T","R","M","?","$","M","R","BOSS","M","?","M","M","M"],"build_version":"2019-01-23","purchased_purges":1,"victory":false,"max_hp_per_floor":[75,75,68,68,68,68,68,68,68,68,68,68,68,68,68,68,68,68,68,68,68,68],"card_choices":[{"not_picked":["Fire Breathing","Second Wind"],"picked":"Thunderclap","floor":1},{"not_picked":["Heavy Blade","Bloodletting"],"picked":"Uppercut","floor":2},{"not_picked":["Combust","Fire Breathing"],"picked":"Pummel","floor":4},{"not_picked":["Sword Boomerang","Flex","Havoc"],"picked":"SKIP","floor":5},{"not_picked":["Entrench","Dual Wield"],"picked":"Anger","floor":8},{"not_picked":["Havoc","Wild Strike","Metallicize"],"picked":"SKIP","floor":11},{"not_picked":["Wild Strike","Iron Wave"],"picked":"Disarm","floor":14},{"not_picked":["Brutality","Reaper"],"picked":"Exhume","floor":16},{"not_picked":["Anger","Power Through","Clash+1"],"picked":"SKIP","floor":18},{"not_picked":["Cleave","Thunderclap","Infernal Blade"],"picked":"SKIP","floor":20},{"not_picked":["Body Slam","Reckless Charge"],"picked":"Limit Break","floor":21}],"player_experience":1290864,"relics_obtained":[{"floor":8,"key":"Potion Belt"},{"floor":9,"key":"Smiling Mask"}],"event_choices":[{"damage_healed":0,"gold_gain":0,"player_choice":"Lose Max HP","damage_taken":0,"relics_obtained":["Golden Idol"],"max_hp_gain":0,"max_hp_loss":7,"event_name":"Golden Idol","floor":3,"gold_loss":0},{"damage_healed":0,"gold_gain":0,"player_choice":"Searched \u00271\u0027 times","damage_taken":0,"relics_obtained":["Bag of Preparation"],"max_hp_gain":0,"max_hp_loss":0,"event_name":"Dead Adventurer","floor":7,"gold_loss":0},{"damage_healed":0,"gold_gain":0,"player_choice":"Success","damage_taken":5,"relics_obtained":["Nunchaku"],"max_hp_gain":0,"max_hp_loss":0,"event_name":"Scrap Ooze","floor":12,"gold_loss":0},{"damage_healed":0,"gold_gain":0,"player_choice":"Copied","damage_taken":0,"max_hp_gain":0,"max_hp_loss":0,"event_name":"Duplicator","floor":19,"gold_loss":0,"cards_obtained":["Disarm"]}],"is_beta":false,"boss_relics":[{"not_picked":["Black Star","Empty Cage"],"picked":"Cursed Key"}],"items_purged_floors":[13],"is_endless":false,"potions_floor_spawned":[4,5,14,16],"killed_by":"3 Cultists","ascension_level":20}