{"gold_per_floor":[117,117,128,128,151,151,191,191,191,205,221,236,308,15,15,111,111,134,84,3,17,36,36,36],"floor_reached":24,"playtime":1221,"items_purged":[],"score":396,"play_id":"d3c30fb8-f3d0-415c-94ae-c5861f1adbca","local_time":"20190424215847","is_ascension_mode":true,"campfire_choices":[{"data":"Bash","floor":6,"key":"SMITH"},{"data":"Clothesline","floor":8,"key":"SMITH"},{"floor":15,"key":"REST"},{"floor":23,"key":"REST"}],"neow_cost":"NONE","seed_source_timestamp":480678140425453,"circlet_count":0,"master_deck":["AscendersBane","Strike_R+1","Strike_R+1","Strike_R","Strike_R","Defend_R","Defend_R","Defend_R","Defend_R","Bash+1","Wild Strike","Headbutt","Clothesline+1","Iron Wave","Shrug It Off","Inflame","Offering","Shrug It Off","Panacea","Whirlwind","Shockwave+1"],"relics":["Burning Blood","Golden Idol","Pear","Singing Bowl","Membership Card","Orichalcum","Fusion Hammer"],"potions_floor_usage":[7,11,12,21,24],"damage_taken":[{"damage":12,"enemies":"Small Slimes","floor":1,"turns":3},{"damage":11,"enemies":"2 Louse","floor":3,"turns":3},{"damage":4,"enemies":"Jaw Worm","floor":5,"turns":3},{"damage":20,"enemies":"3 Sentries","floor":7,"turns":7},{"damage":7,"enemies":"2 Fungi Beasts","floor":10,"turns":3},{"damage":11,"enemies":"Exordium Thugs","floor":11,"turns":4},{"damage":2,"enemies":"3 Louse","floor":12,"turns":3},{"damage":51,"enemies":"Slime Boss","floor":16,"turns":12},{"damage":24,"enemies":"Shell Parasite","floor":18,"turns":6},{"damage":18,"enemies":"3 Byrds","floor":21,"turns":6},{"damage":31,"enemies":"Snecko","floor":22,"turns":7},{"damage":37,"enemies":"Slavers","floor":24,"turns":4}],"seed_played":"992081152042136305","potions_obtained":[{"floor":3,"key":"Explosive Potion"},{"floor":7,"key":"SteroidPotion"},{"floor":10,"key":"Dexterity Potion"},{"floor":11,"key":"GamblersBrew"},{"floor":16,"key":"Fire Potion"}],"is_trial":false,"path_per_floor":["M","?","M","?","M","R","E","R","T","M","M","M","?","$","R","B",null,"M","?","$","M","M","R","E"],"character_chosen":"IRONCLAD","items_purchased":["Membership Card","Orichalcum","Shrug It Off","Panacea"],"campfire_rested":2,"item_purchase_floors":[14,14,20,20],"current_hp_per_floor":[62,39,34,34,36,36,32,32,32,31,26,32,32,32,56,11,63,47,47,47,35,10,34,0],"gold":36,"neow_bonus":"TRANSFORM_CARD","is_prod":false,"is_daily":false,"chose_seed":false,"campfire_upgraded":2,"win_rate":0,"timestamp":1556110727,"path_taken":["M","?","M","?","M","R","E","R","T","M","M","M","?","?","R","BOSS","M","?","?","M","M","R","E"],"build_version":"2019-01-23","purchased_purges":0,"victory":false,"max_hp_per_floor":[75,75,75,68,68,68,78,78,78,78,78,80,80,80,80,80,80,82,82,82,82,82,82,82],"card_choices":[{"not_picked":["Carnage","Wild Strike"],"picked":"Headbutt","floor":1},{"not_picked":["Sentinel","Blood for Blood"],"picked":"Clothesline","floor":3},{"not_picked":["Second Wind","Body Slam","Rupture"],"picked":"SKIP","floor":5},{"not_picked":["Headbutt","Bloodletting"],"picked":"Iron Wave","floor":7},{"not_picked":["Feel No Pain","Second Wind"],"picked":"Shrug It Off","floor":10},{"not_picked":["Iron Wave","Warcry"],"picked":"Inflame","floor":11},{"not_picked":["Cleave","Reckless Charge","Body Slam"],"picked":"Singing Bowl","floor":12},{"not_picked":["Bludgeon","Double Tap"],"picked":"Offering","floor":16},{"not_picked":["Heavy Blade","Body Slam","Anger"],"picked":"Singing Bowl","floor":18},{"not_picked":["Armaments","Carnage"],"picked":"Whirlwind","floor":21},{"not_picked":["Rampage","Searing Blow"],"picked":"Shockwave+1","floor":22}],"player_experience":1081642,"relics_obtained":[{"floor":7,"key":"Pear"},{"floor":9,"key":"Singing Bowl"}],"event_choices":[{"damage_healed":0,"gold_gain":0,"player_choice":"Entered Light","damage_taken":23,"max_hp_gain":0,"max_hp_loss":0,"event_name":"Shining Light","floor":2,"gold_loss":0,"cards_upgraded":["Strike_R","Strike_R"]},{"damage_healed":0,"gold_gain":0,"player_choice":"Lose Max HP","damage_taken":0,"relics_obtained":["Golden Idol"],"max_hp_gain":0,"max_hp_loss":7,"event_name":"Golden Idol","floor":4,"gold_loss":0},{"damage_healed":0,"gold_gain":72,"player_choice":"Gained Gold","damage_taken":0,"max_hp_gain":0,"max_hp_loss":0,"event_name":"Golden Wing","floor":13,"gold_loss":0},{"damage_healed":0,"gold_gain":0,"player_choice":"Bet on Murderer","damage_taken":0,"max_hp_gain":0,"max_hp_loss":0,"event_name":"The Joust","floor":19,"gold_loss":50}],"is_beta":false,"boss_relics":[{"not_picked":["Pandora\u0027s Box","Coffee Dripper"],"picked":"Fusion Hammer"}],"items_purged_floors":[],"is_endless":false,"potions_floor_spawned":[3,7,10,11,16],"killed_by":"Slavers","ascension_level":20}