{"gold_per_floor":[109,59,59,71,129,141,188,212,276,319,342,354,385,413,425,533,545,570,582,607,639,668,705,208,208,208,9,9,28,28,45,45,149,149,159,176,176,101,101,131,131,10,37,37,54,65,65,85,85,85,85,85,33,60,60],"floor_reached":55,"playtime":3030,"items_purged":["Defend_B+1"],"score":757,"play_id":"b1e51bcc-6e15-4ee6-a4f8-52609313c8b1","local_time":"20181208212526","is_ascension_mode":false,"campfire_choices":[{"data":"Zap","floor":6,"key":"SMITH"},{"data":"Dualcast","floor":12,"key":"SMITH"},{"data":"Buffer","floor":15,"key":"SMITH"},{"data":"White Noise","floor":25,"key":"SMITH"},{"data":"Recycle","floor":28,"key":"SMITH"},{"floor":32,"key":"REST"},{"data":"Conserve Battery","floor":41,"key":"SMITH"},{"data":"Defragment","floor":44,"key":"SMITH"},{"data":"Undo","floor":47,"key":"SMITH"},{"floor":49,"key":"RECALL"},{"data":"Amplify","floor":52,"key":"SMITH"}],"neow_cost":"NONE","seed_source_timestamp":847537843882160,"circlet_count":0,"master_deck":["Defend_B+1","Defend_B+1","Defend_B+1","Zap+1","Dualcast+1","Recycle+1","Buffer+1","BootSequence","Undo+1","Ball Lightning","Coolheaded","Amplify+1","Chaos+1","Static Discharge+1","Sunder+1","Capacitor+1","Self Repair","White Noise+1","Electrodynamics+1","Go for the Eyes+1","Conserve Battery+1","Defragment+1"],"relics":["Cracked Core","NeowsBlessing","MawBank","Kunai","PreservedInsect","Bronze Scales","Astrolabe","Happy Flower","Runic Capacitor","Potion Belt","Pantograph","Medical Kit","Molten Egg 2","Busted Crown","Question Card","Regal Pillow","Bottled Tornado"],"potions_floor_usage":[14,20,23,23,40,50,54,54,54,55,55],"damage_taken":[{"damage":0,"enemies":"Cultist","floor":1,"turns":1},{"damage":0,"enemies":"Lagavulin","floor":7,"turns":1},{"damage":0,"enemies":"Jaw Worm","floor":8,"turns":1},{"damage":42,"enemies":"3 Sentries","floor":10,"turns":13},{"damage":0,"enemies":"2 Louse","floor":11,"turns":2},{"damage":0,"enemies":"2 Fungi Beasts","floor":13,"turns":3},{"damage":0,"enemies":"Gremlin Gang","floor":14,"turns":2},{"damage":4,"enemies":"The Guardian","floor":16,"turns":13},{"damage":0,"enemies":"Chosen","floor":18,"turns":5},{"damage":14,"enemies":"2 Thieves","floor":20,"turns":4},{"damage":7,"enemies":"Chosen and Byrds","floor":21,"turns":6},{"damage":0,"enemies":"Centurion and Healer","floor":22,"turns":10},{"damage":13,"enemies":"Book of Stabbing","floor":23,"turns":5},{"damage":21,"enemies":"Cultist and Chosen","floor":29,"turns":4},{"damage":30,"enemies":"Shelled Parasite and Fungi","floor":31,"turns":6},{"damage":21,"enemies":"Collector","floor":33,"turns":11},{"damage":0,"enemies":"Orb Walker","floor":35,"turns":5},{"damage":7,"enemies":"3 Shapes","floor":36,"turns":2},{"damage":1,"enemies":"Reptomancer","floor":40,"turns":5},{"damage":12,"enemies":"Spire Growth","floor":45,"turns":5},{"damage":0,"enemies":"Maw","floor":46,"turns":9},{"damage":18,"enemies":"Writhing Mass","floor":48,"turns":6},{"damage":58,"enemies":"Time Eater","floor":50,"turns":10},{"damage":39,"enemies":"Shield and Spear","floor":54,"turns":4},{"damage":76,"enemies":"The Heart","floor":55,"turns":6}],"seed_played":"7273299328003407302","potions_obtained":[{"floor":11,"key":"Fire Potion"},{"floor":14,"key":"Ancient Potion"},{"floor":16,"key":"Dexterity Potion"},{"floor":18,"key":"AttackPotion"},{"floor":22,"key":"GamblersBrew"},{"floor":23,"key":"PowerPotion"},{"floor":36,"key":"PowerPotion"},{"floor":40,"key":"Regen Potion"},{"floor":46,"key":"Fire Potion"},{"floor":48,"key":"LiquidBronze"}],"is_trial":false,"path_per_floor":["M","?","?","$","T","R","E","M","T","E","M","R","M","M","R","B",null,"M","?","M","M","M","E","$","R","T","$","R","M","?","M","R","B",null,"M","M","?","$","?","E","R","$","T","R","M","M","R","M","R","B",null,"R","$","E","B"],"character_chosen":"DEFECT","items_purchased":["Runic Capacitor","Electrodynamics","Potion Belt","Medical Kit","Defragment","Block Potion","Explosive Potion"],"campfire_rested":1,"item_purchase_floors":[24,24,24,27,42,42,53],"current_hp_per_floor":[75,75,68,68,68,68,68,68,68,26,26,26,26,26,26,22,75,75,75,61,54,54,48,48,48,48,48,48,34,34,11,33,44,75,75,68,68,68,68,74,74,74,74,74,69,75,75,71,71,24,75,75,75,48,0],"gold":60,"neow_bonus":"THREE_ENEMY_KILL","is_prod":false,"is_daily":false,"chose_seed":false,"campfire_upgraded":9,"win_rate":0,"timestamp":1544271926,"path_taken":["M","?","?","$","?","R","E","?","T","E","M","R","M","M","R","BOSS","M","?","M","M","M","E","$","R","T","$","R","M","?","?","R","BOSS","M","M","?","$","?","E","R","$","T","R","?","M","R","M","R","BOSS","R","$","E","BOSS"],"build_version":"2018-12-06","purchased_purges":1,"victory":false,"max_hp_per_floor":[75,75,75,75,75,75,75,75,75,75,75,75,75,75,75,75,75,75,75,75,75,75,75,75,75,75,75,75,75,75,75,75,75,75,75,75,75,75,75,75,75,75,75,75,75,75,75,75,75,75,75,75,75,75,75],"card_choices":[{"not_picked":["Rebound","Go for the Eyes"],"picked":"Recycle","floor":1},{"not_picked":["Aggregate","Steam Power"],"picked":"Buffer","floor":7},{"not_picked":["Barrage","Hologram"],"picked":"BootSequence","floor":8},{"not_picked":["Beam Cell","Skim"],"picked":"Undo","floor":10},{"not_picked":["Go for the Eyes","Self Repair"],"picked":"Ball Lightning","floor":11},{"not_picked":["Conserve Battery","Hologram"],"picked":"Coolheaded","floor":13},{"not_picked":["Heatsinks","Hologram","Turbo"],"picked":"SKIP","floor":14},{"not_picked":["Reboot","Multi-Cast"],"picked":"Amplify","floor":16},{"not_picked":["Stack","Cold Snap"],"picked":"Capacitor+1","floor":18},{"not_picked":["Stack","Gash","Streamline"],"picked":"SKIP","floor":20},{"not_picked":["Undo","Beam Cell","Coolheaded"],"picked":"SKIP","floor":21},{"not_picked":["FTL","Redo"],"picked":"Self Repair","floor":22},{"not_picked":["Steam","Cold Snap+1"],"picked":"White Noise","floor":23},{"not_picked":["Ball Lightning","Steam"],"picked":"Go for the Eyes+1","floor":29},{"not_picked":["Scrape+1","Meteor Strike+1"],"picked":"Conserve Battery","floor":31},{"not_picked":["Fusion"],"picked":"SKIP","floor":35},{"not_picked":["Loop"],"picked":"SKIP","floor":36},{"not_picked":["Sweeping Beam+1"],"picked":"SKIP","floor":40},{"not_picked":["Static Discharge+1","Leap"],"picked":"SKIP","floor":45},{"not_picked":["Reprogram","Sweeping Beam+1"],"picked":"SKIP","floor":46},{"not_picked":["Beam Cell+1","Hologram"],"picked":"SKIP","floor":48},{"not_picked":["Steam","Barrage+1"],"picked":"SKIP","floor":54}],"player_experience":95842,"relics_obtained":[{"floor":7,"key":"Kunai"},{"floor":9,"key":"PreservedInsect"},{"floor":10,"key":"Bronze Scales"},{"floor":23,"key":"Happy Flower"},{"floor":26,"key":"Pantograph"},{"floor":40,"key":"Question Card"},{"floor":43,"key":"Regal Pillow"},{"floor":54,"key":"Bottled Tornado"}],"event_choices":[{"cards_removed":["Strike_B"],"damage_healed":0,"gold_gain":0,"player_choice":"Card Removal","damage_taken":0,"max_hp_gain":0,"max_hp_loss":0,"event_name":"The Cleric","floor":2,"gold_loss":50},{"damage_healed":0,"gold_gain":0,"player_choice":"Success","damage_taken":7,"relics_obtained":["MawBank"],"max_hp_gain":0,"max_hp_loss":0,"event_name":"Scrap Ooze","floor":3,"gold_loss":0},{"damage_healed":0,"gold_gain":0,"player_choice":"Simplicity","damage_taken":0,"max_hp_gain":0,"max_hp_loss":0,"event_name":"Back to Basics","floor":19,"gold_loss":0,"cards_upgraded":["Defend_B","Defend_B","Defend_B","Defend_B"]},{"damage_healed":0,"gold_gain":0,"player_choice":"Gave Potion","damage_taken":0,"relics_obtained":["Molten Egg 2"],"max_hp_gain":0,"max_hp_loss":0,"event_name":"WeMeetAgain","floor":30,"gold_loss":0},{"damage_healed":0,"gold_gain":0,"player_choice":"Ignored","damage_taken":0,"max_hp_gain":0,"max_hp_loss":0,"event_name":"Tomb of Lord Red Mask","floor":37,"gold_loss":0},{"damage_healed":0,"gold_gain":0,"player_choice":"Upgraded","damage_taken":0,"max_hp_gain":0,"max_hp_loss":0,"event_name":"Upgrade Shrine","floor":39,"gold_loss":0,"cards_upgraded":["Electrodynamics"]}],"is_beta":false,"boss_relics":[{"not_picked":["Orrery","Calling Bell"],"picked":"Astrolabe"},{"not_picked":["Fusion Hammer","Tiny House"],"picked":"Busted Crown"}],"items_purged_floors":[38],"is_endless":false,"potions_floor_spawned":[11,14,16,18,22,23,36,40,46,48],"killed_by":"The Heart","ascension_level":0}