{"gold_per_floor":[117,117,97,22,38,73,89,120,120,36,48,67,67,79,79,156,156,167,92,108,108,119,119,134,161,161,187,92,117,136,150,150,150],"floor_reached":33,"playtime":1055,"items_purged":["Strike_R"],"score":598,"play_id":"44bf66c8-f0e0-47cb-b331-7a544b96da80","local_time":"20190428032100","is_ascension_mode":true,"campfire_choices":[{"data":"Combust","floor":13.0,"key":"SMITH"},{"floor":15.0,"key":"REST"},{"floor":23.0,"key":"REST"},{"floor":32,"key":"REST"}],"neow_cost":"PERCENT_DAMAGE","seed_source_timestamp":189272469505700,"circlet_count":0,"master_deck":["AscendersBane","Strike_R","Strike_R","Defend_R","Defend_R","Defend_R","Bash","Pummel+1","Headbutt","Immolate","Flame Barrier","Combust+1","Headbutt","Shrug It Off","Shrug It Off","Offering","Body Slam","Warcry","Body Slam","Battle Trance","Corruption","True Grit","Shrug It Off","Armaments"],"special_seed":0,"relics":["Burning Blood","Anchor","Self Forming Clay","Regal Pillow","Sozu","Champion Belt","Sundial","Smiling Mask","Pen Nib"],"potions_floor_usage":[],"damage_taken":[{"damage":14.0,"enemies":"Jaw Worm","floor":1.0,"turns":3.0},{"damage":1.0,"enemies":"Cultist","floor":5.0,"turns":3.0},{"damage":40.0,"enemies":"Lagavulin","floor":6.0,"turns":7.0},{"damage":0.0,"enemies":"Small Slimes","floor":7.0,"turns":1.0},{"damage":10.0,"enemies":"3 Sentries","floor":8.0,"turns":3.0},{"damage":0.0,"enemies":"3 Louse","floor":11.0,"turns":1.0},{"damage":3.0,"enemies":"Exordium Wildlife","floor":12.0,"turns":3.0},{"damage":2.0,"enemies":"Red Slaver","floor":14.0,"turns":3.0},{"damage":64.0,"enemies":"Hexaghost","floor":16.0,"turns":12.0},{"damage":9.0,"enemies":"2 Thieves","floor":18.0,"turns":3.0},{"damage":13.0,"enemies":"Spheric Guardian","floor":20.0,"turns":3.0},{"damage":8.0,"enemies":"Centurion and Healer","floor":22.0,"turns":4.0},{"damage":22.0,"enemies":"Shelled Parasite and Fungi","floor":24.0,"turns":4.0},{"damage":19.0,"enemies":"Slavers","floor":25.0,"turns":4.0},{"damage":22.0,"enemies":"Gremlin Leader","floor":27.0,"turns":6.0},{"damage":17.0,"enemies":"Snake Plant","floor":30.0,"turns":4.0},{"damage":6,"enemies":"Snecko","floor":31,"turns":4},{"damage":32,"enemies":"Collector","floor":33,"turns":7}],"seed_played":"-2510091869579649116","potions_obtained":[{"floor":3.0,"key":"Energy Potion"},{"floor":7.0,"key":"PowerPotion"},{"floor":8.0,"key":"Explosive Potion"}],"is_trial":false,"path_per_floor":["M","?","?","$","M","E","M","E","T","$","M","M","R","M","R","B",null,"M","?","M","?","M","R","M","E","T","E","$","T","M","M","R","B"],"character_chosen":"IRONCLAD","items_purchased":["Combust","Corruption","True Grit"],"campfire_rested":3,"item_purchase_floors":[10,28,28],"current_hp_per_floor":[42,42,42,42,47,13,19,15,15,15,21,24,24,28,65,7,58,55,55,48,27,25,64,48,35,35,19,19,19,8,8,47,15],"gold":150,"neow_bonus":"REMOVE_TWO","is_prod":false,"is_daily":false,"chose_seed":false,"campfire_upgraded":1,"win_rate":0,"timestamp":1556414460,"path_taken":["M","?","?","$","?","E","M","E","T","?","?","?","R","?","R","BOSS","M","?","M","?","M","R","M","E","T","E","$","?","?","M","R","BOSS"],"build_version":"2019-01-23","purchased_purges":1,"victory":false,"max_hp_per_floor":[75,75,75,75,75,75,75,75,75,75,75,75,75,75,75,75,75,75,75,75,80,80,80,80,80,80,80,80,80,80,80,80,80],"card_choices":[{"not_picked":["Heavy Blade","Twin Strike"],"picked":"Pummel","floor":1.0},{"not_picked":["Iron Wave","Heavy Blade"],"picked":"Headbutt","floor":5.0},{"not_picked":["Barricade","Headbutt"],"picked":"Immolate","floor":6.0},{"not_picked":["Pommel Strike","Wild Strike","Hemokinesis"],"picked":"SKIP","floor":7.0},{"not_picked":["Sentinel","Twin Strike"],"picked":"Flame Barrier","floor":8.0},{"not_picked":["Twin Strike","Perfected Strike"],"picked":"Headbutt","floor":11.0},{"not_picked":["Rage","Pommel Strike"],"picked":"Shrug It Off","floor":12.0},{"not_picked":["Clothesline","Body Slam"],"picked":"Shrug It Off","floor":14.0},{"not_picked":["Exhume","Limit Break"],"picked":"Offering","floor":16.0},{"not_picked":["Rage","Iron Wave+1"],"picked":"Body Slam","floor":18.0},{"not_picked":["Pommel Strike","Fire Breathing+1"],"picked":"Warcry","floor":20.0},{"not_picked":["Wild Strike","Blood for Blood"],"picked":"Body Slam","floor":22.0},{"not_picked":["Cleave","Heavy Blade","Sentinel"],"picked":"SKIP","floor":24.0},{"not_picked":["Perfected Strike","Flex"],"picked":"Battle Trance","floor":25.0},{"not_picked":["Rage","Twin Strike","Bludgeon"],"picked":"SKIP","floor":27.0},{"not_picked":["Dropkick","Sword Boomerang"],"picked":"Shrug It Off","floor":30.0},{"not_picked":["Headbutt","Clothesline"],"picked":"Armaments","floor":31}],"player_experience":610584,"relics_obtained":[{"floor":6.0,"key":"Anchor"},{"floor":8.0,"key":"Self Forming Clay"},{"floor":9.0,"key":"Regal Pillow"},{"floor":25.0,"key":"Champion Belt"},{"floor":26.0,"key":"Sundial"},{"floor":27.0,"key":"Smiling Mask"},{"floor":29.0,"key":"Pen Nib"}],"event_choices":[{"damage_healed":0.0,"max_hp_gain":0.0,"max_hp_loss":0.0,"gold_gain":0.0,"event_name":"Living Wall","player_choice":"Grow","floor":2.0,"gold_loss":0.0,"damage_taken":0.0,"cards_upgraded":["Pummel"]},{"damage_healed":0.0,"max_hp_gain":0.0,"max_hp_loss":0.0,"gold_gain":0.0,"event_name":"The Woman in Blue","player_choice":"Bought 1 Potion","floor":3.0,"gold_loss":0.0,"damage_taken":0.0},{"cards_removed":["Strike_R"],"damage_healed":0.0,"max_hp_gain":0.0,"max_hp_loss":0.0,"gold_gain":0.0,"event_name":"Beggar","player_choice":"Gave Gold","floor":19.0,"gold_loss":75.0,"damage_taken":0.0},{"damage_healed":0.0,"max_hp_gain":5.0,"max_hp_loss":0.0,"gold_gain":0.0,"event_name":"Forgotten Altar","player_choice":"Shed Blood","floor":21.0,"gold_loss":0.0,"damage_taken":26.0}],"is_beta":false,"boss_relics":[{"not_picked":["Black Blood","Astrolabe"],"picked":"Sozu"}],"items_purged_floors":[4],"is_endless":false,"potions_floor_spawned":[7,8,11,14,22,24,27,30,31],"killed_by":"Collector","ascension_level":20}