{"gold_per_floor":[115,134,134,284,304,304,337,337,337,348,365,377,377,388,388,464,464,481,481,481,506,524,556,556,556],"floor_reached":25,"playtime":827,"items_purged":[],"score":484,"play_id":"9e5f19ce-0830-4496-8960-581c80240dba","local_time":"20190327220013","is_ascension_mode":true,"campfire_choices":[{"data":"Apotheosis","floor":6.0,"key":"SMITH"},{"floor":8.0,"key":"REST"},{"floor":15.0,"key":"REST"},{"data":"Storm","floor":24,"key":"SMITH"}],"neow_cost":"PERCENT_DAMAGE","seed_source_timestamp":0,"circlet_count":0,"master_deck":["AscendersBane","Defend_B","Defend_B","Defend_B","Defend_B","Zap","Dualcast","Apotheosis+1","Discovery","Compile Driver","Self Repair","Doubt","Loop","Redo","Creative AI","Electrodynamics","Bite","Bite","Bite","Bite","Bite","Storm+1","Coolheaded"],"special_seed":0,"relics":["Cracked Core","Dodecahedron","Mercury Hourglass","Omamori","Cursed Key","Ancient Tea Set","Matryoshka"],"potions_floor_usage":[23,25],"damage_taken":[{"damage":0.0,"enemies":"Cultist","floor":1.0,"turns":2.0},{"damage":13.0,"enemies":"Small Slimes","floor":2.0,"turns":3.0},{"damage":15.0,"enemies":"2 Louse","floor":5.0,"turns":3.0},{"damage":9.0,"enemies":"Lagavulin","floor":7.0,"turns":7.0},{"damage":8.0,"enemies":"Blue Slaver","floor":10.0,"turns":4.0},{"damage":11.0,"enemies":"Looter","floor":11.0,"turns":4.0},{"damage":0.0,"enemies":"Exordium Wildlife","floor":12.0,"turns":3.0},{"damage":9.0,"enemies":"Red Slaver","floor":14.0,"turns":3.0},{"damage":34.0,"enemies":"Hexaghost","floor":16.0,"turns":8.0},{"damage":18.0,"enemies":"Chosen","floor":18.0,"turns":5.0},{"damage":28,"enemies":"Shell Parasite","floor":22,"turns":5},{"damage":0,"enemies":"Gremlin Leader","floor":23,"turns":5},{"damage":60,"enemies":"Book of Stabbing","floor":25,"turns":4}],"seed_played":"8414485665206354800","potions_obtained":[{"floor":7.0,"key":"Explosive Potion"},{"floor":10.0,"key":"SteroidPotion"},{"floor":11.0,"key":"Explosive Potion"}],"is_trial":false,"path_per_floor":["M","M","?","?","M","R","E","R","T","M","M","M","?","M","R","B",null,"M","?","?","T","M","E","R","E"],"character_chosen":"DEFECT","items_purchased":[],"campfire_rested":2,"item_purchase_floors":[],"current_hp_per_floor":[46,33,56,56,48,48,46,67,67,66,62,62,27,25,46,22,59,51,51,49,49,49,49,49,0],"gold":556,"neow_bonus":"RANDOM_COLORLESS_2","is_prod":false,"is_daily":false,"chose_seed":false,"campfire_upgraded":2,"win_rate":0,"timestamp":1553742013,"path_taken":["M","M","?","?","M","R","E","R","T","M","M","M","?","M","R","BOSS","M","?","?","?","M","E","R","E"],"build_version":"2019-01-23","purchased_purges":0,"victory":false,"max_hp_per_floor":[71,71,71,71,71,71,71,71,71,71,71,71,71,71,71,71,71,71,71,49,49,49,49,49,49],"card_choices":[{"not_picked":["Aggregate","Blizzard"],"picked":"Compile Driver","floor":1.0},{"not_picked":["Streamline","Steam Power"],"picked":"Self Repair","floor":2.0},{"not_picked":["Gash","Chaos","Aggregate"],"picked":"SKIP","floor":5.0},{"not_picked":["Sweeping Beam","Steam"],"picked":"Loop","floor":7.0},{"not_picked":["Stack","Steam"],"picked":"Redo","floor":10.0},{"not_picked":["Rebound","Melter","Streamline"],"picked":"SKIP","floor":11.0},{"not_picked":["Chaos","Lockon"],"picked":"Creative AI","floor":12.0},{"not_picked":["Rebound","Darkness","Beam Cell"],"picked":"SKIP","floor":14.0},{"not_picked":["Rainbow","Fission"],"picked":"Electrodynamics","floor":16.0},{"not_picked":["Scrape","Rebound","Coolheaded"],"picked":"SKIP","floor":18.0},{"not_picked":["Steam","Conserve Battery"],"picked":"Storm","floor":22},{"not_picked":["Redo","Sunder"],"picked":"Coolheaded","floor":23}],"player_experience":1172913,"relics_obtained":[{"floor":7.0,"key":"Dodecahedron"},{"floor":9.0,"key":"Mercury Hourglass"},{"floor":21,"key":"Ancient Tea Set"},{"floor":23,"key":"Matryoshka"}],"event_choices":[{"damage_healed":23.0,"max_hp_gain":0.0,"max_hp_loss":0.0,"gold_gain":0.0,"event_name":"Big Fish","player_choice":"Banana","floor":3.0,"gold_loss":0.0,"damage_taken":0.0},{"damage_healed":0.0,"max_hp_gain":0.0,"max_hp_loss":0.0,"gold_gain":150.0,"event_name":"Liars Game","player_choice":"AGREE","floor":4.0,"gold_loss":0.0,"damage_taken":0.0,"cards_obtained":["Doubt"]},{"damage_healed":0.0,"max_hp_gain":0.0,"max_hp_loss":0.0,"gold_gain":0.0,"event_name":"Scrap Ooze","player_choice":"Success","floor":13.0,"gold_loss":0.0,"damage_taken":35.0,"relics_obtained":["Omamori"]},{"damage_healed":0,"gold_gain":0,"player_choice":"Ignored","damage_taken":0,"max_hp_gain":0,"max_hp_loss":0,"event_name":"Cursed Tome","floor":19,"gold_loss":0},{"damage_healed":0,"gold_gain":0,"player_choice":"Became a vampire","damage_taken":0,"max_hp_gain":0,"max_hp_loss":22,"event_name":"Vampires","floor":20,"gold_loss":0,"cards_obtained":["Bite","Bite","Bite","Bite","Bite"]}],"is_beta":false,"boss_relics":[{"not_picked":["White Beast Statue","Velvet Choker"],"picked":"Cursed Key"}],"items_purged_floors":[],"is_endless":false,"potions_floor_spawned":[7,10,11,14,16,18,22],"killed_by":"Book of Stabbing","ascension_level":17}