{"gold_per_floor":[119,119,119,139,1,1,36,56,56,56,74,90,90,117,117,117],"floor_reached":16,"playtime":397,"items_purged":[],"score":270,"play_id":"d6deb5ca-3242-474a-946b-112cad246cbd","local_time":"20190428011056","is_ascension_mode":true,"campfire_choices":[{"data":"Body Slam","floor":6,"key":"SMITH"},{"data":"Burning Pact","floor":13,"key":"SMITH"},{"data":"Whirlwind","floor":15,"key":"SMITH"}],"neow_cost":"NONE","seed_source_timestamp":182281134607400,"circlet_count":0,"master_deck":["AscendersBane","Strike_R","Strike_R","Strike_R","Strike_R","Strike_R","Defend_R","Defend_R","Defend_R","Defend_R","Bash","Armaments+1","Disarm","Flame Barrier","Body Slam+1","Whirlwind+1","Clothesline","Pain","Burning Pact+1","Seeing Red","Fiend Fire"],"relics":["Burning Blood","NeowsBlessing","Pantograph","Frozen Egg 2","Meat on the Bone","WarpedTongs","Mango"],"potions_floor_usage":[14,16],"damage_taken":[{"damage":0,"enemies":"Small Slimes","floor":1,"turns":1},{"damage":0,"enemies":"Jaw Worm","floor":4,"turns":1},{"damage":0,"enemies":"3 Sentries","floor":7,"turns":1},{"damage":2,"enemies":"2 Louse","floor":8,"turns":3},{"damage":0,"enemies":"Lots of Slimes","floor":11,"turns":1},{"damage":6,"enemies":"3 Louse","floor":12,"turns":2},{"damage":28,"enemies":"Gremlin Nob","floor":14,"turns":4},{"damage":89,"enemies":"Hexaghost","floor":16,"turns":14}],"seed_played":"-7896695152404534058","potions_obtained":[{"floor":4,"key":"LiquidBronze"},{"floor":12,"key":"Strength Potion"},{"floor":14,"key":"Swift Potion"}],"is_trial":false,"path_per_floor":["M","?","?","M","$","R","E","M","T","?","M","M","R","E","R","B"],"character_chosen":"IRONCLAD","items_purchased":["Flame Barrier","Body Slam"],"campfire_rested":0,"item_purchase_floors":[5,5],"current_hp_per_floor":[74,74,56,62,62,62,68,72,72,72,75,75,75,67,67,0],"gold":117,"neow_bonus":"THREE_ENEMY_KILL","is_prod":false,"is_daily":false,"chose_seed":false,"campfire_upgraded":3,"win_rate":0,"timestamp":1556406656,"path_taken":["M","?","?","M","$","R","E","?","T","?","?","M","R","E","R","BOSS"],"build_version":"2019-01-23","purchased_purges":0,"victory":false,"max_hp_per_floor":[75,75,75,75,75,75,75,75,75,75,75,75,75,89,89,89],"card_choices":[{"not_picked":["Pommel Strike","Hemokinesis"],"picked":"Armaments","floor":1},{"not_picked":["Havoc","Body Slam"],"picked":"Disarm","floor":4},{"not_picked":["Reckless Charge","Berserk"],"picked":"Whirlwind","floor":7},{"not_picked":["Wild Strike","Body Slam"],"picked":"Clothesline","floor":8},{"not_picked":["Entrench","Heavy Blade"],"picked":"Burning Pact","floor":11},{"not_picked":["Wild Strike","Thunderclap"],"picked":"Seeing Red","floor":12},{"not_picked":["Rupture+1","Blood for Blood"],"picked":"Fiend Fire","floor":14}],"player_experience":608825,"relics_obtained":[{"floor":7,"key":"Frozen Egg 2"},{"floor":9,"key":"Meat on the Bone"},{"floor":14,"key":"Mango"}],"event_choices":[{"damage_healed":0,"gold_gain":0,"player_choice":"Grow","damage_taken":0,"max_hp_gain":0,"max_hp_loss":0,"event_name":"Living Wall","floor":2,"gold_loss":0,"cards_upgraded":["Armaments"]},{"damage_healed":0,"gold_gain":0,"player_choice":"Success","damage_taken":18,"relics_obtained":["Pantograph"],"max_hp_gain":0,"max_hp_loss":0,"event_name":"Scrap Ooze","floor":3,"gold_loss":0},{"damage_healed":0,"gold_gain":0,"player_choice":"Rummage","damage_taken":0,"relics_obtained":["WarpedTongs"],"max_hp_gain":0,"max_hp_loss":0,"event_name":"Accursed Blacksmith","floor":10,"gold_loss":0,"cards_obtained":["Pain"]}],"is_beta":false,"boss_relics":[],"items_purged_floors":[],"is_endless":false,"potions_floor_spawned":[4,12,14],"killed_by":"Hexaghost","ascension_level":20}