{"gold_per_floor":[111,111,76,94,109,135,135,160,183,37,37,63,75,105,117,226,238,264,290,302,325,348,360,89,89,135,165,188,222,242,242],"floor_reached":31,"playtime":752,"items_purged":["Strike_B","Writhe"],"score":293,"play_id":"28692ee7-f505-449b-a4fb-e357744978e8","local_time":"20190504111410","is_ascension_mode":false,"campfire_choices":[{"floor":7,"key":"REST"},{"floor":11,"key":"REST"},{"data":"Biased Cognition","floor":15,"key":"SMITH"},{"data":"Electrodynamics","floor":23,"key":"SMITH"},{"data":"Glacier","floor":25,"key":"SMITH"}],"neow_cost":"NONE","seed_source_timestamp":62856306284300,"circlet_count":0,"master_deck":["Strike_B","Strike_B","Strike_B+1","Defend_B","Defend_B","Defend_B","Defend_B+1","Zap","Dualcast","Streamline","Ball Lightning","Storm","Biased Cognition+1","Cold Snap","Capacitor","Cold Snap","BootSequence","Electrodynamics+1","Undo","Capacitor+1","Glacier+1","Doom and Gloom","Hyperbeam","Injury","Genetic Algorithm","Regret","Conserve Battery+1","Redo"],"relics":["Sozu","Bronze Scales","Regal Pillow","Lantern","MawBank","Ginger","Cursed Key","Orichalcum","Blood Vial","Pantograph","Smiling Mask","Molten Egg 2"],"potions_floor_usage":[],"damage_taken":[{"damage":11,"enemies":"Jaw Worm","floor":1,"turns":3},{"damage":7,"enemies":"Small Slimes","floor":4,"turns":3},{"damage":0,"enemies":"2 Louse","floor":5,"turns":1},{"damage":26,"enemies":"3 Sentries","floor":6,"turns":7},{"damage":28,"enemies":"Lagavulin","floor":8,"turns":4},{"damage":16,"enemies":"Gremlin Nob","floor":12,"turns":3},{"damage":5,"enemies":"Red Slaver","floor":14,"turns":2},{"damage":24,"enemies":"Hexaghost","floor":16,"turns":8},{"damage":1,"enemies":"3 Byrds","floor":18,"turns":2},{"damage":0,"enemies":"Shell Parasite","floor":19,"turns":4},{"damage":0,"enemies":"Cultist and Chosen","floor":21,"turns":5},{"damage":19,"enemies":"Shelled Parasite and Fungi","floor":22,"turns":4},{"damage":20,"enemies":"Slavers","floor":27,"turns":3},{"damage":26,"enemies":"Book of Stabbing","floor":29,"turns":4},{"damage":14,"enemies":"Chosen and Byrds","floor":30,"turns":5},{"damage":5,"enemies":"Sentry and Sphere","floor":31,"turns":2}],"seed_played":"1277025691906945597","potions_obtained":[],"is_trial":false,"path_per_floor":["M","?","?","M","M","E","R","E","T","$","R","E","?","M","R","B",null,"M","M","?","M","M","R","$","R","T","E","T","E","M","M"],"character_chosen":"DEFECT","items_purchased":["Capacitor","Doom and Gloom","Hyperbeam"],"campfire_rested":2,"item_purchase_floors":[10,24,24],"current_hp_per_floor":[64,49,67,60,60,34,56,28,28,28,65,49,46,41,41,17,75,74,74,74,74,55,55,55,55,55,37,37,13,1,0],"gold":242,"neow_bonus":"BOSS_RELIC","is_prod":false,"is_daily":false,"chose_seed":false,"campfire_upgraded":3,"win_rate":0,"timestamp":1556982850,"path_taken":["M","?","?","M","M","E","R","E","T","$","R","E","?","M","R","BOSS","M","M","?","M","M","R","$","R","T","E","?","E","M","M"],"build_version":"2019-01-23","purchased_purges":2,"victory":false,"max_hp_per_floor":[75,75,75,75,75,75,75,75,75,75,75,75,75,75,75,75,75,75,75,75,75,75,75,75,75,75,75,75,75,75,75],"card_choices":[{"not_picked":["Heatsinks","Hologram"],"picked":"Streamline","floor":1},{"not_picked":["Melter","Hello World"],"picked":"Ball Lightning","floor":4},{"not_picked":["Lockon","Stack"],"picked":"Storm","floor":5},{"not_picked":["Ball Lightning","Compile Driver"],"picked":"Biased Cognition","floor":6},{"not_picked":["Beam Cell","Turbo"],"picked":"Cold Snap","floor":8},{"not_picked":["Reinforced Body","White Noise"],"picked":"Cold Snap","floor":12},{"not_picked":["Scrape","Doom and Gloom"],"picked":"BootSequence","floor":14},{"not_picked":["Machine Learning","Fission"],"picked":"Electrodynamics","floor":16},{"not_picked":["Fusion","Turbo"],"picked":"Undo","floor":18},{"not_picked":["Stack","Chill"],"picked":"Capacitor+1","floor":19},{"not_picked":["Barrage+1","Sweeping Beam"],"picked":"Glacier","floor":21},{"not_picked":["BootSequence+1","Beam Cell","Leap+1"],"picked":"SKIP","floor":22},{"not_picked":["Sunder","Amplify"],"picked":"Genetic Algorithm","floor":27},{"not_picked":["Barrage","Rebound+1"],"picked":"Conserve Battery+1","floor":29},{"not_picked":["Turbo","Leap"],"picked":"Redo","floor":30}],"player_experience":81803,"relics_obtained":[{"floor":6,"key":"Bronze Scales"},{"floor":8,"key":"Regal Pillow"},{"floor":9,"key":"Lantern"},{"floor":12,"key":"MawBank"},{"floor":26,"key":"Blood Vial"},{"floor":27,"key":"Pantograph"},{"floor":28,"key":"Smiling Mask"},{"floor":29,"key":"Molten Egg 2"}],"event_choices":[{"damage_healed":0,"gold_gain":0,"player_choice":"Entered Light","damage_taken":15,"max_hp_gain":0,"max_hp_loss":0,"event_name":"Shining Light","floor":2,"gold_loss":0,"cards_upgraded":["Strike_B","Defend_B"]},{"damage_healed":18,"gold_gain":0,"player_choice":"Healed","damage_taken":0,"max_hp_gain":0,"max_hp_loss":0,"event_name":"The Cleric","floor":3,"gold_loss":35},{"damage_healed":0,"gold_gain":0,"player_choice":"Success","damage_taken":3,"relics_obtained":["Ginger"],"max_hp_gain":0,"max_hp_loss":0,"event_name":"Scrap Ooze","floor":13,"gold_loss":0},{"damage_healed":0,"gold_gain":0,"player_choice":"Opened","damage_taken":0,"relics_obtained":["Orichalcum"],"max_hp_gain":0,"max_hp_loss":0,"event_name":"The Mausoleum","floor":20,"gold_loss":0,"cards_obtained":["Writhe"]}],"is_beta":false,"boss_relics":[{"not_picked":["Lizard Tail","Orrery"],"picked":"Cursed Key"}],"items_purged_floors":[10,24],"is_endless":false,"potions_floor_spawned":[5,6,8,12,19,21,22,29,30],"killed_by":"Sentry and Sphere","ascension_level":0}