{"gold_per_floor":[117,292,305,82,82,82,107,119,131,143,172,184,496,518,530,542],"floor_reached":16,"playtime":277,"items_purged":["Doubt"],"score":98,"play_id":"4ab59e46-4783-4be2-b492-3d98794b3040","local_time":"20190504202803","is_ascension_mode":false,"campfire_choices":[{"data":"Bash","floor":6,"key":"SMITH"},{"data":"Shrug It Off","floor":8,"key":"SMITH"},{"data":"Feel No Pain","floor":10,"key":"SMITH"},{"floor":15,"key":"REST"}],"neow_cost":"NONE","seed_source_timestamp":96565035027200,"circlet_count":0,"master_deck":["Strike_R","Strike_R","Strike_R","Strike_R","Strike_R","Defend_R","Defend_R","Defend_R","Defend_R","Bash+1","Feel No Pain+1","Shrug It Off+1","Bash+1","Battle Trance","Pommel Strike"],"relics":["Burning Blood","PreservedInsect","MawBank","Incense Burner","Kunai","Old Coin"],"potions_floor_usage":[16],"damage_taken":[{"damage":6,"enemies":"Cultist","floor":1,"turns":3},{"damage":5,"enemies":"2 Louse","floor":3,"turns":3},{"damage":20,"enemies":"Gremlin Nob","floor":7,"turns":4},{"damage":11,"enemies":"Jaw Worm","floor":11,"turns":2},{"damage":12,"enemies":"2 Fungi Beasts","floor":14,"turns":3},{"damage":67,"enemies":"The Guardian","floor":16,"turns":9}],"seed_played":"6600914714645304150","potions_obtained":[{"floor":3,"key":"SpeedPotion"},{"floor":7,"key":"Strength Potion"}],"is_trial":false,"path_per_floor":["M","?","M","$","?","R","E","R","T","R","M","?","T","M","R","B"],"character_chosen":"IRONCLAD","items_purchased":["PreservedInsect"],"campfire_rested":1,"item_purchase_floors":[4],"current_hp_per_floor":[80,80,80,80,80,80,66,66,66,66,61,43,43,37,61,0],"gold":542,"neow_bonus":"UPGRADE_CARD","is_prod":false,"is_daily":false,"chose_seed":false,"campfire_upgraded":3,"win_rate":0,"timestamp":1557016083,"path_taken":["M","?","M","$","?","R","E","R","T","R","?","?","?","M","R","BOSS"],"build_version":"2019-01-23","purchased_purges":1,"victory":false,"max_hp_per_floor":[80,80,80,80,80,80,80,80,80,80,80,80,80,80,80,80],"card_choices":[{"not_picked":["Havoc","Armaments"],"picked":"Feel No Pain","floor":1},{"not_picked":["Iron Wave","Havoc"],"picked":"Shrug It Off","floor":3},{"not_picked":["Headbutt","Flex"],"picked":"Battle Trance","floor":7},{"not_picked":["Heavy Blade","Blood for Blood"],"picked":"Pommel Strike","floor":11},{"not_picked":["Heavy Blade","Havoc","Reckless Charge"],"picked":"SKIP","floor":14}],"player_experience":91440,"relics_obtained":[{"floor":7,"key":"MawBank"},{"floor":9,"key":"Incense Burner"},{"floor":13,"key":"Old Coin"}],"event_choices":[{"damage_healed":0,"gold_gain":175,"player_choice":"AGREE","damage_taken":0,"max_hp_gain":0,"max_hp_loss":0,"event_name":"Liars Game","floor":2,"gold_loss":0,"cards_obtained":["Doubt"]},{"damage_healed":0,"gold_gain":0,"player_choice":"1 cards matched","damage_taken":0,"max_hp_gain":0,"max_hp_loss":0,"event_name":"Match and Keep!","floor":5,"gold_loss":0,"cards_obtained":["Bash"]},{"damage_healed":0,"gold_gain":0,"player_choice":"Success","damage_taken":18,"relics_obtained":["Kunai"],"max_hp_gain":0,"max_hp_loss":0,"event_name":"Scrap Ooze","floor":12,"gold_loss":0}],"is_beta":false,"boss_relics":[],"items_purged_floors":[4],"is_endless":false,"potions_floor_spawned":[3,7],"killed_by":"The Guardian","ascension_level":0}