{"gold_per_floor":[118,118,43,60,135,135,50,50,50,50,50,80,91,123,123,197,247,261,261,281,22,34,34,34,34,34,48,64,64,64,64,64,64],"floor_reached":33,"playtime":1038,"items_purged":["Strike_R"],"score":469,"play_id":"e9a89bac-4f59-4f03-af80-4e08eb1befa6","local_time":"20190207091140","is_ascension_mode":true,"campfire_choices":[{"data":"Bash","floor":6,"key":"SMITH"},{"data":"Clothesline","floor":8,"key":"SMITH"},{"data":"Madness","floor":11,"key":"SMITH"},{"data":"Shockwave","floor":15,"key":"SMITH"},{"floor":23,"key":"REST"},{"data":"Entrench","floor":25,"key":"SMITH"},{"data":"Bludgeon","floor":29,"key":"SMITH"},{"data":"Flame Barrier","floor":32,"key":"SMITH"}],"neow_cost":"NONE","seed_source_timestamp":1293642851867139,"circlet_count":0,"master_deck":["AscendersBane","Strike_R","Strike_R","Defend_R","Defend_R","Defend_R","Defend_R+1","Bash+1","Clothesline+1","Madness+1","Thunderclap","Limit Break","Shockwave+1","Offering","Entrench+1","Bludgeon+1","Flame Barrier+1","Intimidate","Inflame","Headbutt"],"relics":["Burning Blood","NeowsBlessing","Kunai","Ornamental Fan","Magic Flower","Vajra","Tiny House","Paper Frog","Matryoshka"],"potions_floor_usage":[14,16,18,33,33,33,33],"damage_taken":[{"damage":0,"enemies":"2 Louse","floor":1,"turns":1},{"damage":0,"enemies":"Cultist","floor":4,"turns":1},{"damage":0,"enemies":"3 Sentries","floor":12,"turns":2},{"damage":8,"enemies":"Small Slimes","floor":13,"turns":4},{"damage":18,"enemies":"Lagavulin","floor":14,"turns":6},{"damage":39,"enemies":"Slime Boss","floor":16,"turns":12},{"damage":7,"enemies":"Chosen","floor":18,"turns":4},{"damage":20,"enemies":"Shell Parasite","floor":20,"turns":6},{"damage":33,"enemies":"Snake Plant","floor":22,"turns":4},{"damage":18,"enemies":"3 Cultists","floor":27,"turns":5},{"damage":6,"enemies":"Snecko","floor":28,"turns":3},{"damage":164,"enemies":"Automaton","floor":33,"turns":12}],"seed_played":"-4847041061704356244","potions_obtained":[{"floor":4,"key":"Weak Potion"},{"floor":14,"key":"Block Potion"},{"floor":16,"key":"Dexterity Potion"},{"floor":17,"key":"Block Potion"},{"floor":20,"key":"EntropicBrew"}],"is_trial":false,"path_per_floor":["M","?","$","M","?","R","$","R","T","?","R","E","M","E","R","B",null,"M","?","M","$","M","R","?","R","T","M","M","R","?","?","R","B"],"character_chosen":"IRONCLAD","items_purchased":["Madness","Paper Frog"],"campfire_rested":1,"item_purchase_floors":[7,21],"current_hp_per_floor":[74,74,74,75,64,64,64,64,64,61,61,67,68,59,59,29,69,71,56,45,45,21,46,74,74,74,65,68,68,68,68,68,0],"gold":64,"neow_bonus":"THREE_ENEMY_KILL","is_prod":false,"is_daily":false,"chose_seed":false,"campfire_upgraded":7,"win_rate":0,"timestamp":1549498300,"path_taken":["M","?","$","?","?","R","$","R","T","?","R","E","M","E","R","BOSS","M","?","M","$","M","R","?","R","T","M","?","R","?","?","R","BOSS"],"build_version":"2019-01-23","purchased_purges":1,"victory":false,"max_hp_per_floor":[75,75,75,75,75,75,75,75,75,75,75,75,75,75,75,75,80,80,85,85,85,85,85,85,85,85,85,85,85,85,85,85,85],"card_choices":[{"not_picked":["Perfected Strike","Armaments"],"picked":"Clothesline","floor":1},{"not_picked":["Heavy Blade","Warcry","Dropkick"],"picked":"SKIP","floor":4},{"not_picked":["Sever Soul","Inflame"],"picked":"Thunderclap","floor":12},{"not_picked":["Cleave","Pommel Strike"],"picked":"Limit Break","floor":13},{"not_picked":["Heavy Blade","Bloodletting"],"picked":"Shockwave","floor":14},{"not_picked":["Exhume","Brutality"],"picked":"Offering","floor":16},{"not_picked":["Wild Strike","Dual Wield"],"picked":"Entrench","floor":17},{"not_picked":["Twin Strike","Sword Boomerang"],"picked":"Bludgeon","floor":18},{"not_picked":["Thunderclap","Twin Strike"],"picked":"Flame Barrier","floor":20},{"not_picked":["Uppercut","True Grit"],"picked":"Intimidate","floor":22},{"not_picked":["Pommel Strike","Rupture","Perfected Strike"],"picked":"SKIP","floor":27},{"not_picked":["Body Slam","Reckless Charge"],"picked":"Inflame","floor":28}],"player_experience":475289,"relics_obtained":[{"floor":9,"key":"Kunai"},{"floor":12,"key":"Magic Flower"},{"floor":14,"key":"Vajra"},{"floor":26,"key":"Matryoshka"}],"event_choices":[{"cards_removed":["Strike_R"],"damage_healed":0,"gold_gain":0,"player_choice":"Purged","damage_taken":0,"max_hp_gain":0,"max_hp_loss":0,"event_name":"Purifier","floor":2,"gold_loss":0},{"damage_healed":0,"gold_gain":75,"player_choice":"Gather Gold","damage_taken":11,"max_hp_gain":0,"max_hp_loss":0,"event_name":"World of Goop","floor":5,"gold_loss":0},{"damage_healed":0,"gold_gain":0,"player_choice":"Success","damage_taken":3,"relics_obtained":["Ornamental Fan"],"max_hp_gain":0,"max_hp_loss":0,"event_name":"Scrap Ooze","floor":10,"gold_loss":0},{"damage_healed":0,"gold_gain":0,"player_choice":"Shed Blood","damage_taken":20,"max_hp_gain":5,"max_hp_loss":0,"event_name":"Forgotten Altar","floor":19,"gold_loss":0},{"damage_healed":28,"gold_gain":0,"player_choice":"Heal","damage_taken":0,"max_hp_gain":0,"max_hp_loss":0,"event_name":"The Library","floor":24,"gold_loss":0},{"damage_healed":0,"gold_gain":0,"player_choice":"Ignored","damage_taken":0,"max_hp_gain":0,"max_hp_loss":0,"event_name":"Beggar","floor":30,"gold_loss":0},{"damage_healed":0,"gold_gain":0,"cards_transformed":["Strike_R"],"player_choice":"Transformed","damage_taken":0,"max_hp_gain":0,"max_hp_loss":0,"event_name":"Transmorgrifier","floor":31,"gold_loss":0,"cards_obtained":["Headbutt"]}],"is_beta":false,"boss_relics":[{"not_picked":["Black Star","Philosopher\u0027s Stone"],"picked":"Tiny House"}],"items_purged_floors":[3],"is_endless":false,"potions_floor_spawned":[4,14,16,20,28],"killed_by":"Automaton","ascension_level":14}