{"gold_per_floor":[110,110,123,123,123,123,153,153,180,190,206,217,236,57,57,131,131,150,121,121],"floor_reached":20,"playtime":917,"items_purged":["Strike_R"],"score":352,"play_id":"85fcbcd2-0f13-471b-a3e1-278a0964c750","local_time":"20190402110321","is_ascension_mode":true,"campfire_choices":[{"data":"Cleave","floor":6,"key":"SMITH"},{"data":"Armaments","floor":8,"key":"SMITH"},{"floor":15,"key":"REST"}],"neow_cost":"PERCENT_DAMAGE","seed_source_timestamp":354302417866573,"circlet_count":0,"master_deck":["AscendersBane","Strike_R","Defend_R","Defend_R","Defend_R","Defend_R","Bash+1","Cleave+1","Anger+1","Armaments+1","Inflame","Headbutt","Reaper","Shrug It Off","Impervious","Intimidate+1","Limit Break+1","Twin Strike+1"],"relics":["Burning Blood","PreservedInsect","Regal Pillow","Astrolabe"],"potions_floor_usage":[11,13,16,16],"damage_taken":[{"damage":8,"enemies":"Jaw Worm","floor":1,"turns":7},{"damage":7,"enemies":"2 Louse","floor":3,"turns":4},{"damage":35,"enemies":"3 Sentries","floor":7,"turns":8},{"damage":1,"enemies":"Cultist","floor":10,"turns":3},{"damage":12,"enemies":"Lots of Slimes","floor":11,"turns":4},{"damage":17,"enemies":"3 Louse","floor":12,"turns":4},{"damage":16,"enemies":"Exordium Wildlife","floor":13,"turns":5},{"damage":14,"enemies":"Slime Boss","floor":16,"turns":10},{"damage":48,"enemies":"Spheric Guardian","floor":18,"turns":8},{"damage":22,"enemies":"2 Thieves","floor":19,"turns":4},{"damage":38,"enemies":"Sentry and Sphere","floor":20,"turns":5}],"seed_played":"-2631649199486322686","potions_obtained":[{"floor":7,"key":"FearPotion"},{"floor":10,"key":"SkillPotion"},{"floor":12,"key":"BloodPotion"}],"is_trial":false,"path_per_floor":["M","?","M","?","?","R","E","R","T","M","M","M","M","$","R","B",null,"M","M","M"],"character_chosen":"IRONCLAD","items_purchased":["Shrug It Off","Strength Potion"],"campfire_rested":1,"item_purchase_floors":[14,14],"current_hp_per_floor":[62,62,61,61,61,61,32,32,32,37,31,20,18,18,59,59,82,40,36,0],"gold":121,"neow_bonus":"TWENTY_PERCENT_HP_BONUS","is_prod":false,"is_daily":false,"chose_seed":false,"campfire_upgraded":2,"win_rate":0,"timestamp":1554170601,"path_taken":["M","?","M","?","?","R","E","R","T","M","M","M","M","$","R","BOSS","M","?","M"],"build_version":"2019-01-23","purchased_purges":1,"victory":false,"max_hp_per_floor":[89,89,89,89,89,89,89,89,89,89,89,89,89,89,89,89,89,89,89,89],"card_choices":[{"not_picked":["Flex","True Grit"],"picked":"Cleave","floor":1},{"not_picked":["True Grit","Body Slam"],"picked":"Anger","floor":3},{"not_picked":["Dark Embrace","Perfected Strike"],"picked":"Armaments","floor":7},{"not_picked":["Flex","Sword Boomerang"],"picked":"Inflame","floor":10},{"not_picked":["Cleave","Wild Strike"],"picked":"Headbutt","floor":11},{"not_picked":["True Grit","Burning Pact","Headbutt"],"picked":"SKIP","floor":12},{"not_picked":["Body Slam","Havoc"],"picked":"Reaper","floor":13},{"not_picked":["Reaper","Exhume"],"picked":"Impervious","floor":16},{"not_picked":["Burning Pact","True Grit","Combust+1"],"picked":"SKIP","floor":18},{"not_picked":["Thunderclap","Headbutt","Brutality"],"picked":"SKIP","floor":19}],"player_experience":814794,"relics_obtained":[{"floor":7,"key":"PreservedInsect"},{"floor":9,"key":"Regal Pillow"}],"event_choices":[{"damage_healed":0,"gold_gain":0,"player_choice":"Ignored","damage_taken":0,"max_hp_gain":0,"max_hp_loss":0,"event_name":"Liars Game","floor":2,"gold_loss":0},{"damage_healed":0,"gold_gain":0,"player_choice":"Grow","damage_taken":0,"max_hp_gain":0,"max_hp_loss":0,"event_name":"Living Wall","floor":4,"gold_loss":0,"cards_upgraded":["Bash"]},{"damage_healed":0,"gold_gain":0,"player_choice":"Upgraded","damage_taken":0,"max_hp_gain":0,"max_hp_loss":0,"event_name":"Upgrade Shrine","floor":5,"gold_loss":0,"cards_upgraded":["Anger"]}],"is_beta":false,"boss_relics":[{"not_picked":["Busted Crown","Calling Bell"],"picked":"Astrolabe"}],"items_purged_floors":[14],"is_endless":false,"potions_floor_spawned":[7,10,12],"killed_by":"Sentry and Sphere","ascension_level":20}