{"path_per_floor":["M","$","?","M","M","R","E","R","T","E","T","R","M","M","R","B",null,"M","M","$","M","$","E","R"],"character_chosen":"THE_SILENT","items_purchased":["Glass Knife"],"gold_per_floor":[114,39,39,58,69,69,100,100,100,130,130,130,143,153,153,256,256,267,277,20,40,40,368,368,368],"floor_reached":25,"campfire_rested":1,"playtime":1574,"item_purchase_floors":[20],"current_hp_per_floor":[67,67,67,67,66,66,65,65,65,70,70,70,70,70,70,38,70,69,55,55,27,27,16,37,0],"items_purged":["Strike_G","Normality"],"gold":368,"score":243,"play_id":"e20f0fa3-4a78-4fe1-8cb2-d4b4b2bf04ab","local_time":"20180613225421","is_prod":false,"is_daily":false,"chose_seed":false,"is_ascension_mode":true,"campfire_upgraded":4,"win_rate":0,"timestamp":1528948461,"campfire_choices":[{"data":"Crippling Poison","floor":6,"key":"SMITH"},{"data":"Glass Knife","floor":8,"key":"SMITH"},{"data":"Dash","floor":12,"key":"SMITH"},{"data":"Bouncing Flask","floor":15,"key":"SMITH"},{"floor":24,"key":"REST"}],"path_taken":["M","$","?","M","M","R","E","R","T","E","?","R","M","M","R","BOSS","M","M","$","M","$","E","R","E"],"build_version":"2018-06-07v3","seed_source_timestamp":13005199031720,"purchased_purges":2,"victory":false,"master_deck":["Defend_G","Defend_G","Defend_G","Defend_G","Defend_G","Strike_G","Strike_G","Strike_G","Strike_G","Survivor","Neutralize","Dash+1","Crippling Poison+1","Bane","Glass Knife+1","Bouncing Flask+1","Well Laid Plans+1","Night Terror","Regret","Clumsy","Infinite Blades+1","Dodge and Roll+1","Catalyst","Caltrops+1","Glass Knife","Slice","Caltrops+1","Noxious Fumes+1"],"max_hp_per_floor":[70,70,70,70,70,70,70,70,70,70,70,70,70,70,70,70,70,70,70,70,70,70,70,70,70],"relics":["Velvet Choker","Frozen Egg 2","Anchor","Tough Bandages","Prayer Wheel","Calling Bell","Bag of Marbles","Kunai","Torii","Old Coin"],"card_choices":[{"not_picked":["Flying Knee","Accuracy"],"picked":"Dash","floor":1},{"not_picked":["Poisoned Stab","Dodge and Roll"],"picked":"Crippling Poison","floor":4},{"not_picked":["Dagger Spray","Predator"],"picked":"Bane","floor":5},{"not_picked":["Skewer","Leg Sweep"],"picked":"Glass Knife","floor":7},{"not_picked":["Flying Knee","PiercingWail","Acrobatics"],"picked":"SKIP","floor":10},{"not_picked":["Dodge and Roll","Quick Slash"],"picked":"Bouncing Flask","floor":13},{"not_picked":["Dodge and Roll","Deflect","Acrobatics"],"picked":"SKIP","floor":13},{"not_picked":["Storm of Steel","Outmaneuver"],"picked":"Well Laid Plans+1","floor":14},{"not_picked":["Malaise","Skewer","Dagger Spray"],"picked":"SKIP","floor":14},{"not_picked":["Phantasmal Killer","Storm of Steel"],"picked":"Night Terror","floor":16},{"not_picked":["Poisoned Stab","Crippling Poison"],"picked":"Infinite Blades+1","floor":18},{"not_picked":["Dagger Spray","Acrobatics"],"picked":"Dodge and Roll+1","floor":18},{"not_picked":["PiercingWail+1","Bouncing Flask"],"picked":"Catalyst","floor":19},{"not_picked":["Terror","Outmaneuver"],"picked":"Caltrops+1","floor":19},{"not_picked":["Quick Slash","Expertise"],"picked":"Slice","floor":21},{"not_picked":["Dash","Poisoned Stab"],"picked":"Caltrops+1","floor":21},{"not_picked":["Backflip","Quick Slash"],"picked":"Noxious Fumes+1","floor":23}],"player_experience":109137,"potions_floor_usage":[7,10,16,23,25],"damage_taken":[{"damage":3,"enemies":"Jaw Worm","floor":1,"turns":4},{"damage":0,"enemies":"Small Slimes","floor":4,"turns":3},{"damage":1,"enemies":"2 Louse","floor":5,"turns":2},{"damage":1,"enemies":"3 Sentries","floor":7,"turns":10},{"damage":3,"enemies":"Lagavulin","floor":10,"turns":4},{"damage":0,"enemies":"Blue Slaver","floor":13,"turns":2},{"damage":0,"enemies":"3 Louse","floor":14,"turns":2},{"damage":32,"enemies":"Hexaghost","floor":16,"turns":7},{"damage":1,"enemies":"2 Thieves","floor":18,"turns":4},{"damage":14,"enemies":"3 Byrds","floor":19,"turns":6},{"damage":28,"enemies":"Sentry and Sphere","floor":21,"turns":6},{"damage":11,"enemies":"Slavers","floor":23,"turns":5},{"damage":39,"enemies":"Gremlin Leader","floor":25,"turns":4}],"relics_obtained":[{"floor":7,"key":"Frozen Egg 2"},{"floor":9,"key":"Anchor"},{"floor":10,"key":"Tough Bandages"},{"floor":11,"key":"Prayer Wheel"},{"floor":17,"key":"Bag of Marbles"},{"floor":17,"key":"Kunai"},{"floor":17,"key":"Torii"},{"floor":23,"key":"Old Coin"}],"event_choices":[{"event_name":"The Cleric","player_choice":"Leave","floor":3,"damage_taken":0}],"boss_relics":[{"not_picked":["Astrolabe","Runic Dome"],"picked":"Calling Bell"}],"items_purged_floors":[2,20],"potions_floor_spawned":[1,4,13,21,23],"seed_played":"-3874039345942128975","killed_by":"Gremlin Leader","ascension_level":1,"potions_obtained":[{"floor":1,"key":"Fire Potion"},{"floor":4,"key":"Regen Potion"},{"floor":13,"key":"AttackPotion"},{"floor":21,"key":"Weak Potion"},{"floor":23,"key":"FearPotion"}],"is_trial":false}