{"gold_per_floor":[114,114,114,79,98,98,23,23,70,88,100,111,111,145,145,219,219,235,55,55,55,55,55,75,85,112,112,130,130,130,130,130,130],"floor_reached":33,"playtime":1108,"items_purged":["Regret","Strike_G"],"score":474,"play_id":"a8e42c82-e303-4e59-9b17-e5aefc94a464","local_time":"20190306101357","is_ascension_mode":true,"campfire_choices":[{"data":"Neutralize","floor":6,"key":"SMITH"},{"data":"PiercingWail","floor":8,"key":"SMITH"},{"data":"Dagger Spray","floor":13,"key":"SMITH"},{"data":"Noxious Fumes","floor":15,"key":"SMITH"},{"data":"Poisoned Stab","floor":23,"key":"SMITH"},{"data":"Footwork","floor":27,"key":"SMITH"},{"data":"Footwork","floor":30,"key":"SMITH"},{"data":"Survivor","floor":32,"key":"SMITH"}],"neow_cost":"NONE","seed_source_timestamp":621042175959707,"circlet_count":0,"master_deck":["AscendersBane","Defend_G","Defend_G","Defend_G","Defend_G","Defend_G","Strike_G","Strike_G","Strike_G","Survivor+1","Neutralize+1","PiercingWail+1","Leg Sweep+1","Noxious Fumes+1","PiercingWail+1","Dagger Spray+1","Poisoned Stab+1","Bullet Time+1","Footwork+1","PiercingWail+1","Dodge and Roll+1","Footwork+1","Ghostly+1","Ghostly+1","Ghostly+1"],"relics":["Ring of the Snake","NeowsBlessing","Toxic Egg 2","Bag of Preparation","Mercury Hourglass","Eternal Feather","Bronze Scales"],"potions_floor_usage":[14,33],"damage_taken":[{"damage":0,"enemies":"Small Slimes","floor":1,"turns":1},{"damage":0,"enemies":"Jaw Worm","floor":5,"turns":1},{"damage":0,"enemies":"2 Louse","floor":10,"turns":2},{"damage":9,"enemies":"Exordium Wildlife","floor":11,"turns":8},{"damage":2,"enemies":"Red Slaver","floor":12,"turns":6},{"damage":8,"enemies":"Gremlin Nob","floor":14,"turns":5},{"damage":11,"enemies":"The Guardian","floor":16,"turns":11},{"damage":8,"enemies":"Shell Parasite","floor":18,"turns":6},{"damage":2,"enemies":"3 Byrds","floor":24,"turns":4},{"damage":10,"enemies":"3 Cultists","floor":25,"turns":6},{"damage":6,"enemies":"Cultist and Chosen","floor":28,"turns":7},{"damage":45,"enemies":"Champ","floor":33,"turns":18}],"seed_played":"5809871230682128736","potions_obtained":[{"floor":5,"key":"EssenceOfSteel"},{"floor":10,"key":"GhostInAJar"},{"floor":12,"key":"GhostInAJar"},{"floor":18,"key":"Energy Potion"}],"is_trial":false,"path_per_floor":["M","?","?","?","M","R","$","R","T","M","M","M","R","E","R","B",null,"M","$","?","?","$","R","M","M","T","R","M","?","R","?","R","B"],"character_chosen":"THE_SILENT","items_purchased":["Footwork"],"campfire_rested":0,"item_purchase_floors":[19],"current_hp_per_floor":[59,52,52,66,66,66,66,66,66,66,57,55,55,47,47,36,59,51,51,51,33,33,42,40,30,30,42,36,36,48,35,35,0],"gold":130,"neow_bonus":"THREE_ENEMY_KILL","is_prod":false,"is_daily":false,"chose_seed":false,"campfire_upgraded":8,"win_rate":0,"timestamp":1551834837,"path_taken":["M","?","?","?","M","R","$","R","T","M","?","M","R","E","R","BOSS","M","$","?","?","?","R","M","?","T","R","M","?","R","?","R","BOSS"],"build_version":"2019-01-23","purchased_purges":2,"victory":false,"max_hp_per_floor":[66,66,66,66,66,66,66,66,66,66,66,66,66,66,66,66,66,66,66,66,71,71,71,71,71,71,71,71,71,71,35,35,35],"card_choices":[{"not_picked":["Flying Knee","Distraction"],"picked":"PiercingWail","floor":1},{"not_picked":["Sucker Punch","Footwork"],"picked":"Leg Sweep+1","floor":5},{"not_picked":["Deflect+1","Calculated Gamble+1"],"picked":"Noxious Fumes","floor":10},{"not_picked":["Endless Agony","Sucker Punch"],"picked":"PiercingWail+1","floor":11},{"not_picked":["Sucker Punch","Dagger Throw"],"picked":"Dagger Spray","floor":12},{"not_picked":["Backstab","Dagger Throw"],"picked":"Poisoned Stab","floor":14},{"not_picked":["Die Die Die","Tools of the Trade"],"picked":"Bullet Time+1","floor":16},{"not_picked":["Acrobatics+1","Quick Slash","Choke"],"picked":"SKIP","floor":18},{"not_picked":["Deadly Poison+1","Dagger Spray"],"picked":"PiercingWail+1","floor":24},{"not_picked":["Infinite Blades","Quick Slash"],"picked":"Dodge and Roll+1","floor":25},{"not_picked":["PiercingWail+1","Deflect+1"],"picked":"Footwork","floor":28}],"player_experience":629649,"relics_obtained":[{"floor":9,"key":"Bag of Preparation"},{"floor":14,"key":"Mercury Hourglass"},{"floor":26,"key":"Bronze Scales"}],"event_choices":[{"cards_removed":["Strike_G"],"damage_healed":0,"gold_gain":0,"player_choice":"Card Removal","damage_taken":7,"max_hp_gain":0,"max_hp_loss":0,"event_name":"Golden Wing","floor":2,"gold_loss":0},{"damage_healed":0,"gold_gain":0,"player_choice":"Box","damage_taken":0,"relics_obtained":["Toxic Egg 2"],"max_hp_gain":0,"max_hp_loss":0,"event_name":"Big Fish","floor":3,"gold_loss":0,"cards_obtained":["Regret"]},{"damage_healed":16,"gold_gain":0,"player_choice":"Healed","damage_taken":0,"max_hp_gain":0,"max_hp_loss":0,"event_name":"The Cleric","floor":4,"gold_loss":35},{"damage_healed":0,"gold_gain":0,"player_choice":"Ignored","damage_taken":0,"max_hp_gain":0,"max_hp_loss":0,"event_name":"Vampires","floor":20,"gold_loss":0},{"damage_healed":0,"gold_gain":0,"player_choice":"Shed Blood","damage_taken":23,"max_hp_gain":5,"max_hp_loss":0,"event_name":"Forgotten Altar","floor":21,"gold_loss":0},{"damage_healed":0,"gold_gain":0,"player_choice":"Ignored","damage_taken":0,"max_hp_gain":0,"max_hp_loss":0,"event_name":"The Mausoleum","floor":29,"gold_loss":0},{"damage_healed":0,"gold_gain":0,"player_choice":"Became a Ghost","damage_taken":0,"max_hp_gain":0,"max_hp_loss":36,"event_name":"Ghosts","floor":31,"gold_loss":0,"cards_obtained":["Ghostly","Ghostly","Ghostly"]}],"is_beta":false,"boss_relics":[{"not_picked":["Pandora\u0027s Box","Calling Bell"],"picked":"Eternal Feather"}],"items_purged_floors":[7,19],"is_endless":false,"potions_floor_spawned":[5,10,12,18,25],"killed_by":"Champ","ascension_level":19}