{"gold_per_floor":[113,123,123,135,6,6,32,32,101,114,114,125,154,170,170,270,270,282,253,253,266,290,290,309,319,345,168,187,187,198,198,198,198],"floor_reached":33,"playtime":2124,"items_purged":["Defend_R","Regret"],"score":286,"play_id":"28b8d936-5be0-4912-b0d7-521c975997c5","local_time":"20181218144330","is_ascension_mode":false,"campfire_choices":[{"data":"Iron Wave","floor":6,"key":"SMITH"},{"floor":15,"key":"REST"},{"data":"1","floor":23,"key":"LIFT"},{"floor":32,"key":"REST"}],"neow_cost":"PERCENT_DAMAGE","seed_source_timestamp":178048053268099,"circlet_count":0,"master_deck":["Strike_R","Strike_R","Strike_R","Strike_R","Defend_R","Defend_R","Defend_R","Bash","Iron Wave+1","Shrug It Off","Entrench","Cleave","Heavy Blade","Armaments","Demon Form","Heavy Blade","RitualDagger","Dual Wield+1","Armaments+1","Spot Weakness","J.A.X."],"relics":["Black Blood","Red Skull","Self Forming Clay","Sundial","Girya","Bronze Scales"],"potions_floor_usage":[13],"damage_taken":[{"damage":3,"enemies":"Small Slimes","floor":1,"turns":4},{"damage":1,"enemies":"2 Louse","floor":2,"turns":3},{"damage":1,"enemies":"Jaw Worm","floor":4,"turns":3},{"damage":44,"enemies":"Lagavulin","floor":7,"turns":8},{"damage":8,"enemies":"Gremlin Gang","floor":10,"turns":4},{"damage":5,"enemies":"Lots of Slimes","floor":12,"turns":3},{"damage":11,"enemies":"3 Sentries","floor":13,"turns":5},{"damage":9,"enemies":"3 Louse","floor":14,"turns":2},{"damage":43,"enemies":"Slime Boss","floor":16,"turns":14},{"damage":22,"enemies":"Shell Parasite","floor":18,"turns":5},{"damage":25,"enemies":"2 Thieves","floor":19,"turns":5},{"damage":26,"enemies":"Sentry and Sphere","floor":21,"turns":5},{"damage":31,"enemies":"Centurion and Healer","floor":24,"turns":5},{"damage":13,"enemies":"3 Cultists","floor":25,"turns":5},{"damage":10,"enemies":"Cultist and Chosen","floor":28,"turns":6},{"damage":11,"enemies":"Sentry and Sphere","floor":30,"turns":4},{"damage":84,"enemies":"Collector","floor":33,"turns":8}],"seed_played":"-7291490495028169178","potions_obtained":[{"floor":2,"key":"Strength Potion"},{"floor":7,"key":"FairyPotion"},{"floor":12,"key":"Strength Potion"},{"floor":13,"key":"Swift Potion"},{"floor":21,"key":"FairyPotion"}],"is_trial":false,"path_per_floor":["M","M","?","M","$","R","E","?","T","M","?","M","E","M","R","B",null,"M","M","?","M","T","R","M","M","T","$","M","?","M","?","R","B"],"character_chosen":"IRONCLAD","items_purchased":["Shrug It Off","Spot Weakness"],"campfire_rested":2,"item_purchase_floors":[5,27],"current_hp_per_floor":[75,80,73,78,78,78,40,40,40,38,38,39,34,31,59,22,96,84,69,63,47,47,47,26,23,23,23,23,23,22,22,50,0],"gold":198,"neow_bonus":"TWENTY_PERCENT_HP_BONUS","is_prod":false,"is_daily":false,"chose_seed":false,"campfire_upgraded":1,"win_rate":0,"timestamp":1545162210,"path_taken":["M","M","?","M","$","R","E","?","T","M","?","M","E","M","R","BOSS","M","M","?","M","?","R","M","?","T","?","M","?","M","?","R","BOSS"],"build_version":"2018-12-13","purchased_purges":2,"victory":false,"max_hp_per_floor":[96,96,96,96,96,96,96,96,96,96,96,96,96,96,96,96,96,96,96,96,96,96,96,96,96,96,96,96,96,96,96,96,96],"card_choices":[{"not_picked":["Clothesline","Pommel Strike"],"picked":"Iron Wave","floor":1},{"not_picked":["Combust","Flex","Pommel Strike"],"picked":"SKIP","floor":2},{"not_picked":["Feel No Pain","Hemokinesis","Clothesline"],"picked":"SKIP","floor":4},{"not_picked":["Pummel","Limit Break"],"picked":"Entrench","floor":7},{"not_picked":["Sword Boomerang","Clothesline"],"picked":"Cleave","floor":10},{"not_picked":["Warcry","Corruption","Wild Strike"],"picked":"SKIP","floor":12},{"not_picked":["Headbutt","Whirlwind"],"picked":"Heavy Blade","floor":13},{"not_picked":["Uppercut","Heavy Blade"],"picked":"Armaments","floor":14},{"not_picked":["Offering","Dark Embrace"],"picked":"Demon Form","floor":16},{"not_picked":["Shockwave+1","Whirlwind"],"picked":"Heavy Blade","floor":18},{"not_picked":["Battle Trance","Body Slam","Sword Boomerang"],"picked":"SKIP","floor":19},{"not_picked":["Shrug It Off","Combust"],"picked":"Dual Wield+1","floor":21},{"not_picked":["Rage+1","Clothesline+1"],"picked":"Armaments+1","floor":24},{"not_picked":["Carnage","Iron Wave","Headbutt"],"picked":"SKIP","floor":25},{"not_picked":["Flame Barrier","Anger+1","Perfected Strike+1"],"picked":"SKIP","floor":28},{"not_picked":["Wild Strike","Havoc","Clothesline"],"picked":"SKIP","floor":30}],"player_experience":79448,"relics_obtained":[{"floor":7,"key":"Red Skull"},{"floor":9,"key":"Sundial"},{"floor":13,"key":"Girya"},{"floor":26,"key":"Bronze Scales"}],"event_choices":[{"cards_removed":["Strike_R"],"damage_healed":0,"gold_gain":0,"player_choice":"Card Removal","damage_taken":7,"max_hp_gain":0,"max_hp_loss":0,"event_name":"Golden Wing","floor":3,"gold_loss":0},{"damage_healed":0,"gold_gain":0,"player_choice":"Box","damage_taken":0,"relics_obtained":["Self Forming Clay"],"max_hp_gain":0,"max_hp_loss":0,"event_name":"Big Fish","floor":8,"gold_loss":0,"cards_obtained":["Regret"]},{"damage_healed":0,"gold_gain":0,"player_choice":"Ignored","damage_taken":0,"max_hp_gain":0,"max_hp_loss":0,"event_name":"Shining Light","floor":11,"gold_loss":0},{"damage_healed":0,"gold_gain":0,"player_choice":"Joined the Cult","damage_taken":6,"max_hp_gain":0,"max_hp_loss":0,"event_name":"Nest","floor":20,"gold_loss":0,"cards_obtained":["RitualDagger"]},{"damage_healed":0,"gold_gain":0,"player_choice":"Obtain J.A.X.","damage_taken":0,"max_hp_gain":0,"max_hp_loss":0,"event_name":"Drug Dealer","floor":29,"gold_loss":0,"cards_obtained":["J.A.X."]},{"damage_healed":0,"gold_gain":0,"player_choice":"Ignored","damage_taken":0,"max_hp_gain":0,"max_hp_loss":0,"event_name":"Ghosts","floor":31,"gold_loss":0}],"is_beta":false,"boss_relics":[{"not_picked":["Velvet Choker","Cursed Key"],"picked":"Black Blood"}],"items_purged_floors":[5,27],"is_endless":false,"potions_floor_spawned":[2,7,12,13,14,21,24,30],"killed_by":"Collector","ascension_level":0}