{"gold_per_floor":[114,189,189,189,202,202,217,217,229,241,269,281,310,34,34,111,111,71,71,87,87,87,87,115,115,138,138,150,13,31,41,41,113,113,129,141,141,91,91,123,123,73,97,112,112,112,130,162,162,162],"floor_reached":50,"playtime":2431,"items_purged":["Regret","Strike_B","Strike_B+1","Defend_B"],"score":1091,"play_id":"b0e2c9a3-d3de-4615-937c-db6059ad1b8f","local_time":"20190429023030","is_ascension_mode":true,"campfire_choices":[{"data":"Self Repair","floor":6,"key":"SMITH"},{"data":"Hologram","floor":12,"key":"SMITH"},{"data":"Loop","floor":15,"key":"SMITH"},{"data":"Steam Power","floor":23,"key":"SMITH"},{"data":"Coolheaded","floor":25,"key":"SMITH"},{"data":"Buffer","floor":27,"key":"SMITH"},{"data":"Doom and Gloom","floor":32,"key":"SMITH"},{"floor":41,"key":"RECALL"},{"floor":45,"key":"REST"},{"floor":49,"key":"REST"}],"neow_cost":"NONE","seed_source_timestamp":271421614863000,"circlet_count":0,"master_deck":["AscendersBane","Defend_B+1","Defend_B+1","Defend_B","Zap","Dualcast","Self Repair+1","Glacier","Loop+1","Steam Power+1","Zap","Hologram+1","Compile Driver","Conserve Battery","Buffer+1","Necronomicurse","Coolheaded+1","Doom and Gloom+1","Glacier","Echo Form","Hologram+1","Loop+1","Sunder"],"relics":["Velvet Choker","Sundial","MawBank","Oddly Smooth Stone","DataDisk","Snecko Eye","Necronomicon","Cables","Whetstone","Smiling Mask","Fusion Hammer","CultistMask","Gremlin Horn","War Paint","Blood Vial"],"potions_floor_usage":[11,24,35],"damage_taken":[{"damage":7,"enemies":"Jaw Worm","floor":1,"turns":3},{"damage":2,"enemies":"2 Louse","floor":5,"turns":6},{"damage":7,"enemies":"Small Slimes","floor":7,"turns":5},{"damage":5,"enemies":"Exordium Thugs","floor":11,"turns":6},{"damage":2,"enemies":"2 Fungi Beasts","floor":13,"turns":4},{"damage":30,"enemies":"Slime Boss","floor":16,"turns":12},{"damage":16,"enemies":"2 Thieves","floor":18,"turns":5},{"damage":5,"enemies":"Spheric Guardian","floor":20,"turns":4},{"damage":6,"enemies":"Slavers","floor":24,"turns":8},{"damage":3,"enemies":"Shelled Parasite and Fungi","floor":28,"turns":8},{"damage":12,"enemies":"3 Cultists","floor":30,"turns":4},{"damage":0,"enemies":"Centurion and Healer","floor":31,"turns":4},{"damage":13,"enemies":"Automaton","floor":33,"turns":10},{"damage":0,"enemies":"Orb Walker","floor":35,"turns":3},{"damage":0,"enemies":"3 Darklings","floor":36,"turns":5},{"damage":13,"enemies":"Reptomancer","floor":40,"turns":8},{"damage":0,"enemies":"Maw","floor":44,"turns":5},{"damage":34,"enemies":"Transient","floor":47,"turns":6},{"damage":32,"enemies":"Giant Head","floor":48,"turns":11},{"damage":64,"enemies":"Time Eater","floor":50,"turns":12}],"seed_played":"-1503975295617455268","potions_obtained":[{"floor":1,"key":"Explosive Potion"},{"floor":11,"key":"Energy Potion"},{"floor":18,"key":"Poison Potion"},{"floor":28,"key":"Weak Potion"},{"floor":35,"key":"PowerPotion"},{"floor":44,"key":"FocusPotion"}],"is_trial":false,"path_per_floor":["M","?","?","?","M","R","M","?","T","?","M","R","M","$","R","B",null,"M","$","M","?","T","R","E","R","T","R","M","$","M","M","R","B",null,"M","M","?","$","?","E","R","$","T","M","R","?","M","E","R","B"],"character_chosen":"DEFECT","items_purchased":["DataDisk","Conserve Battery","Doom and Gloom"],"campfire_rested":2,"item_purchase_floors":[14,14,29],"current_hp_per_floor":[57,46,46,46,51,51,54,49,49,49,54,54,62,62,62,42,64,48,48,53,32,32,32,36,36,36,36,43,43,41,51,51,48,65,71,71,71,71,71,71,71,71,71,71,71,71,37,15,36,0],"gold":162,"neow_bonus":"BOSS_RELIC","is_prod":false,"is_daily":false,"chose_seed":false,"campfire_upgraded":7,"win_rate":0,"timestamp":1556497830,"path_taken":["M","?","?","?","?","R","M","?","T","?","?","R","M","$","R","BOSS","M","$","?","?","?","R","E","R","T","R","M","?","?","M","R","BOSS","M","M","?","$","?","E","R","$","T","?","R","?","M","E","R","BOSS"],"build_version":"2019-01-23","purchased_purges":4,"victory":false,"max_hp_per_floor":[71,71,71,71,71,71,71,71,71,71,71,71,71,71,71,71,71,71,71,71,71,71,71,71,71,71,71,71,71,71,71,71,71,71,71,71,71,71,71,71,71,71,71,71,71,71,71,71,71,71],"card_choices":[{"not_picked":["Aggregate","Steam"],"picked":"Self Repair","floor":1},{"not_picked":["Steam Power","Chaos"],"picked":"Loop","floor":5},{"not_picked":["Reinforced Body","Auto Shields"],"picked":"Steam Power","floor":7},{"not_picked":["Rebound","Leap"],"picked":"Hologram","floor":11},{"not_picked":["BootSequence","Beam Cell"],"picked":"Compile Driver","floor":13},{"not_picked":["Reboot","Amplify"],"picked":"Buffer","floor":16},{"not_picked":["Redo","Tempest","Chaos"],"picked":"SKIP","floor":18},{"not_picked":["Conserve Battery","Streamline","Steam+1"],"picked":"SKIP","floor":20},{"not_picked":["Hello World","Ball Lightning"],"picked":"Coolheaded","floor":24},{"not_picked":["Rebound","Reprogram","Sweeping Beam"],"picked":"SKIP","floor":28},{"not_picked":["Loop","Reprogram","Redo"],"picked":"SKIP","floor":30},{"not_picked":["Hologram","Lockon"],"picked":"Glacier","floor":31},{"not_picked":["Creative AI","Seek"],"picked":"Echo Form","floor":33},{"not_picked":["Sweeping Beam","Genetic Algorithm","Cold Snap"],"picked":"SKIP","floor":35},{"not_picked":["Redo","Compile Driver","Leap+1"],"picked":"SKIP","floor":36},{"not_picked":["Redo+1","Hologram","Streamline"],"picked":"SKIP","floor":40},{"not_picked":["Streamline","Steam"],"picked":"Hologram+1","floor":44},{"not_picked":["Redo","Static Discharge"],"picked":"Loop+1","floor":47},{"not_picked":["Beam Cell+1","Chaos"],"picked":"Sunder","floor":48}],"player_experience":615169,"relics_obtained":[{"floor":9,"key":"Oddly Smooth Stone"},{"floor":21,"key":"Necronomicon"},{"floor":22,"key":"Cables"},{"floor":24,"key":"Whetstone"},{"floor":26,"key":"Smiling Mask"},{"floor":40,"key":"Gremlin Horn"},{"floor":43,"key":"War Paint"},{"floor":48,"key":"Blood Vial"}],"event_choices":[{"damage_healed":0,"gold_gain":75,"player_choice":"Gather Gold","damage_taken":11,"max_hp_gain":0,"max_hp_loss":0,"event_name":"World of Goop","floor":2,"gold_loss":0},{"damage_healed":0,"gold_gain":0,"player_choice":"Box","damage_taken":0,"relics_obtained":["Sundial"],"max_hp_gain":0,"max_hp_loss":0,"event_name":"Big Fish","floor":3,"gold_loss":0,"cards_obtained":["Regret"]},{"damage_healed":0,"gold_gain":0,"cards_transformed":["Strike_B"],"player_choice":"Transformed","damage_taken":0,"max_hp_gain":0,"max_hp_loss":0,"event_name":"Transmorgrifier","floor":4,"gold_loss":0,"cards_obtained":["Glacier"]},{"damage_healed":0,"gold_gain":0,"player_choice":"Success","damage_taken":5,"relics_obtained":["MawBank"],"max_hp_gain":0,"max_hp_loss":0,"event_name":"Scrap Ooze","floor":8,"gold_loss":0},{"damage_healed":0,"gold_gain":0,"player_choice":"1 cards matched","damage_taken":0,"max_hp_gain":0,"max_hp_loss":0,"event_name":"Match and Keep!","floor":10,"gold_loss":0,"cards_obtained":["Zap"]},{"damage_healed":0,"gold_gain":0,"player_choice":"Obtained Book","damage_taken":21,"max_hp_gain":0,"max_hp_loss":0,"event_name":"Cursed Tome","floor":21,"gold_loss":0},{"damage_healed":0,"gold_gain":0,"player_choice":"Ignored","damage_taken":0,"max_hp_gain":0,"max_hp_loss":0,"event_name":"Tomb of Lord Red Mask","floor":37,"gold_loss":0},{"damage_healed":0,"gold_gain":0,"player_choice":"Trade","damage_taken":0,"relics_obtained":["CultistMask"],"max_hp_gain":0,"max_hp_loss":0,"event_name":"FaceTrader","floor":39,"gold_loss":0},{"cards_removed":["Strike_B"],"damage_healed":0,"gold_gain":0,"player_choice":"Removed Attack","damage_taken":0,"max_hp_gain":0,"max_hp_loss":0,"event_name":"Falling","floor":46,"gold_loss":0}],"is_beta":false,"boss_relics":[{"not_picked":["Pandora\u0027s Box","Inserter"],"picked":"Snecko Eye"},{"not_picked":["Runic Pyramid","Empty Cage"],"picked":"Fusion Hammer"}],"items_purged_floors":[14,29,38,42],"is_endless":false,"potions_floor_spawned":[1,11,18,28,30,33,35,44],"killed_by":"Time Eater","ascension_level":20}