{"gold_per_floor":[116,133,146,37,37,80,10,10,10,10,10,10,25,60,60,190,190,208,307,307,327,327,370,370,370,370,285,301,29,45,65,65,184,184,203,103,436,455,466,466,494,494,549,159,179,0,34,34],"floor_reached":48,"playtime":3295,"items_purged":["Strike_R","Strike_R","Defend_R","Strike_R"],"score":566,"play_id":"c834b8fa-48d9-48c9-9f05-76c838b4b649","local_time":"20180929235324","is_ascension_mode":false,"campfire_choices":[{"data":"Inflame","floor":8,"key":"SMITH"},{"data":"Intimidate","floor":10,"key":"SMITH"},{"data":"Iron Wave","floor":15,"key":"SMITH"},{"data":"Barricade","floor":25,"key":"SMITH"},{"data":"Inflame","floor":32,"key":"SMITH"},{"floor":40,"key":"REST"},{"data":"Rage","floor":42,"key":"SMITH"}],"neow_cost":"NONE","seed_source_timestamp":12391347943707,"circlet_count":0,"master_deck":["Strike_R","Defend_R","Defend_R","Defend_R","Bash","Cleave","Spot Weakness","Inflame+1","Rampage","Heavy Blade","Intimidate+1","Iron Wave+1","Barricade+1","Twin Strike","Whirlwind","Shrug It Off+1","Inflame+1","Rage+1","Shrug It Off","Cleave+1","Reaper","Rage+1","Heavy Blade","Cleave"],"relics":["Black Blood","Orichalcum","Matryoshka","Bottled Tornado","Velvet Choker","MutagenicStrength","Lantern","Red Skull","The Courier","Blood Vial","Art of War","Anchor","Tiny Chest","Regal Pillow","PreservedInsect","Red Mask","Incense Burner"],"potions_floor_usage":[23,23,39],"damage_taken":[{"damage":6,"enemies":"Cultist","floor":1,"turns":3},{"damage":0,"enemies":"2 Louse","floor":2,"turns":2},{"damage":2,"enemies":"Small Slimes","floor":3,"turns":3},{"damage":27,"enemies":"Gremlin Nob","floor":6,"turns":4},{"damage":12,"enemies":"Exordium Thugs","floor":13,"turns":4},{"damage":11,"enemies":"Lagavulin","floor":14,"turns":5},{"damage":10,"enemies":"Hexaghost","floor":16,"turns":8},{"damage":9,"enemies":"Chosen","floor":18,"turns":5},{"damage":4,"enemies":"Spheric Guardian","floor":21,"turns":3},{"damage":9,"enemies":"Gremlin Leader","floor":23,"turns":6},{"damage":0,"enemies":"Cultist and Chosen","floor":28,"turns":3},{"damage":16,"enemies":"Snake Plant","floor":30,"turns":3},{"damage":6,"enemies":"3 Cultists","floor":31,"turns":3},{"damage":52,"enemies":"Champ","floor":33,"turns":12},{"damage":45,"enemies":"3 Darklings","floor":35,"turns":4},{"damage":16,"enemies":"Orb Walker","floor":38,"turns":4},{"damage":30,"enemies":"Sphere and 2 Shapes","floor":39,"turns":8},{"damage":47,"enemies":"2 Orb Walkers","floor":41,"turns":5},{"damage":50,"enemies":"4 Shapes","floor":45,"turns":3},{"damage":22,"enemies":"Nemesis","floor":47,"turns":5},{"damage":29,"enemies":"Spire Growth","floor":48,"turns":3}],"seed_played":"5460164931099283926","potions_obtained":[{"floor":6,"key":"Ancient Potion"},{"floor":12,"key":"Block Potion"},{"floor":12,"key":"Poison Potion"},{"floor":13,"key":"Block Potion"},{"floor":21,"key":"Fire Potion"},{"floor":23,"key":"Swift Potion"},{"floor":39,"key":"LiquidBronze"}],"is_trial":false,"path_per_floor":["M","M","M","$","?","E","$","R","T","R","?","?","M","E","R","B",null,"M","?","?","M","?","E","?","R","T","?","M","$","M","M","R","B",null,"M","$","?","M","M","R","E","R","T","$","M","?","E"],"character_chosen":"IRONCLAD","items_purchased":["Rampage","Intimidate","Inflame","Rage","Shrug It Off","Regen Potion","Regal Pillow","PreservedInsect","Heavy Blade"],"campfire_rested":1,"item_purchase_floors":[4,7,29,29,29,29,44,44,44],"current_hp_per_floor":[80,80,80,80,60,39,39,39,39,39,65,65,59,54,54,50,80,77,77,77,79,79,76,76,76,76,76,80,80,70,72,72,35,80,55,55,55,51,45,69,43,43,43,43,35,35,26,0],"gold":34,"neow_bonus":"REMOVE_CARD","is_prod":false,"is_daily":false,"chose_seed":false,"campfire_upgraded":6,"win_rate":0.0,"timestamp":1538258004,"path_taken":["M","?","M","$","?","E","?","R","T","R","?","?","?","E","R","BOSS","M","?","?","?","?","E","?","R","T","?","?","$","?","M","R","BOSS","M","$","?","M","?","R","E","R","T","$","M","?","E","?"],"build_version":"2018-09-27","purchased_purges":4,"victory":false,"max_hp_per_floor":[80,80,80,80,80,80,80,80,80,80,80,80,80,80,80,80,80,80,80,80,80,80,80,80,80,80,80,80,80,80,80,80,80,80,80,80,80,80,80,80,80,80,80,80,80,80,80,80],"card_choices":[{"not_picked":["Twin Strike","Sword Boomerang"],"picked":"Cleave","floor":1},{"not_picked":["Body Slam","Rampage"],"picked":"Spot Weakness","floor":2},{"not_picked":["Feel No Pain","True Grit"],"picked":"Inflame","floor":3},{"not_picked":["Pommel Strike","Headbutt"],"picked":"Heavy Blade","floor":6},{"not_picked":["Anger","Whirlwind"],"picked":"Iron Wave","floor":13},{"not_picked":["Perfected Strike","Pommel Strike","Dropkick"],"picked":"SKIP","floor":14},{"not_picked":["Impervious","Dark Embrace"],"picked":"Barricade","floor":16},{"not_picked":["Sword Boomerang","Burning Pact"],"picked":"Twin Strike","floor":18},{"not_picked":["Perfected Strike","Clash","Armaments"],"picked":"SKIP","floor":21},{"not_picked":["Brutality","Flex","Fiend Fire"],"picked":"SKIP","floor":23},{"not_picked":["Clash","Armaments+1"],"picked":"Shrug It Off+1","floor":28},{"not_picked":["Pommel Strike","Iron Wave"],"picked":"Cleave+1","floor":30},{"not_picked":["Sever Soul","Heavy Blade"],"picked":"Reaper","floor":31},{"not_picked":["Searing Blow+1","Twin Strike","Flame Barrier"],"picked":"SKIP","floor":35},{"not_picked":["Ghostly Armor","Reckless Charge+1"],"picked":"Rage+1","floor":38},{"not_picked":["Armaments","Pummel+1","Second Wind+1"],"picked":"SKIP","floor":39},{"not_picked":["Feel No Pain+1","Fire Breathing","Warcry"],"picked":"SKIP","floor":41},{"not_picked":["Feel No Pain+1","Clash"],"picked":"Cleave","floor":45},{"not_picked":["Heavy Blade","Searing Blow","Flex"],"picked":"SKIP","floor":47}],"player_experience":74708,"relics_obtained":[{"floor":6,"key":"Orichalcum"},{"floor":9,"key":"Matryoshka"},{"floor":14,"key":"Bottled Tornado"},{"floor":23,"key":"Lantern"},{"floor":26,"key":"Red Skull"},{"floor":26,"key":"The Courier"},{"floor":41,"key":"Art of War"},{"floor":43,"key":"Anchor"},{"floor":43,"key":"Tiny Chest"},{"floor":47,"key":"Incense Burner"}],"event_choices":[{"event_name":"Golden Idol","player_choice":"Take Damage","floor":5,"damage_taken":0},{"event_name":"Big Fish","player_choice":"Banana","floor":11,"damage_taken":0},{"event_name":"The Lab","player_choice":"Got Potions","floor":12,"damage_taken":0},{"event_name":"Nest","player_choice":"Stole From Cult","floor":19,"damage_taken":0},{"event_name":"Drug Dealer","player_choice":"Inject Mutagens","floor":20,"damage_taken":0},{"event_name":"The Library","player_choice":"Read","floor":22,"damage_taken":0},{"event_name":"Ghosts","player_choice":"Ignored","floor":24,"damage_taken":0},{"event_name":"Addict","player_choice":"Obtained Relic","floor":27,"damage_taken":0},{"event_name":"The Moai Head","player_choice":"Gave Idol","floor":37,"damage_taken":0},{"event_name":"Tomb of Lord Red Mask","player_choice":"Paid","floor":46,"damage_taken":0}],"is_beta":false,"boss_relics":[{"not_picked":["Tiny House","Cursed Key"],"picked":"Velvet Choker"},{"not_picked":["Astrolabe","Coffee Dripper"],"picked":"Black Blood"}],"items_purged_floors":[4,29,36,44],"is_endless":false,"potions_floor_spawned":[6,13,14,21,23,30,35,39],"killed_by":"Spire Growth","ascension_level":0}