{"gold_per_floor":[118,130,143,160,173,173,173,123,123,167,180,180,180,218,218,338,338,353,353,372,17,17,51,51,90,116,137,137,158,158,172,172,172],"floor_reached":33,"playtime":1380,"items_purged":[],"score":456,"play_id":"08f451ba-fa8c-4e1f-ae01-3334fa32375f","local_time":"20190512122402","is_ascension_mode":true,"campfire_choices":[{"data":"Genetic Algorithm","floor":6,"key":"SMITH"},{"floor":13,"key":"REST"},{"data":"Zap","floor":15,"key":"SMITH"},{"data":"Dualcast","floor":24,"key":"SMITH"},{"data":"Go for the Eyes","floor":28,"key":"SMITH"},{"data":"Coolheaded","floor":32,"key":"SMITH"}],"neow_cost":"NONE","seed_source_timestamp":1868106497871337,"circlet_count":0,"master_deck":["Defend_B","Defend_B","Defend_B","Defend_B","Zap+1","Dualcast+1","Genetic Algorithm+1","Doom and Gloom","Sunder","Coolheaded+1","Go for the Eyes+1","BootSequence","Beam Cell","Meteor Strike","Leap+1","Ball Lightning","Leap+1","Bite","Bite","Bite","Bite","Bite","Redo+1"],"relics":["Cracked Core","Golden Idol","DataDisk","Ice Cream","Busted Crown","Thread and Needle","OrangePellets","Bronze Scales","Dream Catcher","Centennial Puzzle"],"potions_floor_usage":[10,10,23,31],"damage_taken":[{"damage":4,"enemies":"Jaw Worm","floor":1,"turns":4},{"damage":0,"enemies":"Small Slimes","floor":2,"turns":3},{"damage":0,"enemies":"Cultist","floor":3,"turns":3},{"damage":11,"enemies":"Blue Slaver","floor":4,"turns":5},{"damage":4,"enemies":"Looter","floor":5,"turns":4},{"damage":23,"enemies":"Gremlin Nob","floor":10,"turns":4},{"damage":9,"enemies":"Exordium Wildlife","floor":11,"turns":5},{"damage":12,"enemies":"Lagavulin","floor":14,"turns":7},{"damage":29,"enemies":"Hexaghost","floor":16,"turns":10},{"damage":0,"enemies":"Spheric Guardian","floor":18,"turns":3},{"damage":2,"enemies":"2 Thieves","floor":20,"turns":4},{"damage":22,"enemies":"Book of Stabbing","floor":23,"turns":5},{"damage":8,"enemies":"Slavers","floor":25,"turns":6},{"damage":0,"enemies":"Centurion and Healer","floor":27,"turns":6},{"damage":0,"enemies":"Sentry and Sphere","floor":29,"turns":3},{"damage":4,"enemies":"Shelled Parasite and Fungi","floor":31,"turns":3},{"damage":95,"enemies":"Automaton","floor":33,"turns":10}],"seed_played":"7853623977254206635","potions_obtained":[{"floor":0,"key":"FairyPotion"},{"floor":0,"key":"EssenceOfSteel"},{"floor":0,"key":"Energy Potion"},{"floor":10,"key":"Explosive Potion"},{"floor":14,"key":"Ancient Potion"},{"floor":16,"key":"AttackPotion"},{"floor":23,"key":"GamblersBrew"},{"floor":27,"key":"FairyPotion"}],"is_trial":false,"path_per_floor":["M","M","M","M","M","R","?","?","T","E","M","?","R","E","R","B",null,"M","?","M","$","?","E","R","E","T","M","R","M","?","M","R","B"],"character_chosen":"DEFECT","items_purchased":["OrangePellets","Blood Vial"],"campfire_rested":1,"item_purchase_floors":[21,21],"current_hp_per_floor":[64,64,64,53,49,49,49,49,49,26,17,17,37,25,25,6,53,53,53,51,51,51,31,31,25,25,27,27,29,29,35,35,0],"gold":172,"neow_bonus":"THREE_SMALL_POTIONS","is_prod":false,"is_daily":false,"chose_seed":false,"campfire_upgraded":5,"win_rate":0,"timestamp":1557678242,"path_taken":["M","M","M","M","M","R","?","?","T","E","M","?","R","E","R","BOSS","M","?","M","$","?","E","R","E","T","M","R","M","?","M","R","BOSS"],"build_version":"2019-01-23","purchased_purges":0,"victory":false,"max_hp_per_floor":[75,75,75,75,75,75,69,69,69,69,69,69,69,69,69,69,69,69,69,69,69,69,69,69,69,69,69,69,69,69,69,69,69],"card_choices":[{"not_picked":["Turbo","Sweeping Beam"],"picked":"Genetic Algorithm","floor":1},{"not_picked":["Tempest","Steam"],"picked":"Doom and Gloom","floor":2},{"not_picked":["Gash","Redo"],"picked":"Sunder","floor":3},{"not_picked":["Rebound","Double Energy"],"picked":"Coolheaded","floor":4},{"not_picked":["Leap","Barrage"],"picked":"Go for the Eyes","floor":5},{"not_picked":["Stack","Steam Power","Rip and Tear"],"picked":"SKIP","floor":10},{"not_picked":["Conserve Battery","Steam"],"picked":"BootSequence","floor":11},{"not_picked":["Multi-Cast","Heatsinks"],"picked":"Beam Cell","floor":14},{"not_picked":["Multi-Cast","Seek"],"picked":"Meteor Strike","floor":16},{"not_picked":[],"picked":"Leap+1","floor":18},{"not_picked":[],"picked":"Ball Lightning","floor":20},{"not_picked":[],"picked":"Leap+1","floor":23},{"not_picked":["Lockon"],"picked":"SKIP","floor":25},{"not_picked":["Rebound+1"],"picked":"SKIP","floor":27},{"not_picked":["Skim"],"picked":"SKIP","floor":29},{"not_picked":[],"picked":"Redo+1","floor":31}],"player_experience":242195,"relics_obtained":[{"floor":10,"key":"DataDisk"},{"floor":14,"key":"Ice Cream"},{"floor":23,"key":"Bronze Scales"},{"floor":25,"key":"Dream Catcher"},{"floor":26,"key":"Centennial Puzzle"}],"event_choices":[{"damage_healed":0,"gold_gain":0,"player_choice":"Lose Max HP","damage_taken":0,"relics_obtained":["Golden Idol"],"max_hp_gain":0,"max_hp_loss":6,"event_name":"Golden Idol","floor":7,"gold_loss":0},{"damage_healed":0,"gold_gain":0,"player_choice":"Left Gold","damage_taken":0,"max_hp_gain":0,"max_hp_loss":0,"event_name":"World of Goop","floor":8,"gold_loss":50},{"damage_healed":0,"gold_gain":0,"player_choice":"0 cards matched","damage_taken":0,"max_hp_gain":0,"max_hp_loss":0,"event_name":"Match and Keep!","floor":12,"gold_loss":0,"cards_obtained":[]},{"damage_healed":0,"gold_gain":0,"player_choice":"Opened","damage_taken":0,"relics_obtained":["Thread and Needle"],"max_hp_gain":0,"max_hp_loss":0,"event_name":"The Mausoleum","floor":19,"gold_loss":0},{"damage_healed":0,"gold_gain":0,"player_choice":"Ignored","damage_taken":0,"max_hp_gain":0,"max_hp_loss":0,"event_name":"Ghosts","floor":22,"gold_loss":0},{"damage_healed":0,"gold_gain":0,"player_choice":"Became a vampire (Vial)","damage_taken":0,"max_hp_gain":0,"max_hp_loss":0,"event_name":"Vampires","floor":30,"relics_lost":["Blood Vial"],"gold_loss":0,"cards_obtained":["Bite","Bite","Bite","Bite","Bite"]}],"is_beta":false,"boss_relics":[{"not_picked":["Velvet Choker","Cursed Key"],"picked":"Busted Crown"}],"items_purged_floors":[],"is_endless":false,"potions_floor_spawned":[1,3,10,14,16,23,25,27],"killed_by":"Automaton","ascension_level":9}