{"gold_per_floor":[119,119,138,153,153,153,166,266,266,266,293,293,307,321,321,321],"floor_reached":16,"playtime":875,"items_purged":[],"score":102,"play_id":"ba19a0f1-3355-48c8-a117-bfe33a1272a8","local_time":"20180824230833","is_ascension_mode":false,"campfire_choices":[{"data":"Pommel Strike","floor":6.0,"key":"SMITH"},{"data":"Bash","floor":10.0,"key":"SMITH"},{"data":"Dual Wield","floor":12.0,"key":"SMITH"},{"data":"Body Slam","floor":15.0,"key":"SMITH"}],"neow_cost":"NONE","seed_source_timestamp":6541505279541,"circlet_count":0,"master_deck":["Strike_R","Strike_R","Strike_R","Strike_R","Strike_R","Defend_R","Defend_R","Defend_R","Defend_R","Bash+1","Body Slam+1","Pommel Strike+1","Dark Embrace","Dual Wield+1"],"special_seed":0,"relics":["Burning Blood","Bronze Scales","Gambling Chip","Bottled Flame","Orichalcum"],"potions_floor_usage":[16],"damage_taken":[{"damage":5.0,"enemies":"Jaw Worm","floor":1.0,"turns":4.0},{"damage":0.0,"enemies":"2 Louse","floor":3.0,"turns":4.0},{"damage":1.0,"enemies":"Cultist","floor":4.0,"turns":4.0},{"damage":1.0,"enemies":"Lots of Slimes","floor":7.0,"turns":4.0},{"damage":31.0,"enemies":"3 Sentries","floor":11.0,"turns":8.0},{"damage":7.0,"enemies":"2 Fungi Beasts","floor":13.0,"turns":2.0},{"damage":0.0,"enemies":"Gremlin Gang","floor":14.0,"turns":12.0},{"damage":66,"enemies":"The Guardian","floor":16,"turns":13}],"seed_played":"-8863945008013914714","potions_obtained":[{"floor":7.0,"key":"Block Potion"},{"floor":13.0,"key":"SmokeBomb"},{"floor":14.0,"key":"BloodPotion"}],"is_trial":false,"path_per_floor":["M","?","M","M","?","R","M","?","T","R","E","R","M","M","R"],"character_chosen":"IRONCLAD","items_purchased":[],"campfire_rested":0,"item_purchase_floors":[],"current_hp_per_floor":[80,62,68,73,73,73,78,78,78,78,53,53,52,58,58,0],"gold":321,"neow_bonus":"RANDOM_COMMON_RELIC","is_prod":false,"is_daily":false,"chose_seed":false,"campfire_upgraded":4,"win_rate":0,"timestamp":1535123313,"path_taken":["M","?","?","?","?","R","M","?","T","R","E","R","M","M","R","BOSS"],"build_version":"2018-08-23v2","purchased_purges":0,"victory":false,"max_hp_per_floor":[80,80,80,80,80,80,80,80,80,80,80,80,80,80,80,80],"card_choices":[{"not_picked":["Twin Strike","Headbutt","Shockwave"],"picked":"SKIP","floor":1.0},{"not_picked":["Sword Boomerang","Pummel","Headbutt"],"picked":"SKIP","floor":3.0},{"not_picked":["Anger","True Grit"],"picked":"Body Slam","floor":4.0},{"not_picked":["Sever Soul","Uppercut","Anger"],"picked":"SKIP","floor":7.0},{"not_picked":["Clothesline","Iron Wave"],"picked":"Dual Wield","floor":11.0},{"not_picked":["Heavy Blade","Havoc","Clash"],"picked":"SKIP","floor":13.0},{"not_picked":["Entrench","Double Tap","Rupture"],"picked":"SKIP","floor":14.0}],"player_experience":335140,"relics_obtained":[{"floor":9.0,"key":"Bottled Flame"},{"floor":11.0,"key":"Orichalcum"}],"event_choices":[{"event_name":"Scrap Ooze","player_choice":"success","floor":2.0,"damage_taken":18.0},{"event_name":"Match and Keep!","player_choice":"2 cards matched","floor":5.0,"damage_taken":0.0},{"event_name":"Golden Shrine","player_choice":"Pray","floor":8.0,"damage_taken":0.0}],"is_beta":false,"boss_relics":[],"items_purged_floors":[],"is_endless":false,"potions_floor_spawned":[7,13,14],"killed_by":"The Guardian","ascension_level":0}