{"gold_per_floor":[114,114,124,14,33,67,67,81,81,81,6,6,31,59,59,161,161,161,161,161,161,161,161,161,161,161,161,161,161,161,161,161,161,161,161,161,14,14,14,14,14,14,14,14,14,14,14,14,14,14,14,14,14,14,14],"floor_reached":55,"playtime":2774,"items_purged":["Strike_B"],"score":760,"play_id":"a22ed39b-e746-4f92-b2c9-ded93ff0ca81","local_time":"20190408084755","is_ascension_mode":true,"campfire_choices":[{"data":"Genetic Algorithm","floor":7,"key":"SMITH"},{"data":"Go for the Eyes","floor":10,"key":"SMITH"},{"data":"Loop","floor":15,"key":"SMITH"},{"data":"Electrodynamics","floor":23,"key":"SMITH"},{"data":"Zap","floor":25,"key":"SMITH"},{"data":"Loop","floor":27,"key":"SMITH"},{"data":"White Noise","floor":32,"key":"SMITH"},{"data":"Streamline","floor":40,"key":"SMITH"},{"data":"Glacier","floor":42,"key":"SMITH"},{"floor":49,"key":"RECALL"},{"data":"Echo Form","floor":52,"key":"SMITH"}],"neow_cost":"TEN_PERCENT_HP_LOSS","seed_source_timestamp":209540012440327,"circlet_count":0,"master_deck":["Strike_B","Strike_B","Defend_B","Defend_B","Defend_B","Defend_B","Zap+1","Dualcast","Streamline+1","Glacier+1","Loop+1","Go for the Eyes+1","Genetic Algorithm+1","Electrodynamics+1","Core Surge","Loop+1","White Noise+1","Echo Form+1","Coolheaded","Seek","White Noise+1","White Noise+1","Reinforced Body+1"],"relics":["Cracked Core","Calipers","Sundial","PreservedInsect","Bottled Lightning","Ectoplasm","Strawberry","Anchor","Dream Catcher","Coffee Dripper","Bottled Flame","Mummified Hand"],"potions_floor_usage":[16,18,28,33,44,48,50,54,55],"damage_taken":[{"damage":0,"enemies":"Small Slimes","floor":1,"turns":3},{"damage":0,"enemies":"Cultist","floor":3,"turns":4},{"damage":1,"enemies":"Jaw Worm","floor":5,"turns":4},{"damage":23,"enemies":"3 Sentries","floor":6,"turns":13},{"damage":4,"enemies":"Blue Slaver","floor":8,"turns":5},{"damage":13,"enemies":"Gremlin Nob","floor":14,"turns":3},{"damage":15,"enemies":"Hexaghost","floor":16,"turns":16},{"damage":12,"enemies":"3 Byrds","floor":18,"turns":4},{"damage":0,"enemies":"Spheric Guardian","floor":19,"turns":4},{"damage":14,"enemies":"Slavers","floor":24,"turns":3},{"damage":0,"enemies":"Snake Plant","floor":28,"turns":3},{"damage":3,"enemies":"Gremlin Leader","floor":29,"turns":5},{"damage":42,"enemies":"Champ","floor":33,"turns":12},{"damage":17,"enemies":"3 Darklings","floor":35,"turns":4},{"damage":2,"enemies":"3 Shapes","floor":39,"turns":3},{"damage":0,"enemies":"Writhing Mass","floor":41,"turns":6},{"damage":0,"enemies":"Transient","floor":44,"turns":5},{"damage":0,"enemies":"Maw","floor":45,"turns":7},{"damage":0,"enemies":"Jaw Worm Horde","floor":48,"turns":3},{"damage":4,"enemies":"Awakened One","floor":50,"turns":25},{"damage":40,"enemies":"Shield and Spear","floor":54,"turns":6},{"damage":43,"enemies":"The Heart","floor":55,"turns":5}],"seed_played":"-7062074902667400906","potions_obtained":[{"floor":5,"key":"Poison Potion"},{"floor":6,"key":"SkillPotion"},{"floor":8,"key":"Weak Potion"},{"floor":18,"key":"Fruit Juice"},{"floor":29,"key":"Swift Potion"},{"floor":38,"key":"FocusPotion"},{"floor":38,"key":"Fire Potion"},{"floor":38,"key":"Swift Potion"},{"floor":44,"key":"Swift Potion"},{"floor":54,"key":"Ancient Potion"}],"is_trial":false,"path_per_floor":["M","?","M","$","M","E","R","M","T","R","$","?","T","E","R","B",null,"M","M","$","?","?","R","E","R","T","R","M","E","$","?","R","B",null,"M","?","$","?","M","R","M","R","T","M","M","?","$","M","R","B",null,"R","$","E","B"],"character_chosen":"DEFECT","items_purchased":["Glacier","Loop","Seek"],"campfire_rested":0,"item_purchase_floors":[4,4,37],"current_hp_per_floor":[68,68,68,68,67,44,44,40,40,40,40,40,40,27,27,12,68,61,61,61,61,61,61,54,54,54,54,54,51,51,51,51,9,80,63,63,63,63,61,61,61,61,61,61,61,61,61,61,61,57,76,76,76,36,0],"gold":14,"neow_bonus":"ONE_RARE_RELIC","is_prod":false,"is_daily":false,"chose_seed":false,"campfire_upgraded":10,"win_rate":0,"timestamp":1554706075,"path_taken":["M","?","?","$","?","E","R","M","T","R","$","?","?","E","R","BOSS","M","M","$","?","?","R","E","R","T","R","M","E","$","?","R","BOSS","M","?","$","?","M","R","M","R","T","?","M","?","?","M","R","BOSS","R","$","E","BOSS"],"build_version":"2019-01-23","purchased_purges":1,"victory":false,"max_hp_per_floor":[68,68,68,68,68,68,68,68,68,68,68,68,68,68,68,68,68,73,73,73,73,73,73,80,80,80,80,80,80,80,80,80,80,80,80,76,76,76,76,76,76,76,76,76,76,76,76,76,76,76,76,76,76,76,76],"card_choices":[{"not_picked":["Sweeping Beam","Hologram","Gash"],"picked":"SKIP","floor":1},{"not_picked":["Consume","Doom and Gloom","Ball Lightning"],"picked":"SKIP","floor":3},{"not_picked":["Compile Driver","Redo"],"picked":"Go for the Eyes","floor":5},{"not_picked":["Rip and Tear","Chill"],"picked":"Genetic Algorithm","floor":6},{"not_picked":["Compile Driver","Redo","Recycle"],"picked":"SKIP","floor":8},{"not_picked":["Genetic Algorithm","Compile Driver"],"picked":"Electrodynamics","floor":14},{"not_picked":["Thunder Strike","Reboot"],"picked":"Core Surge","floor":16},{"not_picked":["Tempest","Double Energy","Beam Cell"],"picked":"SKIP","floor":18},{"not_picked":["Rebound+1","Doom and Gloom+1"],"picked":"Loop","floor":19},{"not_picked":["Reprogram","Barrage"],"picked":"All For One","floor":24},{"not_picked":["Turbo","Hello World","Rebound+1"],"picked":"SKIP","floor":28},{"not_picked":["Recycle","Chill"],"picked":"White Noise","floor":29},{"not_picked":["Thunder Strike","All For One"],"picked":"Echo Form","floor":33},{"not_picked":["Rebound","Stack+1"],"picked":"Coolheaded","floor":35},{"not_picked":["Skim+1","Steam+1","Reinforced Body+1"],"picked":"SKIP","floor":39},{"not_picked":["Ball Lightning+1","Barrage+1"],"picked":"White Noise+1","floor":41},{"not_picked":["Leap","Doom and Gloom+1","Barrage"],"picked":"SKIP","floor":44},{"not_picked":["Stack+1","Chill+1"],"picked":"White Noise+1","floor":45},{"not_picked":["Barrage","Loop","Ball Lightning+1"],"picked":"SKIP","floor":48},{"not_picked":["Recycle+1","Cold Snap+1"],"picked":"Reinforced Body+1","floor":54}],"player_experience":470270,"relics_obtained":[{"floor":6,"key":"Sundial"},{"floor":13,"key":"PreservedInsect"},{"floor":14,"key":"Bottled Lightning"},{"floor":24,"key":"Strawberry"},{"floor":26,"key":"Anchor"},{"floor":29,"key":"Dream Catcher"},{"floor":43,"key":"Bottled Flame"},{"floor":54,"key":"Mummified Hand"}],"event_choices":[{"damage_healed":0,"gold_gain":0,"player_choice":"1 cards matched","damage_taken":0,"max_hp_gain":0,"max_hp_loss":0,"event_name":"Match and Keep!","floor":2,"gold_loss":0,"cards_obtained":["Streamline"]},{"cards_removed":["Strike_B"],"damage_healed":0,"gold_gain":0,"player_choice":"Forget","damage_taken":0,"max_hp_gain":0,"max_hp_loss":0,"event_name":"Living Wall","floor":12,"gold_loss":0},{"damage_healed":0,"gold_gain":0,"player_choice":"Ignored","damage_taken":0,"max_hp_gain":0,"max_hp_loss":0,"event_name":"Beggar","floor":21,"gold_loss":0},{"damage_healed":0,"gold_gain":0,"player_choice":"Ignored","damage_taken":0,"max_hp_gain":0,"max_hp_loss":0,"event_name":"Cursed Tome","floor":22,"gold_loss":0},{"damage_healed":0,"gold_gain":99,"player_choice":"Stole From Cult","damage_taken":0,"max_hp_gain":0,"max_hp_loss":0,"event_name":"Nest","floor":31,"gold_loss":0},{"damage_healed":0,"gold_gain":0,"player_choice":"Max HP","damage_taken":0,"max_hp_gain":0,"max_hp_loss":4,"event_name":"Winding Halls","floor":36,"gold_loss":0},{"damage_healed":0,"gold_gain":0,"player_choice":"Got Potions","damage_taken":0,"max_hp_gain":0,"max_hp_loss":0,"event_name":"Lab","floor":38,"gold_loss":0},{"cards_removed":["All For One"],"damage_healed":0,"gold_gain":0,"player_choice":"Removed Attack","damage_taken":0,"max_hp_gain":0,"max_hp_loss":0,"event_name":"Falling","floor":46,"gold_loss":0}],"is_beta":false,"boss_relics":[{"not_picked":["Black Star","Fusion Hammer"],"picked":"Ectoplasm"},{"not_picked":["Empty Cage","Tiny House"],"picked":"Coffee Dripper"}],"items_purged_floors":[11],"is_endless":false,"potions_floor_spawned":[5,6,8,14,18,29,39,41,44,54],"killed_by":"The Heart","ascension_level":3}