{"gold_per_floor":[212,230,14,14,14,14,46,46,46,46,46,46,66,87,87,183,183,161,161,161,76,1,1,21,21,48,87,107,107,130,130,130,130],"floor_reached":33,"playtime":1006,"items_purged":["Decay"],"score":522,"play_id":"72c7e2ad-2933-434b-ab1b-fd68c18b6a5e","local_time":"20190318115044","is_ascension_mode":true,"campfire_choices":[{"data":"Bash","floor":6,"key":"SMITH"},{"data":"Perfected Strike","floor":8,"key":"SMITH"},{"data":"Shrug It Off","floor":12,"key":"SMITH"},{"data":"Battle Trance","floor":15,"key":"SMITH"},{"data":"Iron Wave","floor":23,"key":"SMITH"},{"floor":25,"key":"REST"},{"data":"Shrug It Off","floor":29,"key":"SMITH"},{"floor":32,"key":"DIG"}],"neow_cost":"NONE","seed_source_timestamp":975145009087755,"circlet_count":0,"master_deck":["AscendersBane","Strike_R","Strike_R","Strike_R","Strike_R","Strike_R","Defend_R","Defend_R","Defend_R","Bash+1","Shrug It Off+1","Perfected Strike+1","Perfected Strike+1","Battle Trance+1","Impervious","Injury","Clumsy","Iron Wave+1","Necronomicurse","Shrug It Off+1","Reaper+1","Battle Trance"],"relics":["Burning Blood","Anchor","Darkstone Periapt","Blood Vial","Golden Idol","Calling Bell","Ancient Tea Set","Singing Bowl","Nunchaku","Necronomicon","Red Skull","Juzu Bracelet","Molten Egg 2","Shovel","Magic Flower"],"potions_floor_usage":[7,33,33],"damage_taken":[{"damage":1,"enemies":"Cultist","floor":1,"turns":3},{"damage":15,"enemies":"Small Slimes","floor":2,"turns":5},{"damage":27,"enemies":"3 Sentries","floor":7,"turns":9},{"damage":0,"enemies":"Jaw Worm","floor":13,"turns":2},{"damage":1,"enemies":"Looter","floor":14,"turns":2},{"damage":40,"enemies":"The Guardian","floor":16,"turns":9},{"damage":17,"enemies":"2 Thieves","floor":18,"turns":4},{"damage":0,"enemies":"Chosen","floor":24,"turns":2},{"damage":10,"enemies":"Book of Stabbing","floor":27,"turns":3},{"damage":3,"enemies":"Snake Plant","floor":28,"turns":2},{"damage":7,"enemies":"3 Cultists","floor":30,"turns":4},{"damage":146,"enemies":"Automaton","floor":33,"turns":12}],"seed_played":"5635546289596594851","potions_obtained":[{"floor":1,"key":"Dexterity Potion"},{"floor":2,"key":"Fire Potion"},{"floor":13,"key":"Swift Potion"},{"floor":30,"key":"PowerPotion"}],"is_trial":false,"path_per_floor":["M","M","$","?","?","R","E","R","T","?","?","R","M","M","R","B",null,"M","?","?","?","$","R","M","R","T","E","M","R","M","T","R","B"],"character_chosen":"IRONCLAD","items_purchased":["Anchor","Perfected Strike"],"campfire_rested":1,"item_purchase_floors":[3,3],"current_hp_per_floor":[73,64,64,64,64,64,43,43,43,43,43,43,51,58,58,26,76,67,52,52,52,52,52,62,90,90,88,93,93,93,93,93,0],"gold":130,"neow_bonus":"HUNDRED_GOLD","is_prod":false,"is_daily":false,"chose_seed":false,"campfire_upgraded":6,"win_rate":0,"timestamp":1552877444,"path_taken":["M","?","$","?","?","R","E","R","T","?","?","R","?","M","R","BOSS","M","?","?","?","$","R","M","R","T","E","M","R","M","?","R","BOSS"],"build_version":"2019-01-23","purchased_purges":1,"victory":false,"max_hp_per_floor":[75,75,75,75,75,75,75,75,75,68,68,68,68,68,68,68,86,86,92,92,92,92,92,94,94,94,94,94,94,94,94,94,94],"card_choices":[{"not_picked":["Fire Breathing","True Grit"],"picked":"Shrug It Off","floor":1},{"not_picked":["Dual Wield","Iron Wave","Rage"],"picked":"SKIP","floor":2},{"not_picked":["Limit Break","Flex"],"picked":"Perfected Strike","floor":7},{"not_picked":["Headbutt","Bloodletting","Heavy Blade"],"picked":"SKIP","floor":13},{"not_picked":["Wild Strike","Combust"],"picked":"Battle Trance","floor":14},{"not_picked":["Juggernaut","Double Tap"],"picked":"Impervious","floor":16},{"not_picked":["Infernal Blade+1","Pommel Strike"],"picked":"Iron Wave","floor":18},{"not_picked":["Havoc","Clothesline","Sword Boomerang+1"],"picked":"Singing Bowl","floor":24},{"not_picked":["Sentinel+1","Reckless Charge"],"picked":"Shrug It Off","floor":27},{"not_picked":["Disarm","Dual Wield"],"picked":"Reaper+1","floor":28},{"not_picked":["Headbutt+1","Blood for Blood+1"],"picked":"Battle Trance","floor":30}],"player_experience":732062,"relics_obtained":[{"floor":7,"key":"Darkstone Periapt"},{"floor":9,"key":"Blood Vial"},{"floor":17,"key":"Ancient Tea Set"},{"floor":17,"key":"Singing Bowl"},{"floor":17,"key":"Nunchaku"},{"floor":19,"key":"Necronomicon"},{"floor":26,"key":"Juzu Bracelet"},{"floor":27,"key":"Molten Egg 2"},{"floor":31,"key":"Shovel"},{"floor":32,"key":"Magic Flower"}],"event_choices":[{"damage_healed":0,"gold_gain":0,"player_choice":"Leave","damage_taken":0,"max_hp_gain":0,"max_hp_loss":0,"event_name":"The Cleric","floor":4,"gold_loss":0},{"damage_healed":0,"gold_gain":0,"player_choice":"Grow","damage_taken":0,"max_hp_gain":0,"max_hp_loss":0,"event_name":"Living Wall","floor":5,"gold_loss":0,"cards_upgraded":["Perfected Strike"]},{"damage_healed":0,"gold_gain":0,"player_choice":"Lose Max HP","damage_taken":0,"relics_obtained":["Golden Idol"],"max_hp_gain":0,"max_hp_loss":7,"event_name":"Golden Idol","floor":10,"gold_loss":0},{"cards_removed":["Defend_R"],"damage_healed":0,"gold_gain":0,"player_choice":"Offered Basic","damage_taken":0,"max_hp_gain":0,"max_hp_loss":0,"event_name":"Bonfire Elementals","floor":11,"gold_loss":0},{"damage_healed":0,"gold_gain":0,"player_choice":"Obtained Book","damage_taken":21,"max_hp_gain":0,"max_hp_loss":0,"event_name":"Cursed Tome","floor":19,"gold_loss":0},{"damage_healed":0,"gold_gain":0,"player_choice":"Ignored","damage_taken":0,"max_hp_gain":0,"max_hp_loss":0,"event_name":"The Mausoleum","floor":20,"gold_loss":0},{"damage_healed":0,"gold_gain":0,"player_choice":"Obtained Relic","damage_taken":0,"relics_obtained":["Red Skull"],"max_hp_gain":0,"max_hp_loss":0,"event_name":"Addict","floor":21,"gold_loss":85}],"is_beta":false,"boss_relics":[{"not_picked":["Runic Dome","Black Blood"],"picked":"Calling Bell"}],"items_purged_floors":[22],"is_endless":false,"potions_floor_spawned":[1,2,13,24,28,30],"killed_by":"Automaton","ascension_level":20}