{"gold_per_floor":[118,134,134,8,31,31,31,31,31,31,45,66,82,105,105,234,234,258,133,157,157,157],"floor_reached":22,"playtime":1423,"items_purged":["Injury","Strike_B"],"score":178,"play_id":"37b14671-7d92-43e4-b892-ce969ef4baa4","local_time":"20180819192652","is_ascension_mode":false,"campfire_choices":[{"data":"Zap","floor":6,"key":"SMITH"},{"data":"Seek","floor":10,"key":"SMITH"},{"floor":15,"key":"REST"}],"neow_cost":"CURSE","seed_source_timestamp":120997875478376,"circlet_count":0,"master_deck":["Strike_B","Defend_B","Defend_B","Defend_B","Defend_B","Zap+1","Dualcast","Clumsy","Multi-Cast","Seek+1","Gash","Gash","Echo Form","Sunder","Coolheaded","White Noise","All For One","Hologram","Hologram"],"relics":["Cracked Core","Golden Idol","FaceOfCleric","Thread and Needle","Philosopher\u0027s Stone"],"potions_floor_usage":[14,20,20],"damage_taken":[{"damage":7,"enemies":"2 Louse","floor":1,"turns":2},{"damage":13,"enemies":"Jaw Worm","floor":2,"turns":3},{"damage":1,"enemies":"Cultist","floor":5,"turns":4},{"damage":13,"enemies":"3 Louse","floor":11,"turns":3},{"damage":2,"enemies":"Exordium Thugs","floor":12,"turns":4},{"damage":13,"enemies":"Exordium Wildlife","floor":13,"turns":3},{"damage":0,"enemies":"Blue Slaver","floor":14,"turns":2},{"damage":40,"enemies":"Slime Boss","floor":16,"turns":9},{"damage":14,"enemies":"Chosen","floor":18,"turns":4},{"damage":42,"enemies":"3 Byrds","floor":20,"turns":3},{"damage":51,"enemies":"3 Cultists","floor":22,"turns":4}],"seed_played":"-6978376156272046941","potions_obtained":[{"floor":1,"key":"SteroidPotion"},{"floor":5,"key":"Ancient Potion"},{"floor":13,"key":"Block Potion"},{"floor":16,"key":"PowerPotion"},{"floor":18,"key":"Regen Potion"},{"floor":20,"key":"FairyPotion"}],"is_trial":false,"path_per_floor":["M","M","?","$","M","R","?","$","T","R","M","M","M","M","R","B",null,"M","$","M","?"],"character_chosen":"DEFECT","items_purchased":["Gash","Hologram"],"campfire_rested":1,"item_purchase_floors":[4,19],"current_hp_per_floor":[68,55,55,55,54,54,54,54,54,54,42,41,29,30,53,14,80,67,67,35,35,0],"gold":157,"neow_bonus":"TRANSFORM_TWO_CARDS","is_prod":false,"is_daily":false,"chose_seed":false,"campfire_upgraded":2,"win_rate":0,"timestamp":1534678012,"path_taken":["M","M","?","?","M","R","?","?","T","R","M","M","M","?","R","BOSS","M","$","M","?","?"],"build_version":"2018-08-16","purchased_purges":2,"victory":false,"max_hp_per_floor":[75,75,75,75,75,75,75,75,75,75,76,77,78,79,79,80,80,81,81,82,82,82],"card_choices":[{"not_picked":["Stack","Streamline"],"picked":"Gash","floor":1},{"not_picked":["Capacitor","Force Field","Turbo"],"picked":"SKIP","floor":2},{"not_picked":["Stack","Blizzard"],"picked":"Echo Form","floor":5},{"not_picked":["Barrage","Heatsinks"],"picked":"Sunder","floor":11},{"not_picked":["Steam","Consume"],"picked":"Coolheaded","floor":12},{"not_picked":["Turbo","Reprogram"],"picked":"White Noise","floor":13},{"not_picked":["Go for the Eyes","Ball Lightning","Barrage"],"picked":"SKIP","floor":14},{"not_picked":["Reboot","Core Surge"],"picked":"All For One","floor":16},{"not_picked":["Loop","Turbo","Ball Lightning"],"picked":"SKIP","floor":18},{"not_picked":["Rip and Tear+1","Leap"],"picked":"Hologram","floor":20}],"player_experience":317523,"relics_obtained":[{"floor":9,"key":"Thread and Needle"}],"event_choices":[{"event_name":"Golden Idol","player_choice":"Take Wound","floor":3,"damage_taken":0},{"event_name":"FaceTrader","player_choice":"Trade","floor":7,"damage_taken":0},{"event_name":"Drug Dealer","player_choice":"Ignored","floor":21,"damage_taken":0}],"is_beta":false,"boss_relics":[{"not_picked":["Orrery","Calling Bell"],"picked":"Philosopher\u0027s Stone"}],"items_purged_floors":[4,19],"is_endless":false,"potions_floor_spawned":[1,5,13,16,18,20],"killed_by":"3 Cultists","ascension_level":0}