{"gold_per_floor":[110,124,124,45,60,88,88,117,117,117,127,139,139,139,139,270,270,290,389,412,435,450,450,484,496,508,533,583,595,280,280,280,280],"floor_reached":33,"playtime":3546,"items_purged":["Strike_R"],"score":354,"play_id":"9198cd03-040b-4be5-9f60-b63fba5d985d","local_time":"20190301200553","is_ascension_mode":true,"campfire_choices":[{"data":"Pummel","floor":7,"key":"SMITH"},{"data":"Metallicize","floor":10,"key":"SMITH"},{"data":"Metallicize","floor":15,"key":"SMITH"},{"floor":23,"key":"REST"},{"floor":25,"key":"REST"},{"floor":29,"key":"REST"},{"data":"Berserk","floor":32,"key":"SMITH"}],"neow_cost":"NONE","seed_source_timestamp":1202282301756636,"circlet_count":0,"master_deck":["Strike_R","Strike_R","Strike_R","Strike_R","Defend_R","Defend_R","Defend_R","Defend_R","Bash+1","Spot Weakness","Pummel+1","Metallicize+1","Cleave","Anger","Shrug It Off","Flex","Metallicize+1","Offering","Pain","Regret","Parasite","Rupture","Headbutt+1","Shockwave+1","Offering","True Grit+1","Shrug It Off","Berserk+1","Armaments"],"relics":["Burning Blood","Juzu Bracelet","Du-Vu Doll","Mango","Golden Idol","Calling Bell","Oddly Smooth Stone","Mummified Hand","Turnip","MawBank","Dream Catcher","Ancient Tea Set","Regal Pillow"],"potions_floor_usage":[16,16,20,27],"damage_taken":[{"damage":6,"enemies":"Cultist","floor":1,"turns":3},{"damage":0,"enemies":"2 Louse","floor":2,"turns":4},{"damage":8,"enemies":"Small Slimes","floor":5,"turns":3},{"damage":26,"enemies":"3 Sentries","floor":6,"turns":6},{"damage":24,"enemies":"Lagavulin","floor":8,"turns":6},{"damage":14,"enemies":"3 Louse","floor":11,"turns":2},{"damage":21,"enemies":"Exordium Wildlife","floor":12,"turns":5},{"damage":16,"enemies":"The Guardian","floor":16,"turns":10},{"damage":20,"enemies":"3 Byrds","floor":18,"turns":5},{"damage":0,"enemies":"Chosen","floor":20,"turns":4},{"damage":31,"enemies":"Snake Plant","floor":21,"turns":3},{"damage":26,"enemies":"Sentry and Sphere","floor":22,"turns":5},{"damage":35,"enemies":"Gremlin Leader","floor":24,"turns":3},{"damage":28,"enemies":"Snecko","floor":27,"turns":4},{"damage":39,"enemies":"Book of Stabbing","floor":28,"turns":5},{"damage":81,"enemies":"Collector","floor":33,"turns":6}],"seed_played":"-7193697028805090795","potions_obtained":[{"floor":1,"key":"Strength Potion"},{"floor":8,"key":"Dexterity Potion"},{"floor":12,"key":"GamblersBrew"},{"floor":18,"key":"SkillPotion"},{"floor":24,"key":"Explosive Potion"}],"is_trial":false,"path_per_floor":["M","M","?","$","M","E","R","E","T","R","M","M","?","?","R","B",null,"M","?","M","M","M","R","E","R","T","M","E","R","$","?","R","B"],"character_chosen":"IRONCLAD","items_purchased":["Metallicize","Regal Pillow","LiquidBronze","Armaments"],"campfire_rested":3,"item_purchase_floors":[4,30,30,30],"current_hp_per_floor":[80,80,80,80,78,58,58,54,54,54,46,31,31,36,36,26,92,78,78,84,59,39,66,37,64,64,42,9,36,36,66,66,0],"gold":280,"neow_bonus":"UPGRADE_CARD","is_prod":false,"is_daily":false,"chose_seed":false,"campfire_upgraded":4,"win_rate":0,"timestamp":1551488753,"path_taken":["M","M","?","$","M","E","R","E","T","R","M","M","?","?","R","BOSS","M","?","M","M","M","R","E","R","T","M","E","R","$","?","R","BOSS"],"build_version":"2019-01-23","purchased_purges":1,"victory":false,"max_hp_per_floor":[80,80,80,80,80,80,80,94,94,94,94,94,87,92,92,92,92,92,92,92,92,92,92,92,92,92,92,92,92,92,92,92,92],"card_choices":[{"not_picked":["Ghostly Armor","Clothesline"],"picked":"Spot Weakness","floor":1},{"not_picked":["Searing Blow","Dual Wield"],"picked":"Pummel","floor":2},{"not_picked":["Sword Boomerang","Ghostly Armor"],"picked":"Cleave","floor":5},{"not_picked":["Body Slam","Clash"],"picked":"Anger","floor":6},{"not_picked":["Sword Boomerang","Anger"],"picked":"Shrug It Off","floor":8},{"not_picked":["Brutality","Body Slam"],"picked":"Flex","floor":11},{"not_picked":["Searing Blow","Ghostly Armor"],"picked":"Metallicize","floor":12},{"not_picked":["Bludgeon","Juggernaut"],"picked":"Offering","floor":16},{"not_picked":["Anger","Whirlwind"],"picked":"Rupture","floor":18},{"not_picked":["Sword Boomerang","Wild Strike"],"picked":"Headbutt+1","floor":20},{"not_picked":["Armaments","Wild Strike"],"picked":"Shockwave+1","floor":21},{"not_picked":["Dual Wield","Blood for Blood"],"picked":"Offering","floor":22},{"not_picked":["Heavy Blade","Second Wind"],"picked":"True Grit+1","floor":24},{"not_picked":["Thunderclap+1","Cleave","Headbutt"],"picked":"SKIP","floor":27},{"not_picked":["Warcry+1","Spot Weakness+1"],"picked":"Shrug It Off","floor":28},{"not_picked":["Seeing Red","Havoc"],"picked":"Berserk","floor":29}],"player_experience":109079,"relics_obtained":[{"floor":6,"key":"Du-Vu Doll"},{"floor":8,"key":"Mango"},{"floor":17,"key":"Oddly Smooth Stone"},{"floor":17,"key":"Mummified Hand"},{"floor":17,"key":"Turnip"},{"floor":24,"key":"MawBank"},{"floor":26,"key":"Dream Catcher"},{"floor":28,"key":"Ancient Tea Set"}],"event_choices":[{"damage_healed":0,"gold_gain":0,"player_choice":"Gave Potion","damage_taken":0,"relics_obtained":["Juzu Bracelet"],"max_hp_gain":0,"max_hp_loss":0,"event_name":"WeMeetAgain","floor":3,"gold_loss":0},{"damage_healed":0,"gold_gain":0,"player_choice":"Lose Max HP","damage_taken":0,"relics_obtained":["Golden Idol"],"max_hp_gain":0,"max_hp_loss":7,"event_name":"Golden Idol","floor":13,"gold_loss":0},{"damage_healed":0,"gold_gain":0,"player_choice":"Donut","damage_taken":0,"max_hp_gain":5,"max_hp_loss":0,"event_name":"Big Fish","floor":14,"gold_loss":0},{"damage_healed":0,"gold_gain":99,"player_choice":"Stole From Cult","damage_taken":0,"max_hp_gain":0,"max_hp_loss":0,"event_name":"Nest","floor":19,"gold_loss":0},{"damage_healed":30,"gold_gain":0,"player_choice":"Heal","damage_taken":0,"max_hp_gain":0,"max_hp_loss":0,"event_name":"The Library","floor":31,"gold_loss":0}],"is_beta":false,"boss_relics":[{"not_picked":["Tiny House","Ectoplasm"],"picked":"Calling Bell"}],"items_purged_floors":[30],"is_endless":false,"potions_floor_spawned":[1,8,12,18,24],"killed_by":"Collector","ascension_level":4}