{"gold_per_floor":[218,231,245,245,195,195,195,226,226,226,245,41,41,72,72,72],"floor_reached":16,"playtime":723,"items_purged":["Strike_R"],"score":119,"play_id":"c4cd9bb8-d2c8-474e-9da2-238ed58818a6","local_time":"20181011213511","is_ascension_mode":true,"campfire_choices":[{"data":"Body Slam","floor":6,"key":"SMITH"},{"data":"Iron Wave","floor":10,"key":"SMITH"},{"floor":15,"key":"REST"}],"neow_cost":"NONE","seed_source_timestamp":132201285447729,"circlet_count":0,"master_deck":["Strike_R","Strike_R","Strike_R","Defend_R","Defend_R","Defend_R","Defend_R","Bash","Body Slam+1","Body Slam+1","Iron Wave+1","Pommel Strike","Cleave","Metallicize","True Grit","Sentinel"],"relics":["Burning Blood","Ornamental Fan","Pear","Letter Opener"],"potions_floor_usage":[14,16,16],"damage_taken":[{"damage":7,"enemies":"Small Slimes","floor":1,"turns":3},{"damage":10,"enemies":"Cultist","floor":2,"turns":5},{"damage":13,"enemies":"2 Louse","floor":3,"turns":3},{"damage":36,"enemies":"Lagavulin","floor":8,"turns":8},{"damage":13,"enemies":"Red Slaver","floor":11,"turns":4},{"damage":2,"enemies":"Gremlin Nob","floor":14,"turns":4},{"damage":87,"enemies":"Hexaghost","floor":16,"turns":16}],"seed_played":"6578285723425852516","potions_obtained":[{"floor":2,"key":"EssenceOfSteel"},{"floor":4,"key":"Regen Potion"},{"floor":4,"key":"Block Potion"}],"is_trial":false,"path_per_floor":["M","M","M","?","?","R","?","E","T","R","M","$","$","E","R"],"character_chosen":"IRONCLAD","items_purchased":["Metallicize","True Grit"],"campfire_rested":1,"item_purchase_floors":[12,12],"current_hp_per_floor":[79,75,68,68,68,68,68,38,48,48,41,41,41,45,72,0],"gold":72,"neow_bonus":"HUNDRED_GOLD","is_prod":false,"is_daily":false,"chose_seed":false,"campfire_upgraded":2,"win_rate":0,"timestamp":1539286511,"path_taken":["M","M","M","?","?","R","?","E","T","R","?","?","$","E","R","BOSS"],"build_version":"2018-10-04v2","purchased_purges":1,"victory":false,"max_hp_per_floor":[80,80,80,80,80,80,80,80,90,90,90,90,90,90,90,90],"card_choices":[{"not_picked":["Havoc","Thunderclap"],"picked":"Body Slam","floor":1},{"not_picked":["Warcry","Armaments"],"picked":"Body Slam","floor":2},{"not_picked":["Perfected Strike","Thunderclap"],"picked":"Iron Wave","floor":3},{"not_picked":["Ghostly Armor","Bludgeon"],"picked":"Pommel Strike","floor":8},{"not_picked":["Thunderclap","Sword Boomerang"],"picked":"Cleave","floor":11},{"not_picked":["Hemokinesis","Headbutt"],"picked":"Sentinel","floor":14}],"player_experience":175161,"relics_obtained":[{"floor":8,"key":"Ornamental Fan"},{"floor":9,"key":"Pear"},{"floor":14,"key":"Letter Opener"}],"event_choices":[{"event_name":"The Lab","player_choice":"Got Potions","floor":4,"damage_taken":0},{"event_name":"The Cleric","player_choice":"Card Removal","floor":5,"damage_taken":0},{"event_name":"Living Wall","player_choice":"Grow","floor":7,"damage_taken":0}],"is_beta":false,"boss_relics":[],"items_purged_floors":[12],"is_endless":false,"potions_floor_spawned":[2,8],"killed_by":"Hexaghost","ascension_level":2}