{"gold_per_floor":[113,11,11,11,11,11,37,37,86,96,108,108,8,25,25,120,120,138,213,223,50,61,61,86,97,97,115,115,62,12,27,27,125,125,140,140,140,151,171,197,197,213,213,227,227,238,13,13,13,13],"floor_reached":51,"playtime":5899,"items_purged":["Strike_B","Regret","Defend_B","Strike_B+1"],"score":731,"play_id":"6fc25ea8-796b-4b09-b79e-e841bc34648b","local_time":"20181003141158","is_ascension_mode":true,"campfire_choices":[{"data":"Conserve Battery","floor":6,"key":"SMITH"},{"data":"Beam Cell","floor":8,"key":"SMITH"},{"data":"Ball Lightning","floor":12,"key":"SMITH"},{"data":"Barrage","floor":15,"key":"SMITH"},{"floor":23,"key":"REST"},{"floor":32,"key":"REST"},{"floor":41,"key":"REST"},{"floor":45,"key":"REST"},{"floor":49,"key":"REST"}],"neow_cost":"NONE","seed_source_timestamp":320485329233282,"circlet_count":0,"master_deck":["Defend_B+1","Defend_B+1","Zap+1","Dualcast+1","Ball Lightning+1","Conserve Battery+1","Beam Cell+1","Skim+1","Stack+1","Barrage+1","Biased Cognition+1","Double Energy+1","Go for the Eyes+1","Conserve Battery+1","Barrage+1","Electrodynamics+1","Static Discharge+1","Stack+1","Conserve Battery+1","Hologram+1","Conserve Battery+1","Defragment+1","Defragment+1","Leap+1","Stack+1","Loop"],"relics":["Cracked Core","Bag of Preparation","Potion Belt","Gremlin Horn","Bronze Scales","Empty Cage","Bag of Marbles","Unceasing Top","Runic Pyramid","Mark of the Bloom","Ancient Tea Set","Sundial"],"potions_floor_usage":[20,27,33,33,33,44,50],"damage_taken":[{"damage":0,"enemies":"Small Slimes","floor":1,"turns":3},{"damage":26,"enemies":"Lagavulin","floor":7,"turns":6},{"damage":4,"enemies":"Jaw Worm","floor":10,"turns":2},{"damage":3,"enemies":"Cultist","floor":11,"turns":2},{"damage":0,"enemies":"Large Slime","floor":14,"turns":3},{"damage":18,"enemies":"The Guardian","floor":16,"turns":10},{"damage":5,"enemies":"Chosen","floor":18,"turns":4},{"damage":20,"enemies":"2 Thieves","floor":20,"turns":3},{"damage":21,"enemies":"Snake Plant","floor":22,"turns":4},{"damage":21,"enemies":"Slavers","floor":24,"turns":4},{"damage":6,"enemies":"Centurion and Healer","floor":25,"turns":3},{"damage":0,"enemies":"3 Cultists","floor":27,"turns":3},{"damage":2,"enemies":"Shelled Parasite and Fungi","floor":31,"turns":2},{"damage":13,"enemies":"Champ","floor":33,"turns":8},{"damage":2,"enemies":"Orb Walker","floor":35,"turns":4},{"damage":0,"enemies":"3 Shapes","floor":38,"turns":2},{"damage":0,"enemies":"Sphere and 2 Shapes","floor":39,"turns":3},{"damage":0,"enemies":"Nemesis","floor":40,"turns":5},{"damage":3,"enemies":"Transient","floor":42,"turns":5},{"damage":9,"enemies":"4 Shapes","floor":44,"turns":2},{"damage":0,"enemies":"Reptomancer","floor":46,"turns":4},{"damage":27,"enemies":"Time Eater","floor":50,"turns":9}],"seed_played":"-23718740358560754","potions_obtained":[{"floor":14,"key":"Regen Potion"},{"floor":16,"key":"FocusPotion"},{"floor":20,"key":"SpeedPotion"},{"floor":24,"key":"FocusPotion"},{"floor":27,"key":"Dexterity Potion"},{"floor":35,"key":"Explosive Potion"},{"floor":42,"key":"FearPotion"},{"floor":44,"key":"SkillPotion"}],"is_trial":false,"path_per_floor":["M","$","?","?","?","R","E","R","T","M","M","R","$","M","R","B",null,"M","?","M","$","M","R","E","M","T","M","?","$","$","M","R","B",null,"M","?","?","M","M","E","R","M","T","M","R","M","$","?","R","B"],"character_chosen":"DEFECT","items_purchased":["Conserve Battery","Conserve Battery","Conserve Battery","Hologram","Loop"],"campfire_rested":5,"item_purchase_floors":[2,21,29,30,47],"current_hp_per_floor":[82,82,82,79,79,79,53,53,53,49,46,46,46,46,46,28,82,77,69,58,58,37,61,40,34,34,34,18,18,18,16,42,29,87,85,85,85,85,85,85,85,82,82,73,73,73,73,73,73,46],"gold":13,"neow_bonus":"TEN_PERCENT_HP_BONUS","is_prod":false,"is_daily":false,"chose_seed":false,"campfire_upgraded":4,"win_rate":0,"timestamp":1538568718,"path_taken":["M","$","?","?","?","R","E","R","T","M","?","R","$","M","R","BOSS","M","?","?","$","M","R","E","?","T","M","?","?","$","M","R","BOSS","M","?","?","M","?","E","R","M","T","M","R","M","$","?","R","BOSS"],"build_version":"2018-09-27","purchased_purges":4,"victory":true,"max_hp_per_floor":[82,82,82,82,82,82,82,82,82,82,82,82,82,82,82,82,82,82,82,82,82,82,82,82,82,82,82,87,87,87,87,87,87,87,87,87,87,87,87,87,87,87,87,87,87,87,87,87,87,87],"card_choices":[{"not_picked":["Leap","Gash"],"picked":"Ball Lightning","floor":1},{"not_picked":["Redo","Fusion"],"picked":"Beam Cell","floor":7},{"not_picked":["Gash","Steam Power"],"picked":"Skim","floor":10},{"not_picked":["Sweeping Beam","Aggregate"],"picked":"Stack","floor":11},{"not_picked":["Undo","Hologram"],"picked":"Barrage","floor":14},{"not_picked":["Creative AI","Machine Learning"],"picked":"Biased Cognition","floor":16},{"not_picked":["Hologram","Rebound"],"picked":"Double Energy+1","floor":18},{"not_picked":["Streamline","Aggregate"],"picked":"Go for the Eyes+1","floor":20},{"not_picked":["Gash","Loop+1"],"picked":"Barrage+1","floor":22},{"not_picked":["Sweeping Beam","Compile Driver"],"picked":"Electrodynamics","floor":24},{"not_picked":["Lockon","Gash"],"picked":"Static Discharge+1","floor":25},{"not_picked":["Force Field","Cold Snap+1"],"picked":"Stack","floor":27},{"not_picked":["Skim+1","Melter+1"],"picked":"Conserve Battery","floor":31},{"not_picked":["Darkness+1","Go for the Eyes+1"],"picked":"Defragment","floor":35},{"not_picked":["Coolheaded","Beam Cell+1"],"picked":"Leap+1","floor":38},{"not_picked":["Go for the Eyes","Creative AI"],"picked":"Stack+1","floor":39},{"not_picked":["FTL","Stack","Compile Driver"],"picked":"SKIP","floor":40},{"not_picked":["Gash+1","Skim","Stack"],"picked":"SKIP","floor":42},{"not_picked":["Genetic Algorithm","Gash+1","Coolheaded+1"],"picked":"SKIP","floor":44},{"not_picked":["Tempest","Beam Cell+1"],"picked":"Buffer","floor":46}],"player_experience":120886,"relics_obtained":[{"floor":7,"key":"Gremlin Horn"},{"floor":9,"key":"Bronze Scales"},{"floor":24,"key":"Bag of Marbles"},{"floor":26,"key":"Unceasing Top"},{"floor":40,"key":"Ancient Tea Set"},{"floor":43,"key":"Sundial"}],"event_choices":[{"event_name":"Living Wall","player_choice":"Forget","floor":3,"damage_taken":0},{"event_name":"Scrap Ooze","player_choice":"success","floor":4,"damage_taken":3},{"event_name":"Big Fish","player_choice":"Box","floor":5,"damage_taken":0},{"event_name":"FaceTrader","player_choice":"Touch","floor":19,"damage_taken":0},{"event_name":"Forgotten Altar","player_choice":"Shed Blood","floor":28,"damage_taken":0},{"event_name":"MindBloom","player_choice":"Upgrade","floor":36,"damage_taken":0},{"event_name":"Duplicator","player_choice":"One dupe","floor":37,"damage_taken":0},{"event_name":"Falling","player_choice":"Removed Power","floor":48,"damage_taken":0}],"is_beta":false,"boss_relics":[{"not_picked":["Coffee Dripper","Astrolabe"],"picked":"Empty Cage"},{"not_picked":["Runic Dome","White Beast Statue"],"picked":"Runic Pyramid"}],"items_purged_floors":[2,13,21,47],"is_endless":false,"potions_floor_spawned":[14,16,20,24,27,35,42,44],"ascension_level":1}