{"gold_per_floor":[112,124,142,142,159,159,159,159],"floor_reached":8,"playtime":189,"items_purged":[],"score":48,"play_id":"a6d51a11-f501-4a87-9d4d-3323b3fc603f","local_time":"20181122195012","is_ascension_mode":false,"campfire_choices":[{"data":"Accuracy","floor":6,"key":"SMITH"}],"neow_cost":"NONE","seed_source_timestamp":348404155229694,"circlet_count":0,"master_deck":["Defend_G","Defend_G","Defend_G","Defend_G","Defend_G","Strike_G","Strike_G","Strike_G","Strike_G","Survivor","Neutralize","Blur","After Image","Expertise","Accuracy+1","Parasite"],"relics":["Ring of the Snake","NeowsBlessing"],"potions_floor_usage":[8],"damage_taken":[{"damage":0,"enemies":"Jaw Worm","floor":1,"turns":1},{"damage":0,"enemies":"Cultist","floor":2,"turns":1},{"damage":0,"enemies":"Small Slimes","floor":3,"turns":1},{"damage":0,"enemies":"Exordium Wildlife","floor":5,"turns":5},{"damage":107,"enemies":"Gremlin Nob","floor":8,"turns":8}],"seed_played":"506109466764517035","potions_obtained":[{"floor":1,"key":"SpeedPotion"},{"floor":5,"key":"Swift Potion"}],"is_trial":false,"path_per_floor":["M","M","M","?","M","R","?","E"],"character_chosen":"THE_SILENT","items_purchased":[],"campfire_rested":0,"item_purchase_floors":[],"current_hp_per_floor":[70,70,70,70,70,70,70,0],"gold":159,"neow_bonus":"THREE_ENEMY_KILL","is_prod":false,"is_daily":false,"chose_seed":false,"campfire_upgraded":1,"win_rate":0,"timestamp":1542912612,"path_taken":["M","M","M","?","?","R","?","E"],"build_version":"2018-11-15","purchased_purges":0,"victory":false,"max_hp_per_floor":[70,70,70,70,70,70,70,70],"card_choices":[{"not_picked":["Backflip","Acrobatics"],"picked":"Blur","floor":1},{"not_picked":["Predator","Dagger Throw","Flying Knee"],"picked":"SKIP","floor":2},{"not_picked":["Slice","Flying Knee"],"picked":"After Image","floor":3},{"not_picked":["Deflect","Sucker Punch"],"picked":"Accuracy","floor":5}],"player_experience":307094,"relics_obtained":[],"event_choices":[{"damage_healed":0,"gold_gain":0,"cards_transformed":["Strike_G"],"player_choice":"Transformed","damage_taken":0,"max_hp_gain":0,"max_hp_loss":0,"event_name":"Transmorgrifier","floor":4,"gold_loss":0,"cards_obtained":["Expertise"]},{"damage_healed":17,"gold_gain":0,"player_choice":"Healed and dodged fight","damage_taken":0,"max_hp_gain":0,"max_hp_loss":0,"event_name":"Mushrooms","floor":7,"gold_loss":0,"cards_obtained":["Parasite"]}],"is_beta":false,"boss_relics":[],"items_purged_floors":[],"is_endless":false,"potions_floor_spawned":[1,5],"killed_by":"Gremlin Nob","ascension_level":0}