{"gold_per_floor":[111,261,12,12,32,65,82,82,82,82,82,94,111,123,123,123],"floor_reached":16,"playtime":300,"items_purged":[],"score":254,"play_id":"a2d5b6ef-f74f-4a75-9fb3-b6c57c1327ca","local_time":"20190411170229","is_ascension_mode":true,"campfire_choices":[{"data":"Heavy Blade","floor":8,"key":"SMITH"},{"data":"Sword Boomerang","floor":10,"key":"SMITH"},{"data":"Bash","floor":15,"key":"SMITH"}],"neow_cost":"NONE","seed_source_timestamp":12129039335400,"circlet_count":0,"master_deck":["AscendersBane","Strike_R","Strike_R","Strike_R","Strike_R","Strike_R","Defend_R","Defend_R","Defend_R","Defend_R","Bash+1","Doubt","Sword Boomerang+1","Shrug It Off","Heavy Blade+1","Rage","Thunderclap","Cleave","Shrug It Off"],"relics":["Burning Blood","NeowsBlessing","Brimstone","Singing Bowl","Bottled Flame"],"potions_floor_usage":[12],"damage_taken":[{"damage":0,"enemies":"Small Slimes","floor":1,"turns":1},{"damage":0,"enemies":"Cultist","floor":5,"turns":1},{"damage":0,"enemies":"Lagavulin","floor":6,"turns":1},{"damage":1,"enemies":"2 Louse","floor":7,"turns":3},{"damage":12,"enemies":"Lots of Slimes","floor":12,"turns":3},{"damage":14,"enemies":"Large Slime","floor":13,"turns":3},{"damage":4,"enemies":"Looter","floor":14,"turns":2},{"damage":65,"enemies":"The Guardian","floor":16,"turns":7}],"seed_played":"-2601934468396172879","potions_obtained":[{"floor":6,"key":"AttackPotion"},{"floor":11,"key":"LiquidBronze"},{"floor":14,"key":"SmokeBomb"}],"is_trial":false,"path_per_floor":["M","?","$","?","M","E","M","R","T","R","?","M","M","M","R","B"],"character_chosen":"IRONCLAD","items_purchased":["Brimstone","Sword Boomerang"],"campfire_rested":0,"item_purchase_floors":[3,3],"current_hp_per_floor":[74,74,74,63,69,75,75,75,75,75,75,69,61,63,63,0],"gold":123,"neow_bonus":"THREE_ENEMY_KILL","is_prod":false,"is_daily":false,"chose_seed":false,"campfire_upgraded":3,"win_rate":0,"timestamp":1554994949,"path_taken":["M","?","$","?","?","E","M","R","T","R","?","?","M","M","R","BOSS"],"build_version":"2019-01-23","purchased_purges":0,"victory":false,"max_hp_per_floor":[75,75,75,75,75,75,75,75,75,75,75,75,75,75,75,75],"card_choices":[{"not_picked":["Perfected Strike","Armaments","Heavy Blade"],"picked":"SKIP","floor":1},{"not_picked":["Pommel Strike","Havoc"],"picked":"Shrug It Off","floor":5},{"not_picked":["Dual Wield","Perfected Strike"],"picked":"Heavy Blade","floor":6},{"not_picked":["Berserk","Twin Strike"],"picked":"Rage","floor":7},{"not_picked":["Clothesline","Uppercut"],"picked":"Thunderclap","floor":12},{"not_picked":["Headbutt","Havoc"],"picked":"Cleave","floor":13},{"not_picked":["Cleave","Headbutt"],"picked":"Shrug It Off","floor":14}],"player_experience":540720,"relics_obtained":[{"floor":6,"key":"Singing Bowl"},{"floor":9,"key":"Bottled Flame"}],"event_choices":[{"damage_healed":0,"gold_gain":150,"player_choice":"AGREE","damage_taken":0,"max_hp_gain":0,"max_hp_loss":0,"event_name":"Liars Game","floor":2,"gold_loss":0,"cards_obtained":["Doubt"]},{"damage_healed":0,"gold_gain":0,"player_choice":"Damaged","damage_taken":11,"max_hp_gain":0,"max_hp_loss":0,"event_name":"Wheel of Change","floor":4,"gold_loss":0},{"damage_healed":0,"gold_gain":0,"player_choice":"Got Potions","damage_taken":0,"max_hp_gain":0,"max_hp_loss":0,"event_name":"Lab","floor":11,"gold_loss":0}],"is_beta":false,"boss_relics":[],"items_purged_floors":[],"is_endless":false,"potions_floor_spawned":[6,14],"killed_by":"The Guardian","ascension_level":20}