{"gold_per_floor":[116,135,135,135,152,152,169,169,169,194,225,254,266],"floor_reached":13,"playtime":647,"items_purged":[],"score":126,"play_id":"d5096ebe-97c2-4daa-90b3-e07df2dd0057","local_time":"20190503215937","is_ascension_mode":true,"campfire_choices":[{"data":"Skewer","floor":6,"key":"SMITH"}],"neow_cost":"NONE","seed_source_timestamp":612569438703182,"circlet_count":0,"master_deck":["AscendersBane","Defend_G","Defend_G","Defend_G","Defend_G","Defend_G","Strike_G","Strike_G","Strike_G","Survivor","Neutralize","PiercingWail","Malaise","Skewer+1","Flying Knee"],"relics":["Ring of the Snake","Matryoshka","PreservedInsect","MawBank"],"potions_floor_usage":[10],"damage_taken":[{"damage":3,"enemies":"2 Louse","floor":1,"turns":3},{"damage":13,"enemies":"Small Slimes","floor":2,"turns":8},{"damage":4,"enemies":"Jaw Worm","floor":5,"turns":7},{"damage":5,"enemies":"Exordium Wildlife","floor":7,"turns":5},{"damage":19,"enemies":"Gremlin Gang","floor":10,"turns":5},{"damage":1,"enemies":"Exordium Thugs","floor":11,"turns":4},{"damage":12,"enemies":"Large Slime","floor":12,"turns":10}],"seed_played":"-8297404408156930859","potions_obtained":[{"floor":1,"key":"SkillPotion"},{"floor":10,"key":"Strength Potion"},{"floor":11,"key":"Dexterity Potion"},{"floor":12,"key":"Explosive Potion"}],"is_trial":false,"path_per_floor":["M","M","?","?","M","R","M","T","T","M","M","M","$"],"character_chosen":"THE_SILENT","items_purchased":[],"campfire_rested":0,"item_purchase_floors":[],"current_hp_per_floor":[67,54,47,47,43,43,38,38,38,19,18,6,6],"gold":266,"neow_bonus":"TEN_PERCENT_HP_BONUS","is_prod":false,"is_daily":false,"chose_seed":false,"campfire_upgraded":1,"win_rate":0,"timestamp":1556913577,"path_taken":["M","M","?","?","M","R","M","?","T","?","M","M","$"],"build_version":"2019-01-23","purchased_purges":0,"victory":false,"max_hp_per_floor":[77,77,77,77,77,77,77,77,77,77,77,77,77],"card_choices":[{"not_picked":["Reflex","Quick Slash"],"picked":"PiercingWail","floor":1},{"not_picked":["Caltrops","Distraction","Eviscerate"],"picked":"SKIP","floor":2},{"not_picked":["Concentrate","PiercingWail"],"picked":"Skewer","floor":5},{"not_picked":["Riddle With Holes","Outmaneuver"],"picked":"Flying Knee","floor":7},{"not_picked":["Bouncing Flask","Flying Knee","Outmaneuver"],"picked":"SKIP","floor":10},{"not_picked":["Catalyst","Sucker Punch","PiercingWail"],"picked":"SKIP","floor":11},{"not_picked":["Choke","Accuracy","Quick Slash"],"picked":"SKIP","floor":12}],"player_experience":525104,"relics_obtained":[{"floor":8,"key":"Matryoshka"},{"floor":9,"key":"PreservedInsect"},{"floor":9,"key":"MawBank"}],"event_choices":[{"cards_removed":["Strike_G"],"damage_healed":0,"gold_gain":0,"player_choice":"Card Removal","damage_taken":7,"max_hp_gain":0,"max_hp_loss":0,"event_name":"Golden Wing","floor":3,"gold_loss":0},{"damage_healed":0,"gold_gain":0,"cards_transformed":["Strike_G"],"player_choice":"Change","damage_taken":0,"max_hp_gain":0,"max_hp_loss":0,"event_name":"Living Wall","floor":4,"gold_loss":0,"cards_obtained":["Malaise"]}],"is_beta":false,"boss_relics":[],"items_purged_floors":[],"is_endless":false,"potions_floor_spawned":[1,10,11,12],"ascension_level":12}