{"gold_per_floor":[109,109,50,69,69,69,99,99,122,142,200,165,165,165,165,165],"floor_reached":16,"playtime":282,"items_purged":[],"score":192,"play_id":"0b91dc62-02ae-4a2d-9b97-4afb3edb5d3a","local_time":"20190505232909","is_ascension_mode":true,"campfire_choices":[{"data":"Uppercut","floor":6,"key":"SMITH"},{"data":"Armaments","floor":8,"key":"SMITH"},{"floor":15,"key":"REST"}],"neow_cost":"TEN_PERCENT_HP_LOSS","seed_source_timestamp":85376097223000,"circlet_count":0,"master_deck":["AscendersBane","Strike_R","Strike_R+1","Strike_R","Strike_R","Defend_R","Defend_R","Defend_R","Defend_R","Bash+1","Immolate","Thunderclap","Armaments+1","Uppercut+1","Cleave","Body Slam"],"relics":["Burning Blood","Blue Candle","Boot","PreservedInsect","Juzu Bracelet"],"potions_floor_usage":[16],"damage_taken":[{"damage":9,"enemies":"Cultist","floor":1,"turns":4},{"damage":5,"enemies":"2 Louse","floor":4,"turns":3},{"damage":26,"enemies":"Gremlin Nob","floor":7,"turns":4},{"damage":12,"enemies":"Small Slimes","floor":10,"turns":2},{"damage":64,"enemies":"Slime Boss","floor":16,"turns":8}],"seed_played":"6356660838500268294","potions_obtained":[{"floor":1,"key":"BloodPotion"},{"floor":10,"key":"FearPotion"}],"is_trial":false,"path_per_floor":["M","T","$","M","?","R","E","R","T","M","?","?","T","?","R","B"],"character_chosen":"IRONCLAD","items_purchased":["Armaments"],"campfire_rested":1,"item_purchase_floors":[3],"current_hp_per_floor":[65,65,65,66,46,46,26,26,26,20,20,37,37,37,57,0],"gold":165,"neow_bonus":"THREE_RARE_CARDS","is_prod":false,"is_daily":false,"chose_seed":false,"campfire_upgraded":2,"win_rate":0,"timestamp":1557091749,"path_taken":["M","?","$","M","?","R","E","R","T","M","?","?","?","?","R","BOSS"],"build_version":"2019-01-23","purchased_purges":0,"victory":false,"max_hp_per_floor":[68,68,68,68,68,68,68,68,68,68,68,68,68,68,68,68],"card_choices":[{"not_picked":["Barricade","Double Tap"],"picked":"Immolate","floor":0},{"not_picked":["Dropkick","Wild Strike"],"picked":"Thunderclap","floor":1},{"not_picked":["Sword Boomerang","Havoc"],"picked":"Uppercut","floor":4},{"not_picked":["Combust","Searing Blow"],"picked":"Cleave","floor":7},{"not_picked":["Entrench","Combust"],"picked":"Body Slam","floor":10}],"player_experience":641739,"relics_obtained":[{"floor":2,"key":"Blue Candle"},{"floor":7,"key":"Boot"},{"floor":9,"key":"PreservedInsect"},{"floor":13,"key":"Juzu Bracelet"}],"event_choices":[{"damage_healed":0,"gold_gain":0,"player_choice":"Entered Light","damage_taken":20,"max_hp_gain":0,"max_hp_loss":0,"event_name":"Shining Light","floor":5,"gold_loss":0,"cards_upgraded":["Bash","Strike_R"]},{"damage_healed":0,"gold_gain":58,"player_choice":"Gained Gold","damage_taken":0,"max_hp_gain":0,"max_hp_loss":0,"event_name":"Golden Wing","floor":11,"gold_loss":0},{"damage_healed":17,"gold_gain":0,"player_choice":"Healed","damage_taken":0,"max_hp_gain":0,"max_hp_loss":0,"event_name":"The Cleric","floor":12,"gold_loss":35},{"cards_removed":["Strike_R"],"damage_healed":0,"gold_gain":0,"player_choice":"Purged","damage_taken":0,"max_hp_gain":0,"max_hp_loss":0,"event_name":"Purifier","floor":14,"gold_loss":0}],"is_beta":false,"boss_relics":[],"items_purged_floors":[],"is_endless":false,"potions_floor_spawned":[1,10],"killed_by":"Slime Boss","ascension_level":20}