{"gold_per_floor":[119,119,119,136,149,149,167,186,186,186,202,202,212,55,55,160,160,175,175,209,209,226,226,246,246,276,302,313,14,14,26,26,26],"floor_reached":33,"playtime":1000,"items_purged":[],"score":414,"play_id":"1090f4d6-0f21-4740-ae03-26cb12f7a10b","local_time":"20190205134437","is_ascension_mode":true,"campfire_choices":[{"data":"Bash","floor":6.0,"key":"SMITH"},{"floor":10.0,"key":"REST"},{"floor":12.0,"key":"REST"},{"data":"Whirlwind","floor":15.0,"key":"SMITH"},{"data":"Barricade","floor":23.0,"key":"SMITH"},{"data":"Infernal Blade","floor":25.0,"key":"SMITH"},{"data":"Flame Barrier","floor":32,"key":"SMITH"}],"neow_cost":"NONE","seed_source_timestamp":1137244198650613,"circlet_count":0,"master_deck":["AscendersBane","Strike_R","Strike_R","Strike_R+1","Strike_R","Strike_R+1","Defend_R","Defend_R","Defend_R","Defend_R","Bash+1","Infernal Blade+1","Exhume","Flex","Whirlwind+1","Clothesline","Barricade+1","Thunderclap+1","Whirlwind+1","Flame Barrier+1","Body Slam"],"special_seed":0,"relics":["Burning Blood","Dream Catcher","Matryoshka","Whetstone","Letter Opener","Bag of Marbles","Mark of Pain","Red Mask","Tiny Chest","Sundial","Mummified Hand","Anchor","Happy Flower"],"potions_floor_usage":[33],"damage_taken":[{"damage":9.0,"enemies":"Jaw Worm","floor":1.0,"turns":5.0},{"damage":8.0,"enemies":"2 Louse","floor":4.0,"turns":4.0},{"damage":1.0,"enemies":"Cultist","floor":5.0,"turns":3.0},{"damage":36.0,"enemies":"Lots of Slimes","floor":7.0,"turns":7.0},{"damage":11.0,"enemies":"Blue Slaver","floor":8.0,"turns":3.0},{"damage":15.0,"enemies":"2 Fungi Beasts","floor":11.0,"turns":3.0},{"damage":17.0,"enemies":"Large Slime","floor":13.0,"turns":4.0},{"damage":12.0,"enemies":"Slime Boss","floor":16.0,"turns":7.0},{"damage":12.0,"enemies":"Chosen","floor":18.0,"turns":4.0},{"damage":0.0,"enemies":"Masked Bandits","floor":20.0,"turns":2.0},{"damage":0.0,"enemies":"3 Byrds","floor":22.0,"turns":2.0},{"damage":16.0,"enemies":"Centurion and Healer","floor":24.0,"turns":2.0},{"damage":14.0,"enemies":"Slavers","floor":27.0,"turns":2.0},{"damage":0.0,"enemies":"3 Cultists","floor":28.0,"turns":2.0},{"damage":16,"enemies":"Sentry and Sphere","floor":31,"turns":4},{"damage":76,"enemies":"Automaton","floor":33,"turns":8}],"seed_played":"-2436239950171247131","potions_obtained":[{"floor":4.0,"key":"EntropicBrew"},{"floor":7.0,"key":"FearPotion"},{"floor":16.0,"key":"Swift Potion"},{"floor":18.0,"key":"SkillPotion"},{"floor":24.0,"key":"AttackPotion"},{"floor":28.0,"key":"Regen Potion"}],"is_trial":false,"path_per_floor":["M","?","?","M","M","R","M","M","T","R","M","R","M","$","R","B",null,"M","?","?","?","M","R","M","R","T","E","M","$","?","M","R","B"],"character_chosen":"IRONCLAD","items_purchased":["Bag of Marbles","Anchor","Happy Flower"],"campfire_rested":2,"item_purchase_floors":[14,29,29],"current_hp_per_floor":[69,74,49,47,52,52,22,17,17,42,33,58,47,47,47,41,74,68,68,74,74,80,80,70,70,70,62,68,68,68,58,58,0],"gold":26,"neow_bonus":"RANDOM_COMMON_RELIC","is_prod":false,"is_daily":false,"chose_seed":false,"campfire_upgraded":5,"win_rate":0,"timestamp":1549341877,"path_taken":["M","?","?","M","?","R","M","M","T","R","M","R","M","$","R","BOSS","M","?","?","?","?","R","?","R","T","E","M","?","?","M","R","BOSS"],"build_version":"2019-01-23","purchased_purges":0,"victory":false,"max_hp_per_floor":[80,85,85,85,85,85,85,85,85,85,85,85,85,85,85,85,85,85,85,85,85,85,85,85,85,85,85,85,85,85,85,85,85],"card_choices":[{"not_picked":["Twin Strike","Warcry","Armaments"],"picked":"SKIP","floor":1.0},{"not_picked":["Armaments","Warcry"],"picked":"Infernal Blade","floor":4.0},{"not_picked":["Warcry","Armaments","Wild Strike"],"picked":"SKIP","floor":5.0},{"not_picked":["Infernal Blade","Armaments"],"picked":"Exhume","floor":7.0},{"not_picked":["Anger","Second Wind"],"picked":"Flex","floor":8.0},{"not_picked":["Flex","Twin Strike"],"picked":"Whirlwind","floor":10.0},{"not_picked":["Armaments","Reckless Charge","Havoc"],"picked":"SKIP","floor":11.0},{"not_picked":["Sentinel","Havoc"],"picked":"Clothesline","floor":12.0},{"not_picked":["Dual Wield","Cleave","Fire Breathing"],"picked":"SKIP","floor":13.0},{"not_picked":["Juggernaut","Dark Embrace"],"picked":"Barricade","floor":16.0},{"not_picked":["Corruption","Headbutt","Perfected Strike"],"picked":"SKIP","floor":18.0},{"not_picked":["Infernal Blade","Iron Wave"],"picked":"Thunderclap+1","floor":20.0},{"not_picked":["Searing Blow","True Grit","Dropkick"],"picked":"SKIP","floor":22.0},{"not_picked":["Rupture","Whirlwind","Headbutt"],"picked":"SKIP","floor":24.0},{"not_picked":["Flex+1","Berserk"],"picked":"Flame Barrier","floor":27.0},{"not_picked":["Flex","Rupture+1"],"picked":"Body Slam","floor":28.0},{"not_picked":["Rampage","Shrug It Off","Flex+1"],"picked":"SKIP","floor":31}],"player_experience":467618,"relics_obtained":[{"floor":9.0,"key":"Whetstone"},{"floor":9.0,"key":"Letter Opener"},{"floor":20.0,"key":"Red Mask"},{"floor":26.0,"key":"Tiny Chest"},{"floor":26.0,"key":"Sundial"},{"floor":27.0,"key":"Mummified Hand"}],"event_choices":[{"damage_healed":0.0,"max_hp_gain":5.0,"max_hp_loss":0.0,"gold_gain":0.0,"event_name":"Big Fish","player_choice":"Donut","floor":2.0,"gold_loss":0.0,"damage_taken":0.0},{"damage_healed":0.0,"max_hp_gain":0.0,"max_hp_loss":0.0,"gold_gain":0.0,"event_name":"Scrap Ooze","player_choice":"Success","floor":3.0,"gold_loss":0.0,"damage_taken":25.0,"relics_obtained":["Matryoshka"]},{"damage_healed":0.0,"max_hp_gain":0.0,"max_hp_loss":0.0,"gold_gain":0.0,"event_name":"Vampires","player_choice":"Ignored","floor":19.0,"gold_loss":0.0,"damage_taken":0.0},{"damage_healed":0.0,"max_hp_gain":0.0,"max_hp_loss":0.0,"gold_gain":0.0,"event_name":"Masked Bandits","player_choice":"Fought Bandits","floor":20.0,"gold_loss":0.0,"damage_taken":0.0},{"damage_healed":0.0,"max_hp_gain":0.0,"max_hp_loss":0.0,"gold_gain":0.0,"event_name":"Duplicator","player_choice":"Copied","floor":21.0,"gold_loss":0.0,"damage_taken":0.0,"cards_obtained":["Whirlwind"]},{"damage_healed":0,"gold_gain":0,"player_choice":"Ignored","damage_taken":0,"max_hp_gain":0,"max_hp_loss":0,"event_name":"The Mausoleum","floor":30,"gold_loss":0}],"is_beta":false,"boss_relics":[{"not_picked":["Pandora\u0027s Box","Eternal Feather"],"picked":"Mark of Pain"}],"items_purged_floors":[],"is_endless":false,"potions_floor_spawned":[4,7,16,18,24,28],"killed_by":"Automaton","ascension_level":12}