{"gold_per_floor":[109,59,59,234,109,150,166,166,191,191,211,234,234,259,259,378,378,354,254,288,288,306,306,346,346,346,346,366,366,276,294,294,294],"floor_reached":33,"playtime":1569,"items_purged":["Doubt","Injury"],"score":287,"play_id":"4e863579-62b1-4ecf-b1cf-4e9293b1067e","local_time":"20190103125006","is_ascension_mode":true,"campfire_choices":[{"floor":10,"key":"REST"},{"data":"Neutralize","floor":13,"key":"SMITH"},{"data":"Bane","floor":15,"key":"SMITH"},{"floor":23,"key":"REST"},{"floor":25,"key":"REST"},{"floor":27,"key":"REST"},{"data":"Terror","floor":29,"key":"SMITH"},{"floor":32,"key":"REST"}],"neow_cost":"NONE","seed_source_timestamp":2837301411106,"circlet_count":0,"master_deck":["Defend_G","Defend_G+1","Defend_G+1","Defend_G","Defend_G","Strike_G+1","Strike_G","Strike_G","Survivor","Neutralize+1","Poisoned Stab","Bane+1","Backflip","Terror+1","Bane","Acrobatics"],"relics":["Ring of the Snake","Centennial Puzzle","Golden Idol","Pear","Regal Pillow","Odd Mushroom","Sozu","Red Mask","Peace Pipe","The Courier"],"potions_floor_usage":[16,16,16],"damage_taken":[{"damage":0,"enemies":"2 Louse","floor":1,"turns":5},{"damage":39,"enemies":"Lagavulin","floor":6,"turns":8},{"damage":7,"enemies":"Small Slimes","floor":7,"turns":3},{"damage":1,"enemies":"Jaw Worm","floor":11,"turns":3},{"damage":1,"enemies":"Blue Slaver","floor":12,"turns":3},{"damage":20,"enemies":"The Mushroom Lair","floor":14,"turns":6},{"damage":24,"enemies":"Hexaghost","floor":16,"turns":10},{"damage":12,"enemies":"2 Thieves","floor":18,"turns":5},{"damage":39,"enemies":"Masked Bandits","floor":20,"turns":6},{"damage":10,"enemies":"3 Byrds","floor":22,"turns":6},{"damage":35,"enemies":"Slavers","floor":24,"turns":7},{"damage":19,"enemies":"Cultist and Chosen","floor":28,"turns":7},{"damage":23,"enemies":"3 Cultists","floor":31,"turns":6},{"damage":90,"enemies":"Champ","floor":33,"turns":13}],"seed_played":"-6061338619654146436","potions_obtained":[{"floor":7,"key":"EssenceOfSteel"},{"floor":11,"key":"PowerPotion"},{"floor":12,"key":"GamblersBrew"},{"floor":14,"key":"Weak Potion"}],"is_trial":false,"path_per_floor":["M","?","?","?","$","E","M","?","T","R","M","M","R","?","R","B",null,"M","$","?","?","M","R","E","R","T","R","M","R","?","M","R","B"],"character_chosen":"THE_SILENT","items_purchased":["Poisoned Stab"],"campfire_rested":5,"item_purchase_floors":[5],"current_hp_per_floor":[70,70,70,70,70,41,34,18,18,57,56,55,55,35,35,11,80,68,68,29,13,3,42,7,46,46,80,61,61,61,38,77,0],"gold":294,"neow_bonus":"RANDOM_COMMON_RELIC","is_prod":false,"is_daily":false,"chose_seed":false,"campfire_upgraded":3,"win_rate":0,"timestamp":1546491006,"path_taken":["M","?","?","?","$","E","M","?","T","R","?","M","R","?","R","BOSS","M","$","?","?","M","R","E","R","T","R","M","R","?","?","R","BOSS"],"build_version":"2018-12-20","purchased_purges":2,"victory":false,"max_hp_per_floor":[70,70,70,70,70,80,80,80,80,80,80,80,80,80,80,80,80,80,80,80,80,80,80,80,80,80,80,80,80,80,80,80,80],"card_choices":[{"not_picked":["PiercingWail","Flying Knee","Underhanded Strike"],"picked":"SKIP","floor":1},{"not_picked":["Grand Finale","Quick Slash","Setup"],"picked":"SKIP","floor":6},{"not_picked":["Heel Hook","Finisher"],"picked":"Bane","floor":7},{"not_picked":["Noxious Fumes","Deflect"],"picked":"Backflip","floor":11},{"not_picked":["Distraction","Outmaneuver","PiercingWail"],"picked":"SKIP","floor":12},{"not_picked":["Dagger Spray","Masterful Stab"],"picked":"Terror","floor":18},{"not_picked":["Slice","Concentrate+1"],"picked":"Bane","floor":20},{"not_picked":["Catalyst+1","Cloak And Dagger","Escape Plan"],"picked":"SKIP","floor":22},{"not_picked":["Deflect","Slice","Choke"],"picked":"SKIP","floor":24},{"not_picked":["Sucker Punch+1","Accuracy+1","Leg Sweep+1"],"picked":"SKIP","floor":28},{"not_picked":["Sucker Punch","Blade Dance"],"picked":"Acrobatics","floor":31}],"player_experience":374864,"relics_obtained":[{"floor":6,"key":"Pear"},{"floor":9,"key":"Regal Pillow"},{"floor":14,"key":"Odd Mushroom"},{"floor":20,"key":"Red Mask"},{"floor":24,"key":"Peace Pipe"},{"floor":26,"key":"The Courier"}],"event_choices":[{"cards_removed":["Strike_G"],"damage_healed":0,"gold_gain":0,"player_choice":"Card Removal","damage_taken":0,"max_hp_gain":0,"max_hp_loss":0,"event_name":"The Cleric","floor":2,"gold_loss":50},{"damage_healed":0,"gold_gain":0,"player_choice":"Take Wound","damage_taken":0,"relics_obtained":["Golden Idol"],"max_hp_gain":0,"max_hp_loss":0,"event_name":"Golden Idol","floor":3,"gold_loss":0,"cards_obtained":["Injury"]},{"damage_healed":0,"gold_gain":175,"player_choice":"AGREE","damage_taken":0,"max_hp_gain":0,"max_hp_loss":0,"event_name":"Liars Game","floor":4,"gold_loss":0,"cards_obtained":["Doubt"]},{"damage_healed":0,"gold_gain":0,"player_choice":"Entered Light","damage_taken":16,"max_hp_gain":0,"max_hp_loss":0,"event_name":"Shining Light","floor":8,"gold_loss":0,"cards_upgraded":["Defend_G","Strike_G"]},{"damage_healed":0,"gold_gain":0,"player_choice":"Fought Mushrooms","damage_taken":0,"max_hp_gain":0,"max_hp_loss":0,"event_name":"Mushrooms","floor":14,"gold_loss":0},{"damage_healed":0,"gold_gain":0,"player_choice":"Fought Bandits","damage_taken":0,"max_hp_gain":0,"max_hp_loss":0,"event_name":"Masked Bandits","floor":20,"gold_loss":0},{"damage_healed":0,"gold_gain":0,"player_choice":"Obtained Book","damage_taken":16,"max_hp_gain":0,"max_hp_loss":0,"event_name":"Cursed Tome","floor":21,"gold_loss":0},{"cards_removed":["Strike_G"],"damage_healed":0,"gold_gain":0,"player_choice":"Upgrade and Remove","damage_taken":0,"max_hp_gain":0,"max_hp_loss":0,"event_name":"Designer","floor":30,"gold_loss":90,"cards_upgraded":["Defend_G"]}],"is_beta":false,"boss_relics":[{"not_picked":["Snecko Eye","Pandora\u0027s Box"],"picked":"Sozu"}],"items_purged_floors":[5,19],"is_endless":false,"potions_floor_spawned":[7,11,12,14,20,22,28,31],"killed_by":"Champ","ascension_level":2}