{"gold_per_floor":[216,216,229,8,18,44,44,3,51,51,71,100,100,25,25,99,99,114,114,29,29,46,46,46,57,82,109,109,119,145,70,70,70],"floor_reached":33,"playtime":1263,"items_purged":["Strike_R"],"score":582,"play_id":"1e5adb41-0468-4d84-ab3f-8af1aa67f9f8","local_time":"20190502204542","is_ascension_mode":true,"campfire_choices":[{"data":"Whirlwind","floor":7,"key":"SMITH"},{"data":"True Grit","floor":13,"key":"SMITH"},{"data":"Cleave","floor":15,"key":"SMITH"},{"data":"Uppercut","floor":23,"key":"SMITH"},{"data":"Fiend Fire","floor":28,"key":"SMITH"},{"data":"True Grit","floor":32,"key":"SMITH"}],"neow_cost":"NONE","seed_source_timestamp":315026699555000,"circlet_count":0,"master_deck":["AscendersBane","Strike_R","Strike_R","Strike_R","Defend_R","Defend_R","Defend_R","Defend_R","Bash+1","Cleave+1","Headbutt","True Grit+1","Whirlwind+1","Battle Trance","Fiend Fire+1","Uppercut+1","J.A.X.","True Grit+1"],"relics":["Burning Blood","Pen Nib","Bag of Marbles","Ancient Tea Set","Mummified Hand","Busted Crown","Lantern","Happy Flower","Peace Pipe","Orichalcum"],"potions_floor_usage":[6,12,18,33,33],"damage_taken":[{"damage":11,"enemies":"2 Louse","floor":1,"turns":3},{"damage":11,"enemies":"Small Slimes","floor":3,"turns":3},{"damage":7,"enemies":"Jaw Worm","floor":5,"turns":3},{"damage":15,"enemies":"3 Sentries","floor":6,"turns":5},{"damage":9,"enemies":"Blue Slaver","floor":11,"turns":3},{"damage":8,"enemies":"Gremlin Nob","floor":12,"turns":3},{"damage":42,"enemies":"Slime Boss","floor":16,"turns":7},{"damage":2,"enemies":"3 Byrds","floor":18,"turns":4},{"damage":0,"enemies":"2 Thieves","floor":22,"turns":1},{"damage":6,"enemies":"Shelled Parasite and Fungi","floor":25,"turns":3},{"damage":30,"enemies":"Slavers","floor":27,"turns":4},{"damage":4,"enemies":"Centurion and Healer","floor":29,"turns":3},{"damage":5,"enemies":"Book of Stabbing","floor":30,"turns":2},{"damage":74,"enemies":"Automaton","floor":33,"turns":6}],"seed_played":"-8727544636844315463","potions_obtained":[{"floor":3,"key":"Fire Potion"},{"floor":6,"key":"Poison Potion"},{"floor":16,"key":"SneckoOil"},{"floor":25,"key":"Regen Potion"},{"floor":27,"key":"AttackPotion"}],"is_trial":false,"path_per_floor":["M","?","M","$","M","E","R","?","T","?","M","E","R","?","R","B",null,"M","?","?","$","M","R","?","M","T","E","R","M","E","$","R","B"],"character_chosen":"IRONCLAD","items_purchased":["Pen Nib","True Grit"],"campfire_rested":0,"item_purchase_floors":[4,4],"current_hp_per_floor":[63,63,58,58,57,48,48,48,48,48,45,43,43,43,43,7,58,62,62,62,62,68,68,68,68,68,44,44,46,47,47,47,0],"gold":70,"neow_bonus":"HUNDRED_GOLD","is_prod":false,"is_daily":false,"chose_seed":false,"campfire_upgraded":6,"win_rate":0,"timestamp":1556797542,"path_taken":["M","?","M","$","M","E","R","?","T","?","M","E","R","?","R","BOSS","M","?","?","?","M","R","?","M","T","E","R","M","E","$","R","BOSS"],"build_version":"2019-01-23","purchased_purges":1,"victory":false,"max_hp_per_floor":[75,75,75,75,75,75,75,75,75,75,75,75,75,75,75,75,75,75,75,75,75,75,75,75,75,75,75,75,75,75,75,75,75],"card_choices":[{"not_picked":["Thunderclap","Body Slam"],"picked":"Cleave","floor":1},{"not_picked":["Reckless Charge","Rupture"],"picked":"Headbutt","floor":3},{"not_picked":["Perfected Strike","Body Slam","Iron Wave"],"picked":"SKIP","floor":5},{"not_picked":["Hemokinesis","Twin Strike"],"picked":"Whirlwind","floor":6},{"not_picked":["Perfected Strike","Clash"],"picked":"Battle Trance","floor":11},{"not_picked":["Hemokinesis","Iron Wave","Wild Strike"],"picked":"SKIP","floor":12},{"not_picked":["Impervious","Exhume"],"picked":"Fiend Fire","floor":16},{"not_picked":[],"picked":"Uppercut","floor":18},{"not_picked":["Wild Strike"],"picked":"SKIP","floor":22},{"not_picked":["Infernal Blade"],"picked":"SKIP","floor":25},{"not_picked":["Clothesline"],"picked":"SKIP","floor":27},{"not_picked":["Anger"],"picked":"SKIP","floor":29},{"not_picked":[],"picked":"True Grit","floor":30}],"player_experience":1183412,"relics_obtained":[{"floor":6,"key":"Bag of Marbles"},{"floor":9,"key":"Ancient Tea Set"},{"floor":12,"key":"Mummified Hand"},{"floor":26,"key":"Happy Flower"},{"floor":27,"key":"Peace Pipe"},{"floor":30,"key":"Orichalcum"}],"event_choices":[{"damage_healed":0,"gold_gain":0,"player_choice":"Grow","damage_taken":0,"max_hp_gain":0,"max_hp_loss":0,"event_name":"Living Wall","floor":2,"gold_loss":0,"cards_upgraded":["Bash"]},{"damage_healed":0,"gold_gain":0,"player_choice":"Left Gold","damage_taken":0,"max_hp_gain":0,"max_hp_loss":0,"event_name":"World of Goop","floor":8,"gold_loss":41},{"damage_healed":0,"gold_gain":0,"player_choice":"Searched \u00270\u0027 times","damage_taken":0,"max_hp_gain":0,"max_hp_loss":0,"event_name":"Dead Adventurer","floor":10,"gold_loss":0},{"cards_removed":["Strike_R"],"damage_healed":0,"gold_gain":0,"player_choice":"Card Removal","damage_taken":0,"max_hp_gain":0,"max_hp_loss":0,"event_name":"The Cleric","floor":14,"gold_loss":75},{"damage_healed":0,"gold_gain":0,"player_choice":"Obtain J.A.X.","damage_taken":0,"max_hp_gain":0,"max_hp_loss":0,"event_name":"Drug Dealer","floor":19,"gold_loss":0,"cards_obtained":["J.A.X."]},{"damage_healed":0,"gold_gain":0,"player_choice":"Obtained Relic","damage_taken":0,"relics_obtained":["Lantern"],"max_hp_gain":0,"max_hp_loss":0,"event_name":"Addict","floor":20,"gold_loss":85},{"damage_healed":0,"gold_gain":0,"player_choice":"Ignored","damage_taken":0,"max_hp_gain":0,"max_hp_loss":0,"event_name":"Ghosts","floor":24,"gold_loss":0}],"is_beta":false,"boss_relics":[{"not_picked":["Black Blood","Runic Dome"],"picked":"Busted Crown"}],"items_purged_floors":[31],"is_endless":false,"potions_floor_spawned":[3,6,16,25,27,29,30],"killed_by":"Automaton","ascension_level":20}