{"gold_per_floor":[117,42,53,53,70,70,70,107,119,157,189,201,113,130,130,130],"floor_reached":16,"playtime":805,"items_purged":["Decay","Normality"],"score":135,"play_id":"501ea35e-1e55-4cf5-b3f8-4926f53d4ce7","local_time":"20180810115233","is_ascension_mode":false,"campfire_choices":[{"data":"Uppercut","floor":6,"key":"SMITH"},{"floor":15,"key":"REST"}],"neow_cost":"CURSE","seed_source_timestamp":12448206019437,"circlet_count":0,"master_deck":["Strike_R","Strike_R","Strike_R","Strike_R","Strike_R","Defend_R","Defend_R","Defend_R","Defend_R","Bash","Uppercut+1","Thunderclap"],"relics":["Burning Blood","Self Forming Clay","MawBank","Mummified Hand","Kunai","Magic Flower"],"potions_floor_usage":[16,16],"damage_taken":[{"damage":9,"enemies":"2 Louse","floor":1,"turns":2},{"damage":6,"enemies":"Jaw Worm","floor":3,"turns":3},{"damage":6,"enemies":"Cultist","floor":5,"turns":3},{"damage":30,"enemies":"Gremlin Nob","floor":8,"turns":5},{"damage":33,"enemies":"3 Sentries","floor":10,"turns":7},{"damage":26,"enemies":"Large Slime","floor":11,"turns":8},{"damage":19,"enemies":"Gremlin Gang","floor":14,"turns":5},{"damage":40,"enemies":"Hexaghost","floor":16,"turns":14}],"seed_played":"7258524601280481276","potions_obtained":[{"floor":5,"key":"SkillPotion"},{"floor":8,"key":"Weak Potion"},{"floor":11,"key":"Ancient Potion"}],"is_trial":false,"path_per_floor":["M","$","M","?","M","R","?","E","T","E","M","$","$","M","R"],"character_chosen":"IRONCLAD","items_purchased":[],"campfire_rested":1,"item_purchase_floors":[],"current_hp_per_floor":[93,93,93,90,90,90,90,66,66,39,22,22,22,12,40,0],"gold":130,"neow_bonus":"TWENTY_PERCENT_HP_BONUS","is_prod":false,"is_daily":false,"chose_seed":false,"campfire_upgraded":1,"win_rate":0,"timestamp":1533873153,"path_taken":["M","$","M","?","?","R","?","E","T","E","M","?","$","M","R","BOSS"],"build_version":"2018-08-09","purchased_purges":2,"victory":false,"max_hp_per_floor":[96,96,96,96,96,96,96,96,96,96,96,96,96,96,96,96],"card_choices":[{"not_picked":["Sword Boomerang","Metallicize"],"picked":"Uppercut","floor":1},{"not_picked":["Uppercut","Anger"],"picked":"Thunderclap","floor":3},{"not_picked":["Heavy Blade","Fire Breathing","Anger"],"picked":"SKIP","floor":5},{"not_picked":["Thunderclap","Blood for Blood","Limit Break"],"picked":"SKIP","floor":8},{"not_picked":["Clothesline","Perfected Strike","Flex"],"picked":"SKIP","floor":10},{"not_picked":["Armaments","Havoc","Body Slam"],"picked":"SKIP","floor":11},{"not_picked":["Flame Barrier","Infernal Blade","Metallicize"],"picked":"SKIP","floor":14}],"player_experience":299500,"relics_obtained":[{"floor":8,"key":"Mummified Hand"},{"floor":9,"key":"Kunai"},{"floor":10,"key":"Magic Flower"}],"event_choices":[{"event_name":"Scrap Ooze","player_choice":"success","floor":4,"damage_taken":3},{"event_name":"Accursed Blacksmith","player_choice":"Rummage","floor":7,"damage_taken":0}],"is_beta":false,"boss_relics":[],"items_purged_floors":[2,13],"is_endless":false,"potions_floor_spawned":[5,8,11],"killed_by":"Hexaghost","ascension_level":0}