{"gold_per_floor":[212,212,362,362,382,382,8,41,96,96,96,96],"floor_reached":12,"playtime":220,"items_purged":["Regret"],"score":133,"play_id":"9856dcb1-1351-4a8a-97d3-34df00f8ad6e","local_time":"20190313213802","is_ascension_mode":true,"campfire_choices":[{"data":"Genetic Algorithm","floor":6,"key":"SMITH"}],"neow_cost":"NONE","seed_source_timestamp":1361648463400,"circlet_count":0,"master_deck":["AscendersBane","Strike_B","Strike_B","Strike_B","Strike_B","Defend_B","Defend_B","Defend_B","Defend_B","Zap","Dualcast","Genetic Algorithm+1","Injury","Doubt","Auto Shields","Conserve Battery","Loop","Parasite"],"relics":["Cracked Core","Golden Idol","DataDisk","Membership Card","Lantern","Kunai","Pen Nib"],"potions_floor_usage":[5,12],"damage_taken":[{"damage":0,"enemies":"Small Slimes","floor":1,"turns":3},{"damage":2,"enemies":"2 Louse","floor":5,"turns":2},{"damage":37,"enemies":"Lagavulin","floor":8,"turns":9},{"damage":61,"enemies":"Gremlin Nob","floor":12,"turns":5}],"seed_played":"2417497898679241518","potions_obtained":[{"floor":1,"key":"Explosive Potion"},{"floor":8,"key":"FearPotion"}],"is_trial":false,"path_per_floor":["M","?","?","?","M","R","$","E","T","?","?","E"],"character_chosen":"DEFECT","items_purchased":["Membership Card","Conserve Battery","Lantern"],"campfire_rested":0,"item_purchase_floors":[7,7,7],"current_hp_per_floor":[64,64,64,64,62,62,62,25,25,25,42,0],"gold":96,"neow_bonus":"HUNDRED_GOLD","is_prod":false,"is_daily":false,"chose_seed":false,"campfire_upgraded":1,"win_rate":0,"timestamp":1552509482,"path_taken":["M","?","?","?","M","R","$","E","T","?","?","E"],"build_version":"2019-01-23","purchased_purges":1,"victory":false,"max_hp_per_floor":[71,71,71,71,71,71,71,71,71,71,71,71],"card_choices":[{"not_picked":["Sweeping Beam","Beam Cell"],"picked":"Genetic Algorithm","floor":1},{"not_picked":["Aggregate","Gash"],"picked":"Auto Shields","floor":5},{"not_picked":["Turbo","Steam"],"picked":"Loop","floor":8}],"player_experience":478103,"relics_obtained":[{"floor":8,"key":"Kunai"},{"floor":9,"key":"Pen Nib"}],"event_choices":[{"damage_healed":0,"gold_gain":0,"player_choice":"Take Wound","damage_taken":0,"relics_obtained":["Golden Idol"],"max_hp_gain":0,"max_hp_loss":0,"event_name":"Golden Idol","floor":2,"gold_loss":0,"cards_obtained":["Injury"]},{"damage_healed":0,"gold_gain":150,"player_choice":"AGREE","damage_taken":0,"max_hp_gain":0,"max_hp_loss":0,"event_name":"Liars Game","floor":3,"gold_loss":0,"cards_obtained":["Doubt"]},{"damage_healed":0,"gold_gain":0,"player_choice":"Box","damage_taken":0,"relics_obtained":["DataDisk"],"max_hp_gain":0,"max_hp_loss":0,"event_name":"Big Fish","floor":4,"gold_loss":0,"cards_obtained":["Regret"]},{"damage_healed":0,"gold_gain":0,"player_choice":"Searched \u00271\u0027 times","damage_taken":0,"max_hp_gain":0,"max_hp_loss":0,"event_name":"Dead Adventurer","floor":10,"gold_loss":0},{"damage_healed":17,"gold_gain":0,"player_choice":"Healed and dodged fight","damage_taken":0,"max_hp_gain":0,"max_hp_loss":0,"event_name":"Mushrooms","floor":11,"gold_loss":0,"cards_obtained":["Parasite"]}],"is_beta":false,"boss_relics":[],"items_purged_floors":[7],"is_endless":false,"potions_floor_spawned":[1,8],"killed_by":"Gremlin Nob","ascension_level":16}