{"gold_per_floor":[214,34,52,69,69,30,43,43,43,76,4,4,16,0,0,74,74,92,102,102,102,114,114,39,39,118,118,118,129,142,158,158,235,235,254,268,46,65,165,165,165,180,205,72,72,72,72,84,84,84],"floor_reached":51,"playtime":2097,"items_purged":["Strike_B"],"score":1153,"play_id":"d5e4977b-f7a7-47e9-93a3-8a09d4a3920c","local_time":"20190124203047","is_ascension_mode":true,"campfire_choices":[{"data":"Apotheosis","floor":8.0,"key":"SMITH"},{"floor":15.0,"key":"REST"},{"floor":23,"key":"REST"},{"floor":25,"key":"REST"},{"floor":27,"key":"REST"},{"floor":32,"key":"REST"},{"floor":40,"key":"REST"},{"data":"Capacitor","floor":46,"key":"SMITH"},{"floor":49,"key":"REST"}],"neow_cost":"NONE","seed_source_timestamp":123698260826103,"circlet_count":0,"master_deck":["AscendersBane","Strike_B","Defend_B","Defend_B","Defend_B","Defend_B","Zap","Dualcast","FTL","Apotheosis+1","White Noise","Capacitor+1","Sunder","Defragment","Defragment+1","Ball Lightning","Chaos","Leap+1","Reinforced Body","Core Surge","Barrage","Hologram"],"special_seed":0,"relics":["FrozenCore","Frozen Egg 2","Mercury Hourglass","Omamori","Meat on the Bone","Busted Crown","Anchor","Ice Cream","MawBank","Bag of Preparation"],"potions_floor_usage":[18,30,31,42,50],"damage_taken":[{"damage":1.0,"enemies":"Cultist","floor":1.0,"turns":3.0},{"damage":0.0,"enemies":"Small Slimes","floor":3.0,"turns":3.0},{"damage":0.0,"enemies":"2 Louse","floor":4.0,"turns":3.0},{"damage":0.0,"enemies":"Large Slime","floor":5.0,"turns":1.0},{"damage":6.0,"enemies":"Looter","floor":7.0,"turns":3.0},{"damage":24.0,"enemies":"Lagavulin","floor":10.0,"turns":5.0},{"damage":21.0,"enemies":"3 Louse","floor":13.0,"turns":3.0},{"damage":0,"enemies":"Slime Boss","floor":16,"turns":6},{"damage":12,"enemies":"3 Byrds","floor":18,"turns":5},{"damage":27,"enemies":"2 Thieves","floor":19,"turns":4},{"damage":21,"enemies":"Centurion and Healer","floor":22,"turns":6},{"damage":21,"enemies":"Snecko","floor":29,"turns":5},{"damage":0,"enemies":"Sentry and Sphere","floor":30,"turns":4},{"damage":0,"enemies":"Snake Plant","floor":31,"turns":4},{"damage":49,"enemies":"Collector","floor":33,"turns":11},{"damage":17,"enemies":"Orb Walker","floor":35,"turns":5},{"damage":5,"enemies":"3 Darklings","floor":36,"turns":7},{"damage":0,"enemies":"Sphere and 2 Shapes","floor":38,"turns":5},{"damage":13,"enemies":"Mind Bloom Boss Battle","floor":39,"turns":8},{"damage":0,"enemies":"Writhing Mass","floor":42,"turns":8},{"damage":0,"enemies":"Jaw Worm Horde","floor":48,"turns":5},{"damage":65,"enemies":"Time Eater","floor":50,"turns":9}],"seed_played":"7805932021150605330","potions_obtained":[{"floor":3.0,"key":"SmokeBomb"},{"floor":16,"key":"PowerPotion"},{"floor":22,"key":"Energy Potion"},{"floor":29,"key":"Ancient Potion"},{"floor":33,"key":"Swift Potion"},{"floor":36,"key":"PowerPotion"},{"floor":42,"key":"GamblersBrew"}],"is_trial":false,"path_per_floor":["M","$","M","M","M","$","M","R","T","E","$","?","M","?","R","B",null,"M","M","?","?","M","R","?","R","T","R","?","M","M","M","R","B",null,"M","M","$","M","?","R","?","M","T","$","?","R","$","M","R","B",null],"character_chosen":"DEFECT","items_purchased":["Apotheosis","Sunder","Defragment+1","Anchor","Bag of Preparation"],"campfire_rested":7,"item_purchase_floors":[2,6,11,37,44],"current_hp_per_floor":[63,63,63,63,63,63,57,57,57,33,33,33,12,12,33,33,62,50,23,23,23,2,23,23,44,44,65,65,44,44,44,65,28,60,43,38,38,38,37,58,58,58,58,58,58,58,58,58,71,18],"gold":84,"neow_bonus":"HUNDRED_GOLD","is_prod":false,"is_daily":false,"chose_seed":false,"campfire_upgraded":2,"win_rate":0,"timestamp":1548329447,"path_taken":["M","?","M","M","M","$","M","R","T","E","$","?","?","?","R","BOSS","M","M","?","?","M","R","?","R","T","R","?","M","M","?","R","BOSS","M","M","$","M","?","R","?","M","T","$","?","R","?","?","R","BOSS"],"build_version":"2019-01-23","purchased_purges":1,"victory":true,"max_hp_per_floor":[71,71,71,71,71,71,71,71,71,71,71,71,71,71,71,71,71,71,71,71,71,71,71,71,71,71,71,71,71,71,71,71,71,71,71,71,71,71,71,71,71,71,71,71,71,71,71,71,71,71],"card_choices":[{"not_picked":["Coolheaded","Leap"],"picked":"FTL","floor":1.0},{"not_picked":["Barrage","Aggregate"],"picked":"White Noise","floor":3.0},{"not_picked":["Recycle","Rebound"],"picked":"Capacitor","floor":4.0},{"not_picked":["Heatsinks","Steam"],"picked":"Defragment","floor":7.0},{"not_picked":["Undo","Gash"],"picked":"Thunder Strike","floor":10.0},{"not_picked":["Gash","Hello World+1"],"picked":"Ball Lightning","floor":13.0},{"not_picked":["Core Surge","Biased Cognition+1"],"picked":"All For One","floor":16},{"not_picked":["Rebound","Steam+1","Streamline"],"picked":"SKIP","floor":18},{"not_picked":["Compile Driver","Skim"],"picked":"Chaos","floor":19},{"not_picked":["Redo","Gash","Coolheaded+1"],"picked":"SKIP","floor":22},{"not_picked":["Sweeping Beam","Stack"],"picked":"Leap+1","floor":29},{"not_picked":["Gash","Multi-Cast"],"picked":"Reinforced Body","floor":30},{"not_picked":["Force Field","Turbo","Beam Cell"],"picked":"SKIP","floor":31},{"not_picked":["All For One","Machine Learning+1"],"picked":"Core Surge","floor":33},{"not_picked":["Redo"],"picked":"SKIP","floor":35},{"not_picked":["Redo"],"picked":"SKIP","floor":36},{"not_picked":[],"picked":"Barrage","floor":38},{"not_picked":[],"picked":"Hologram","floor":39},{"not_picked":["Compile Driver"],"picked":"SKIP","floor":42},{"not_picked":["Gash"],"picked":"SKIP","floor":48}],"player_experience":447385,"relics_obtained":[{"floor":9.0,"key":"Frozen Egg 2"},{"floor":10.0,"key":"Mercury Hourglass"},{"floor":26,"key":"Meat on the Bone"},{"floor":39,"key":"Ice Cream"},{"floor":43,"key":"MawBank"}],"event_choices":[{"cards_removed":["Thunder Strike"],"damage_healed":0.0,"max_hp_gain":0.0,"max_hp_loss":0.0,"gold_gain":0.0,"event_name":"WeMeetAgain","player_choice":"Gave Card","floor":12.0,"gold_loss":0.0,"damage_taken":0.0,"relics_obtained":["Omamori"]},{"damage_healed":0.0,"max_hp_gain":0.0,"max_hp_loss":0.0,"gold_gain":0.0,"event_name":"World of Goop","player_choice":"Left Gold","floor":14.0,"gold_loss":16.0,"damage_taken":0.0},{"damage_healed":0,"gold_gain":0,"player_choice":"Ignored","damage_taken":0,"max_hp_gain":0,"max_hp_loss":0,"event_name":"Cursed Tome","floor":20,"gold_loss":0},{"damage_healed":0,"gold_gain":0,"player_choice":"Ignored","damage_taken":0,"max_hp_gain":0,"max_hp_loss":0,"event_name":"Vampires","floor":21,"gold_loss":0},{"cards_removed":["Strike_B"],"damage_healed":0,"gold_gain":0,"player_choice":"Gave Gold","damage_taken":0,"max_hp_gain":0,"max_hp_loss":0,"event_name":"Beggar","floor":24,"gold_loss":75},{"cards_removed":["Strike_B"],"damage_healed":0,"gold_gain":0,"player_choice":"Purged","damage_taken":0,"max_hp_gain":0,"max_hp_loss":0,"event_name":"Purifier","floor":28,"gold_loss":0},{"damage_healed":0,"gold_gain":0,"player_choice":"Fight","damage_taken":0,"max_hp_gain":0,"max_hp_loss":0,"event_name":"MindBloom","floor":39,"gold_loss":0},{"cards_removed":["All For One"],"damage_healed":0,"gold_gain":0,"player_choice":"Removed Attack","damage_taken":0,"max_hp_gain":0,"max_hp_loss":0,"event_name":"Falling","floor":41,"gold_loss":0},{"damage_healed":0,"gold_gain":0,"player_choice":"Ignored","damage_taken":0,"max_hp_gain":0,"max_hp_loss":0,"event_name":"Mysterious Sphere","floor":45,"gold_loss":0}],"is_beta":false,"boss_relics":[{"not_picked":["Lizard Tail","Nuclear Battery"],"picked":"FrozenCore"},{"not_picked":["Orrery","Philosopher\u0027s Stone"],"picked":"Busted Crown"}],"items_purged_floors":[37],"is_endless":false,"potions_floor_spawned":[3,5,16,22,29,33,36,39,42],"ascension_level":14}