{"gold_per_floor":[110,129,129,54,79,79,93,116,185,185,209,229,229,229,229,359,359,383,401,13,13],"floor_reached":21,"playtime":471,"items_purged":["Strike_R","Strike_R"],"score":203,"play_id":"ea8fba42-e0b6-4cc8-bedc-5cbafbfe0312","local_time":"20181026214134","is_ascension_mode":true,"campfire_choices":[{"data":"Bash","floor":6,"key":"SMITH"},{"data":"Body Slam","floor":10,"key":"SMITH"},{"data":"Flex","floor":13,"key":"SMITH"},{"data":"Twin Strike","floor":15,"key":"SMITH"}],"neow_cost":"NONE","seed_source_timestamp":518453267796116,"circlet_count":0,"master_deck":["Strike_R","Strike_R","Strike_R","Defend_R","Defend_R","Defend_R","Defend_R","Bash+1","Wild Strike+1","Twin Strike","Twin Strike+1","Body Slam+1","Flex+1","Juggernaut","Cleave","True Grit"],"relics":["Burning Blood","Boot","Golden Idol","Bag of Marbles","Dodecahedron","Blood Vial","Black Star","Pear"],"potions_floor_usage":[],"damage_taken":[{"damage":1,"enemies":"2 Louse","floor":1,"turns":3},{"damage":6,"enemies":"Small Slimes","floor":2,"turns":3},{"damage":6,"enemies":"Cultist","floor":7,"turns":3},{"damage":8,"enemies":"Blue Slaver","floor":8,"turns":2},{"damage":6,"enemies":"Looter","floor":12,"turns":2},{"damage":45,"enemies":"The Guardian","floor":16,"turns":6},{"damage":2,"enemies":"Chosen","floor":18,"turns":4},{"damage":11,"enemies":"2 Thieves","floor":19,"turns":2},{"damage":84,"enemies":"Shelled Parasite and Fungi","floor":21,"turns":7}],"seed_played":"-7635697969509205093","potions_obtained":[{"floor":2,"key":"Explosive Potion"},{"floor":8,"key":"PowerPotion"},{"floor":18,"key":"SteroidPotion"}],"is_trial":false,"path_per_floor":["M","M","?","$","T","R","M","M","T","R","T","M","R","?","R","B",null,"M","M","$"],"character_chosen":"IRONCLAD","items_purchased":["Pear","True Grit"],"campfire_rested":0,"item_purchase_floors":[20,20],"current_hp_per_floor":[80,80,74,74,74,74,74,72,72,72,72,74,74,74,74,35,74,74,69,79,0],"gold":13,"neow_bonus":"RANDOM_COMMON_RELIC","is_prod":false,"is_daily":false,"chose_seed":false,"campfire_upgraded":4,"win_rate":0,"timestamp":1540582894,"path_taken":["M","M","?","$","?","R","M","M","T","R","?","M","R","?","R","BOSS","M","?","$","M"],"build_version":"2018-10-25v2","purchased_purges":2,"victory":false,"max_hp_per_floor":[80,80,74,74,74,74,74,74,74,74,74,74,74,74,74,74,74,74,74,84,84],"card_choices":[{"not_picked":["Pummel","Uppercut"],"picked":"Wild Strike","floor":1},{"not_picked":["Thunderclap","Searing Blow"],"picked":"Twin Strike","floor":2},{"not_picked":["Dropkick","Blood for Blood"],"picked":"Twin Strike","floor":7},{"not_picked":["Perfected Strike","Sword Boomerang"],"picked":"Body Slam","floor":8},{"not_picked":["Exhume","True Grit"],"picked":"Flex","floor":12},{"not_picked":["Fiend Fire","Berserk"],"picked":"Juggernaut","floor":16},{"not_picked":["Sword Boomerang","Combust+1","True Grit"],"picked":"SKIP","floor":18},{"not_picked":["Sword Boomerang","Warcry+1"],"picked":"Cleave","floor":19}],"player_experience":255083,"relics_obtained":[{"floor":5,"key":"Bag of Marbles"},{"floor":9,"key":"Dodecahedron"},{"floor":11,"key":"Blood Vial"}],"event_choices":[{"damage_healed":0,"gold_gain":0,"player_choice":"Lose Max HP","damage_taken":0,"relics_obtained":["Golden Idol"],"max_hp_gain":0,"max_hp_loss":6,"event_name":"Golden Idol","floor":3,"gold_loss":0},{"damage_healed":0,"gold_gain":0,"player_choice":"Forge","damage_taken":0,"max_hp_gain":0,"max_hp_loss":0,"event_name":"Accursed Blacksmith","floor":14,"gold_loss":0,"cards_upgraded":["Wild Strike"]}],"is_beta":false,"boss_relics":[{"not_picked":["Mark of Pain","Astrolabe"],"picked":"Black Star"}],"items_purged_floors":[4,20],"is_endless":false,"potions_floor_spawned":[2,8,18],"killed_by":"Shelled Parasite and Fungi","ascension_level":4}