{"gold_per_floor":[111,61,75,75,75,115,133,133,157,169,220,22,22,36,36,126,126,146,196,214,233,260,260,300,300,300,344,10,10,10,54,54,150,150,173,186,201,20,39,39,79,93,93,93,136,150,183,199,199,199],"floor_reached":51,"playtime":2766,"items_purged":["Strike_G","Strike_G"],"score":1585,"play_id":"b573a094-576b-46ae-877a-f4f020e53e24","local_time":"20190513013845","is_ascension_mode":true,"campfire_choices":[{"data":"Neutralize","floor":8.0,"key":"SMITH"},{"data":"Noxious Fumes","floor":13.0,"key":"SMITH"},{"floor":15.0,"key":"REST"},{"floor":23.0,"key":"REST"},{"floor":25.0,"key":"REST"},{"floor":29.0,"key":"REST"},{"floor":32,"key":"REST"},{"floor":40,"key":"REST"},{"floor":44,"key":"REST"},{"floor":49,"key":"REST"}],"neow_cost":"NONE","seed_source_timestamp":35686608061492,"circlet_count":0,"master_deck":["AscendersBane","Defend_G+1","Defend_G+1","Defend_G+1","Defend_G+1","Defend_G+1","Strike_G+1","Strike_G+1","Survivor","Neutralize+1","Noxious Fumes+1","Blur","Acrobatics","Noxious Fumes+1","Bane","Blade Dance+1","Corpse Explosion+1","Deflect+1","Tactician+1","Deflect+1","Blur+1","Blur+1","Cloak And Dagger+1","Adrenaline+1","Backflip+1","Caltrops+1","Leg Sweep+1","Dodge and Roll+1","Wraith Form v2+1","Setup+1","Outmaneuver+1","Backflip+1","Envenom+1","Distraction+1","Terror+1","PiercingWail+1","Crippling Poison+1","Catalyst+1","Accuracy+1","Noxious Fumes+1","Acrobatics+1"],"special_seed":0,"relics":["Ring of the Snake","Ancient Tea Set","Golden Idol","Omamori","MawBank","Toxic Egg 2","Sozu","Oddly Smooth Stone","Pear","Frozen Egg 2","Paper Crane","Bag of Preparation","Shuriken","Orrery","Blood Vial","Gremlin Horn","Mercury Hourglass","Happy Flower"],"potions_floor_usage":[],"damage_taken":[{"damage":1.0,"enemies":"Jaw Worm","floor":1.0,"turns":6.0},{"damage":0.0,"enemies":"Small Slimes","floor":3.0,"turns":4.0},{"damage":11.0,"enemies":"Lagavulin","floor":6.0,"turns":8.0},{"damage":0.0,"enemies":"Cultist","floor":7.0,"turns":4.0},{"damage":10.0,"enemies":"3 Sentries","floor":11.0,"turns":8.0},{"damage":0.0,"enemies":"Exordium Thugs","floor":14.0,"turns":5.0},{"damage":17.0,"enemies":"The Guardian","floor":16.0,"turns":11.0},{"damage":20.0,"enemies":"2 Thieves","floor":18.0,"turns":3.0},{"damage":2.0,"enemies":"3 Byrds","floor":20.0,"turns":3.0},{"damage":8.0,"enemies":"Snecko","floor":21.0,"turns":6.0},{"damage":32.0,"enemies":"Gremlin Leader","floor":24.0,"turns":7.0},{"damage":31.0,"enemies":"Slavers","floor":27.0,"turns":3.0},{"damage":0,"enemies":"Gremlin Leader","floor":31,"turns":8},{"damage":0,"enemies":"Automaton","floor":33,"turns":10},{"damage":0,"enemies":"Orb Walker","floor":35,"turns":6},{"damage":11,"enemies":"3 Darklings","floor":36,"turns":2},{"damage":7,"enemies":"Sphere and 2 Shapes","floor":37,"turns":6},{"damage":10,"enemies":"Jaw Worm Horde","floor":39,"turns":3},{"damage":32,"enemies":"Reptomancer","floor":41,"turns":7},{"damage":0,"enemies":"Spire Growth","floor":42,"turns":8},{"damage":0,"enemies":"Nemesis","floor":45,"turns":9},{"damage":0,"enemies":"Writhing Mass","floor":46,"turns":6},{"damage":0,"enemies":"Giant Head","floor":47,"turns":8},{"damage":0,"enemies":"4 Shapes","floor":48,"turns":4},{"damage":39,"enemies":"Awakened One","floor":50,"turns":17}],"seed_played":"317453956262897745","potions_obtained":[{"floor":7.0,"key":"AttackPotion"},{"floor":11.0,"key":"Block Potion"}],"is_trial":false,"path_per_floor":["M","?","M","?","?","E","M","R","T","$","E","$","R","M","R","B",null,"M","?","M","M","T","R","E","R","T","E","$","R","?","E","R","B",null,"M","M","M","$","M","R","E","M","T","R","E","M","E","M","R","B",null],"character_chosen":"THE_SILENT","items_purchased":["Noxious Fumes","Bane","Bag of Preparation","Blur+1","Envenom+1","Distraction+1"],"campfire_rested":8,"item_purchase_floors":[12,12,28,28,38,38],"current_hp_per_floor":[58,58,58,45,45,34,34,34,34,34,24,24,24,24,42,25,52,32,32,30,22,22,40,18,39,39,8,8,29,29,29,50,50,66,66,55,48,48,38,59,27,29,29,50,52,54,56,58,71,32],"gold":199,"neow_bonus":"RANDOM_COMMON_RELIC","is_prod":false,"is_daily":false,"chose_seed":false,"campfire_upgraded":2,"win_rate":0,"timestamp":1557704325,"path_taken":["M","?","M","?","?","E","?","R","T","$","E","$","R","M","R","BOSS","M","?","M","?","?","R","E","R","T","E","?","R","?","E","R","BOSS","M","M","M","$","M","R","E","M","T","R","E","M","E","M","R","BOSS"],"build_version":"2019-01-23","purchased_purges":2,"victory":true,"max_hp_per_floor":[66,66,66,66,61,61,61,61,61,61,61,61,61,61,61,61,61,61,61,61,61,61,61,71,71,71,71,71,71,71,71,71,71,71,71,71,71,71,71,71,71,71,71,71,71,71,71,71,71,71],"card_choices":[{"not_picked":["Outmaneuver","Prepared","Terror"],"picked":"SKIP","floor":1.0},{"not_picked":["Masterful Stab","Backstab"],"picked":"Noxious Fumes","floor":3.0},{"not_picked":["Blade Dance","Envenom"],"picked":"Blur","floor":6.0},{"not_picked":["Blade Dance","Quick Slash"],"picked":"Acrobatics","floor":7.0},{"not_picked":["Concentrate","Heel Hook","Setup"],"picked":"SKIP","floor":11.0},{"not_picked":["Skewer","Bane"],"picked":"Blade Dance+1","floor":14.0},{"not_picked":["Night Terror+1","Bullet Time+1"],"picked":"Corpse Explosion+1","floor":16.0},{"not_picked":["Quick Slash","Acrobatics+1"],"picked":"Deflect+1","floor":18.0},{"not_picked":["Prepared+1","Poisoned Stab","Skewer"],"picked":"SKIP","floor":20.0},{"not_picked":["Deflect+1","Bouncing Flask+1"],"picked":"Tactician+1","floor":21.0},{"not_picked":["Eviscerate","Infinite Blades"],"picked":"Deflect+1","floor":24.0},{"not_picked":["Dagger Spray+1","Heel Hook"],"picked":"Blur+1","floor":27.0},{"not_picked":["Quick Slash","Setup+1"],"picked":"Cloak And Dagger+1","floor":31},{"not_picked":["Glass Knife","Corpse Explosion+1"],"picked":"Adrenaline+1","floor":33},{"not_picked":["Bouncing Flask+1","Cloak And Dagger+1"],"picked":"Backflip+1","floor":34},{"not_picked":["Sucker Punch","Infinite Blades+1"],"picked":"Caltrops+1","floor":34},{"not_picked":["Riddle With Holes","Skewer"],"picked":"Leg Sweep+1","floor":34},{"not_picked":["Leg Sweep+1","Distraction+1"],"picked":"Dodge and Roll+1","floor":34},{"not_picked":["Prepared+1","Expertise+1"],"picked":"Wraith Form v2+1","floor":34},{"not_picked":["Escape Plan+1","Deflect+1"],"picked":"Setup+1","floor":35},{"not_picked":["Infinite Blades+1","Sucker Punch+1"],"picked":"Outmaneuver+1","floor":36},{"not_picked":["Dagger Throw","Quick Slash"],"picked":"Backflip+1","floor":37},{"not_picked":["Flying Knee","Underhanded Strike+1"],"picked":"Terror+1","floor":39},{"not_picked":["Sucker Punch","Slice"],"picked":"PiercingWail+1","floor":41},{"not_picked":["Underhanded Strike","Sucker Punch"],"picked":"Crippling Poison+1","floor":42},{"not_picked":["Dagger Spray","Infinite Blades+1"],"picked":"Catalyst+1","floor":45},{"not_picked":["Slice","Outmaneuver+1"],"picked":"Accuracy+1","floor":46},{"not_picked":["Quick Slash","Malaise+1"],"picked":"Noxious Fumes+1","floor":47},{"not_picked":["Deflect+1","Escape Plan+1"],"picked":"Acrobatics+1","floor":48}],"player_experience":625830,"relics_obtained":[{"floor":6.0,"key":"Omamori"},{"floor":9.0,"key":"MawBank"},{"floor":11.0,"key":"Toxic Egg 2"},{"floor":22.0,"key":"Oddly Smooth Stone"},{"floor":24.0,"key":"Pear"},{"floor":26.0,"key":"Frozen Egg 2"},{"floor":27.0,"key":"Paper Crane"},{"floor":31,"key":"Shuriken"},{"floor":41,"key":"Blood Vial"},{"floor":43,"key":"Gremlin Horn"},{"floor":45,"key":"Mercury Hourglass"},{"floor":47,"key":"Happy Flower"}],"event_choices":[{"cards_removed":["Strike_G"],"damage_healed":0.0,"max_hp_gain":0.0,"max_hp_loss":0.0,"gold_gain":0.0,"event_name":"The Cleric","player_choice":"Card Removal","floor":2.0,"gold_loss":50.0,"damage_taken":0.0},{"damage_healed":0.0,"max_hp_gain":0.0,"max_hp_loss":0.0,"gold_gain":0.0,"event_name":"Shining Light","player_choice":"Entered Light","floor":4.0,"gold_loss":0.0,"damage_taken":13.0,"cards_upgraded":["Noxious Fumes","Defend_G"]},{"damage_healed":0.0,"max_hp_gain":0.0,"max_hp_loss":5.0,"gold_gain":0.0,"event_name":"Golden Idol","player_choice":"Lose Max HP","floor":5.0,"gold_loss":0.0,"damage_taken":0.0,"relics_obtained":["Golden Idol"]},{"damage_healed":0.0,"max_hp_gain":0.0,"max_hp_loss":0.0,"gold_gain":100.0,"event_name":"The Joust","player_choice":"Bet on Murderer","floor":19.0,"gold_loss":50.0,"damage_taken":0.0},{"damage_healed":0.0,"max_hp_gain":0.0,"max_hp_loss":0.0,"gold_gain":0.0,"event_name":"Back to Basics","player_choice":"Simplicity","floor":30.0,"gold_loss":0.0,"damage_taken":0.0,"cards_upgraded":["Defend_G","Defend_G","Defend_G","Defend_G","Strike_G","Strike_G"]}],"is_beta":false,"boss_relics":[{"not_picked":["Runic Dome","Runic Pyramid"],"picked":"Sozu"},{"not_picked":["White Beast Statue","Ring of the Serpent"],"picked":"Orrery"}],"items_purged_floors":[12,28],"is_endless":false,"potions_floor_spawned":[7,11,18,20,33,35,36,46,48],"ascension_level":14}