{"gold_per_floor":[361,536,24,42,62,62,62,62,117,136,136,36,54,54,54,54],"floor_reached":16,"playtime":606,"items_purged":["Doubt","Strike_R"],"score":108,"play_id":"e8325ad1-1dc5-4282-b92b-37d077bd46be","local_time":"20181030170309","is_ascension_mode":true,"campfire_choices":[{"data":"Heavy Blade","floor":6,"key":"SMITH"},{"data":"Twin Strike","floor":11,"key":"SMITH"},{"data":"Cleave","floor":15,"key":"SMITH"}],"neow_cost":"PERCENT_DAMAGE","seed_source_timestamp":115394044337,"circlet_count":0,"master_deck":["Strike_R","Strike_R","Strike_R","Strike_R","Defend_R","Defend_R","Defend_R","Defend_R+1","Bash+1","Cleave+1","Clothesline","Heavy Blade+1","Twin Strike+1"],"relics":["Burning Blood","Kunai","Tiny Chest"],"potions_floor_usage":[16,16],"damage_taken":[{"damage":11,"enemies":"Cultist","floor":1,"turns":4},{"damage":5,"enemies":"Small Slimes","floor":4,"turns":3},{"damage":7,"enemies":"2 Louse","floor":5,"turns":2},{"damage":6,"enemies":"2 Fungi Beasts","floor":10,"turns":4},{"damage":9,"enemies":"Blue Slaver","floor":13,"turns":3},{"damage":63,"enemies":"The Guardian","floor":16,"turns":11}],"seed_played":"-2712045734837928127","potions_obtained":[{"floor":1,"key":"Weak Potion"},{"floor":10,"key":"LiquidBronze"},{"floor":13,"key":"EssenceOfSteel"}],"is_trial":false,"path_per_floor":["M","?","$","M","M","R","?","?","T","M","R","$","M","$","R"],"character_chosen":"IRONCLAD","items_purchased":["Kunai","Cleave","Clothesline","Regen Potion"],"campfire_rested":0,"item_purchase_floors":[3,3,3,3],"current_hp_per_floor":[51,51,51,52,51,51,77,61,61,61,61,61,58,58,58,0],"gold":54,"neow_bonus":"TWO_FIFTY_GOLD","is_prod":false,"is_daily":false,"chose_seed":false,"campfire_upgraded":3,"win_rate":0,"timestamp":1540915389,"path_taken":["M","?","$","M","M","R","?","?","T","M","R","$","?","$","R","BOSS"],"build_version":"2018-10-25v2","purchased_purges":2,"victory":false,"max_hp_per_floor":[80,80,80,80,80,80,80,80,80,80,80,80,80,80,80,80],"card_choices":[{"not_picked":["Second Wind","Rampage","Hemokinesis"],"picked":"SKIP","floor":1},{"not_picked":["Armaments","Seeing Red","Havoc"],"picked":"SKIP","floor":4},{"not_picked":["Warcry","Entrench"],"picked":"Heavy Blade","floor":5},{"not_picked":["Headbutt","True Grit"],"picked":"Twin Strike","floor":10},{"not_picked":["Havoc","Pommel Strike","Headbutt"],"picked":"SKIP","floor":13}],"player_experience":263523,"relics_obtained":[{"floor":9,"key":"Tiny Chest"}],"event_choices":[{"damage_healed":0,"gold_gain":175,"player_choice":"AGREE","damage_taken":0,"max_hp_gain":0,"max_hp_loss":0,"event_name":"Liars Game","floor":2,"gold_loss":0,"cards_obtained":["Doubt"]},{"damage_healed":26,"gold_gain":0,"player_choice":"Banana","damage_taken":0,"max_hp_gain":0,"max_hp_loss":0,"event_name":"Big Fish","floor":7,"gold_loss":0},{"damage_healed":0,"gold_gain":0,"player_choice":"Entered Light","damage_taken":16,"max_hp_gain":0,"max_hp_loss":0,"event_name":"Shining Light","floor":8,"gold_loss":0,"cards_upgraded":["Defend_R","Bash"]}],"is_beta":false,"boss_relics":[],"items_purged_floors":[3,12],"is_endless":false,"potions_floor_spawned":[1,10,13],"killed_by":"The Guardian","ascension_level":4}