{"gold_per_floor":[110,121,140,140,151,185,202,45,70,82,82,92,104,121,121,216,216,230,230,249,76,96,96,124,124,124,49,49,49,66,66,66,169,169,179,179,179,22,22,22,122,133,184,184,6,23,23,23],"floor_reached":48,"playtime":2309,"items_purged":["Strike_G","Strike_G"],"score":502,"play_id":"4841b4a0-fdf9-4ab3-82e9-fc2d5cee0250","local_time":"20181216154110","is_ascension_mode":false,"campfire_choices":[{"floor":15,"key":"REST"},{"data":"Noxious Fumes","floor":23,"key":"SMITH"},{"floor":29,"key":"REST"},{"floor":32,"key":"REST"},{"floor":40,"key":"REST"},{"floor":44,"key":"REST"},{"floor":47,"key":"REST"}],"neow_cost":"NONE","seed_source_timestamp":8513026015233,"circlet_count":0,"master_deck":["Defend_G","Defend_G","Defend_G","Defend_G","Defend_G","Strike_G","Survivor","Neutralize","Backflip","Poisoned Stab","Bane","Poisoned Stab","Deadly Poison","Crippling Poison","Bane","Bane","Outmaneuver","Flechettes","Deadly Poison","Deflect","Noxious Fumes+1","Deadly Poison","Dodge and Roll","Envenom","Poisoned Stab+1","Bandage Up","Bane+1","Blur","Bandage Up","Backflip"],"relics":["Ring of the Snake","NeowsBlessing","Shuriken","Vajra","Runic Pyramid","PreservedInsect","Bottled Flame","Snake Skull","MutagenicStrength","Orichalcum","Oddly Smooth Stone"],"potions_floor_usage":[6,33],"damage_taken":[{"damage":0,"enemies":"2 Louse","floor":1,"turns":1},{"damage":0,"enemies":"Cultist","floor":2,"turns":1},{"damage":0,"enemies":"Small Slimes","floor":3,"turns":1},{"damage":0,"enemies":"Exordium Wildlife","floor":5,"turns":3},{"damage":12,"enemies":"Lagavulin","floor":6,"turns":6},{"damage":5,"enemies":"3 Louse","floor":7,"turns":4},{"damage":2,"enemies":"Looter","floor":10,"turns":3},{"damage":9,"enemies":"Blue Slaver","floor":12,"turns":3},{"damage":3,"enemies":"2 Fungi Beasts","floor":13,"turns":3},{"damage":0,"enemies":"Red Slaver","floor":14,"turns":3},{"damage":36,"enemies":"The Guardian","floor":16,"turns":10},{"damage":16,"enemies":"3 Byrds","floor":18,"turns":5},{"damage":5,"enemies":"Chosen","floor":20,"turns":3},{"damage":11,"enemies":"Snecko","floor":22,"turns":4},{"damage":0,"enemies":"Gremlin Leader","floor":24,"turns":5},{"damage":14,"enemies":"Snake Plant","floor":30,"turns":4},{"damage":41,"enemies":"Automaton","floor":33,"turns":12},{"damage":33,"enemies":"3 Darklings","floor":35,"turns":6},{"damage":32,"enemies":"Orb Walker","floor":42,"turns":4},{"damage":56,"enemies":"Maw","floor":46,"turns":9},{"damage":57,"enemies":"Transient","floor":48,"turns":5}],"seed_played":"8642722416572769275","potions_obtained":[{"floor":3,"key":"FearPotion"},{"floor":5,"key":"Ancient Potion"},{"floor":6,"key":"Dexterity Potion"},{"floor":10,"key":"SteroidPotion"},{"floor":33,"key":"SkillPotion"}],"is_trial":false,"path_per_floor":["M","M","M","?","M","E","M","$","T","M","$","M","M","M","R","B",null,"M","?","M","$","M","R","E","?","T","?","T","R","M","?","R","B",null,"M","?","?","$","?","R","?","M","T","R","$","M","R","M"],"character_chosen":"THE_SILENT","items_purchased":["Crippling Poison","Noxious Fumes","Orichalcum","Blur","Bandage Up","Backflip"],"campfire_rested":6,"item_purchase_floors":[8,21,38,45,45,45],"current_hp_per_floor":[70,70,70,70,70,58,53,53,53,51,51,42,39,39,60,24,70,54,54,49,49,38,38,38,25,25,25,25,47,33,33,55,14,75,42,42,42,42,42,64,64,36,36,58,58,10,32,0],"gold":23,"neow_bonus":"THREE_ENEMY_KILL","is_prod":false,"is_daily":false,"chose_seed":false,"campfire_upgraded":1,"win_rate":0,"timestamp":1544992870,"path_taken":["M","M","M","?","M","E","M","$","T","M","$","M","?","M","R","BOSS","M","?","M","$","M","R","E","?","T","?","?","R","M","?","R","BOSS","M","?","?","$","?","R","?","?","T","R","?","M","R","M"],"build_version":"2018-12-13","purchased_purges":2,"victory":false,"max_hp_per_floor":[70,70,70,70,70,70,70,70,70,70,70,70,70,70,70,70,70,70,70,70,70,70,70,70,75,75,75,75,75,75,75,75,75,75,75,75,75,75,75,75,75,75,75,75,75,75,75,75],"card_choices":[{"not_picked":["Blur","Acrobatics"],"picked":"Backflip","floor":1},{"not_picked":["Predator","Eviscerate"],"picked":"Poisoned Stab","floor":2},{"not_picked":["Cloak And Dagger","Dodge and Roll"],"picked":"Bane","floor":3},{"not_picked":["Dagger Throw","Infinite Blades","Acrobatics"],"picked":"SKIP","floor":5},{"not_picked":["Deflect","Quick Slash"],"picked":"Poisoned Stab","floor":6},{"not_picked":["Backflip","Deflect"],"picked":"Deadly Poison","floor":7},{"not_picked":["Cloak And Dagger","Poisoned Stab"],"picked":"Bane","floor":10},{"not_picked":["Predator","Blade Dance","Reflex"],"picked":"SKIP","floor":12},{"not_picked":["Endless Agony","Blade Dance"],"picked":"Bane","floor":13},{"not_picked":["Eviscerate","Tactician"],"picked":"Outmaneuver","floor":14},{"not_picked":["All Out Attack","Choke"],"picked":"Flechettes","floor":18},{"not_picked":["Dagger Throw","Dagger Spray"],"picked":"Deflect","floor":20},{"not_picked":["Skewer","Sucker Punch+1"],"picked":"Deadly Poison","floor":22},{"not_picked":["Slice+1","Flying Knee+1","Storm of Steel"],"picked":"SKIP","floor":24},{"not_picked":["Poisoned Stab+1","Backflip"],"picked":"Dodge and Roll","floor":30},{"not_picked":["After Image","Venomology"],"picked":"Envenom","floor":33},{"not_picked":["Finisher","Dagger Spray"],"picked":"Poisoned Stab+1","floor":35},{"not_picked":["Trip","Purity"],"picked":"Bandage Up","floor":36},{"not_picked":["Quick Slash+1","Riddle With Holes"],"picked":"Bane+1","floor":42},{"not_picked":["Dagger Spray+1","Outmaneuver+1","Backstab"],"picked":"SKIP","floor":46}],"player_experience":73862,"relics_obtained":[{"floor":6,"key":"Shuriken"},{"floor":9,"key":"Vajra"},{"floor":24,"key":"PreservedInsect"},{"floor":26,"key":"Bottled Flame"},{"floor":28,"key":"Snake Skull"},{"floor":43,"key":"Oddly Smooth Stone"}],"event_choices":[{"damage_healed":0,"gold_gain":0,"player_choice":"Ignored","damage_taken":0,"max_hp_gain":0,"max_hp_loss":0,"event_name":"NoteForYourself","floor":4,"gold_loss":0},{"damage_healed":0,"gold_gain":0,"player_choice":"Read","damage_taken":0,"max_hp_gain":0,"max_hp_loss":0,"event_name":"The Library","floor":19,"gold_loss":0,"cards_obtained":["Deadly Poison"]},{"damage_healed":0,"gold_gain":0,"player_choice":"Shed Blood","damage_taken":18,"max_hp_gain":5,"max_hp_loss":0,"event_name":"Forgotten Altar","floor":25,"gold_loss":0},{"cards_removed":["Strike_G"],"damage_healed":0,"gold_gain":0,"player_choice":"Gave Gold","damage_taken":0,"max_hp_gain":0,"max_hp_loss":0,"event_name":"Beggar","floor":27,"gold_loss":75},{"damage_healed":0,"gold_gain":0,"player_choice":"Inject Mutagens","damage_taken":0,"relics_obtained":["MutagenicStrength"],"max_hp_gain":0,"max_hp_loss":0,"event_name":"Drug Dealer","floor":31,"gold_loss":0},{"damage_healed":0,"gold_gain":0,"player_choice":"Memory 1","damage_taken":0,"max_hp_gain":0,"max_hp_loss":0,"event_name":"SensoryStone","floor":36,"gold_loss":0},{"damage_healed":0,"gold_gain":0,"player_choice":"Ignored","damage_taken":0,"max_hp_gain":0,"max_hp_loss":0,"event_name":"Tomb of Lord Red Mask","floor":37,"gold_loss":0},{"cards_removed":["Strike_G"],"damage_healed":0,"gold_gain":0,"player_choice":"Removed Attack","damage_taken":0,"max_hp_gain":0,"max_hp_loss":0,"event_name":"Falling","floor":39,"gold_loss":0},{"damage_healed":0,"gold_gain":100,"player_choice":"Pray","damage_taken":0,"max_hp_gain":0,"max_hp_loss":0,"event_name":"Golden Shrine","floor":41,"gold_loss":0}],"is_beta":false,"boss_relics":[{"not_picked":["HoveringKite","Lizard Tail"],"picked":"Runic Pyramid"},{"not_picked":["WristBlade","Ring of the Serpent","Coffee Dripper"]}],"items_purged_floors":[8,21],"is_endless":false,"potions_floor_spawned":[3,5,6,10,14,22,24,33,42],"killed_by":"Transient","ascension_level":0}