{"gold_per_floor":[219,238,313,64,74,74,107,121,121,121,121,136,136,136,136,256,256,269,368,392,517,225,225,264,264,264,307,322,322],"floor_reached":29,"playtime":1200,"items_purged":["Strike_B","Strike_B"],"score":405,"play_id":"09ddadda-e7d8-4a93-adea-a6419fd01863","local_time":"20190512134449","is_ascension_mode":true,"campfire_choices":[{"data":"Zap","floor":6,"key":"SMITH"},{"data":"Defragment","floor":11,"key":"SMITH"},{"data":"Barrage","floor":15,"key":"SMITH"},{"floor":23,"key":"REST"},{"floor":25,"key":"REST"}],"neow_cost":"NONE","seed_source_timestamp":1359940871475729,"circlet_count":0,"master_deck":["AscendersBane","Strike_B","Defend_B","Defend_B","Defend_B","Defend_B","Zap+1","Dualcast","Ball Lightning","Doom and Gloom","Defragment+1","Chill","Barrage+1","Conserve Battery","Ball Lightning","Leap","Biased Cognition+1","Steam+1","Ball Lightning","Storm+1","Static Discharge+1","Steam+1"],"relics":["Cracked Core","Kunai","Frozen Egg 2","Golden Idol","Inserter","StoneCalendar","Sundial","Runic Capacitor","Mummified Hand","Bottled Lightning","Symbiotic Virus"],"potions_floor_usage":[7,16,21,21,28],"damage_taken":[{"damage":0,"enemies":"Small Slimes","floor":1,"turns":2},{"damage":1,"enemies":"Cultist","floor":2,"turns":3},{"damage":12,"enemies":"Jaw Worm","floor":5,"turns":3},{"damage":5,"enemies":"3 Sentries","floor":7,"turns":6},{"damage":18,"enemies":"Large Slime","floor":8,"turns":3},{"damage":4,"enemies":"Blue Slaver","floor":12,"turns":3},{"damage":5,"enemies":"Hexaghost","floor":16,"turns":9},{"damage":0,"enemies":"Chosen","floor":18,"turns":3},{"damage":7,"enemies":"3 Byrds","floor":20,"turns":4},{"damage":7,"enemies":"Colosseum Slavers","floor":21,"turns":4},{"damage":21,"enemies":"Colosseum Nobs","floor":21,"turns":4},{"damage":26,"enemies":"Gremlin Leader","floor":24,"turns":6},{"damage":33,"enemies":"Book of Stabbing","floor":27,"turns":5},{"damage":7,"enemies":"Shelled Parasite and Fungi","floor":28,"turns":2},{"damage":26,"enemies":"Slavers","floor":29,"turns":1}],"seed_played":"-272691963146188480","potions_obtained":[{"floor":1,"key":"Dexterity Potion"},{"floor":8,"key":"EssenceOfSteel"},{"floor":12,"key":"Ancient Potion"},{"floor":20,"key":"Regen Potion"},{"floor":24,"key":"Swift Potion"},{"floor":28,"key":"Energy Potion"}],"is_trial":false,"path_per_floor":["M","M","?","$","M","R","E","M","T","?","R","M","?","?","R","B",null,"M","?","M","?","$","R","E","R","T","E","M","E"],"character_chosen":"DEFECT","items_purchased":["Defragment","Chill","Barrage","Runic Capacitor"],"campfire_rested":2,"item_purchase_floors":[4,4,4,22],"current_hp_per_floor":[68,67,56,56,44,44,39,21,21,21,21,17,22,22,22,17,60,60,60,53,37,37,59,33,55,55,22,15,0],"gold":322,"neow_bonus":"HUNDRED_GOLD","is_prod":false,"is_daily":false,"chose_seed":false,"campfire_upgraded":3,"win_rate":0,"timestamp":1557661489,"path_taken":["M","M","?","$","M","R","E","M","T","?","R","?","?","?","R","BOSS","M","?","M","?","$","R","E","R","T","E","M","E"],"build_version":"2019-01-23","purchased_purges":2,"victory":false,"max_hp_per_floor":[75,75,75,75,75,75,75,75,75,75,75,75,80,74,74,74,74,74,74,74,74,74,74,74,74,74,74,74,74],"card_choices":[{"not_picked":["Melter","Chaos"],"picked":"Ball Lightning","floor":1},{"not_picked":["Coolheaded","Streamline"],"picked":"Doom and Gloom","floor":2},{"not_picked":["Leap","Gash"],"picked":"Conserve Battery","floor":5},{"not_picked":["Streamline","Stack"],"picked":"Ball Lightning","floor":7},{"not_picked":["Chill","Rebound","Streamline"],"picked":"SKIP","floor":8},{"not_picked":["Ball Lightning","Hologram"],"picked":"Leap","floor":12},{"not_picked":["Creative AI+1","Core Surge"],"picked":"Biased Cognition+1","floor":16},{"not_picked":["Barrage","Coolheaded"],"picked":"Steam+1","floor":18},{"not_picked":["Go for the Eyes","Steam Power"],"picked":"Ball Lightning","floor":20},{"not_picked":["Cold Snap","Gash+1"],"picked":"Storm+1","floor":24},{"not_picked":["Chaos","Redo+1"],"picked":"Static Discharge+1","floor":27},{"not_picked":["Streamline","Beam Cell"],"picked":"Steam+1","floor":28}],"player_experience":577054,"relics_obtained":[{"floor":7,"key":"Kunai"},{"floor":9,"key":"Frozen Egg 2"},{"floor":21,"key":"StoneCalendar"},{"floor":21,"key":"Sundial"},{"floor":24,"key":"Mummified Hand"},{"floor":26,"key":"Bottled Lightning"},{"floor":27,"key":"Symbiotic Virus"}],"event_choices":[{"damage_healed":0,"gold_gain":75,"player_choice":"Gather Gold","damage_taken":11,"max_hp_gain":0,"max_hp_loss":0,"event_name":"World of Goop","floor":3,"gold_loss":0},{"cards_removed":["Strike_B"],"damage_healed":0,"gold_gain":0,"player_choice":"Offered Basic","damage_taken":0,"max_hp_gain":0,"max_hp_loss":0,"event_name":"Bonfire Elementals","floor":10,"gold_loss":0},{"damage_healed":0,"gold_gain":0,"player_choice":"Donut","damage_taken":0,"max_hp_gain":5,"max_hp_loss":0,"event_name":"Big Fish","floor":13,"gold_loss":0},{"damage_healed":0,"gold_gain":0,"player_choice":"Lose Max HP","damage_taken":0,"relics_obtained":["Golden Idol"],"max_hp_gain":0,"max_hp_loss":6,"event_name":"Golden Idol","floor":14,"gold_loss":0},{"damage_healed":0,"gold_gain":99,"player_choice":"Stole From Cult","damage_taken":0,"max_hp_gain":0,"max_hp_loss":0,"event_name":"Nest","floor":19,"gold_loss":0},{"damage_healed":0,"gold_gain":0,"player_choice":"Fight","damage_taken":0,"max_hp_gain":0,"max_hp_loss":0,"event_name":"Colosseum","floor":21,"gold_loss":0},{"damage_healed":0,"gold_gain":0,"player_choice":"Fought Nobs","damage_taken":0,"max_hp_gain":0,"max_hp_loss":0,"event_name":"Colosseum","floor":21,"gold_loss":0}],"is_beta":false,"boss_relics":[{"not_picked":["Sozu","Lizard Tail"],"picked":"Inserter"}],"items_purged_floors":[4,22],"is_endless":false,"potions_floor_spawned":[1,8,12,20,24,28],"killed_by":"Slavers","ascension_level":11}