{"gold_per_floor":[118,118,118,137,57,88,88,122,122,138,138,152,179,194,194,270,270,288,288],"floor_reached":19,"playtime":557,"items_purged":[],"score":403,"play_id":"68e4a261-4cc3-4940-add0-009c5ccb040b","local_time":"20190320004338","is_ascension_mode":true,"campfire_choices":[{"data":"Defragment","floor":7,"key":"SMITH"},{"data":"Biased Cognition","floor":11,"key":"SMITH"},{"data":"Hologram","floor":15,"key":"SMITH"}],"neow_cost":"NONE","seed_source_timestamp":530566178268500,"circlet_count":0,"master_deck":["AscendersBane","Strike_B","Strike_B","Strike_B","Strike_B","Defend_B","Defend_B","Defend_B","Defend_B","Zap","Dualcast","Leap","Pain","Self Repair","Defragment+1","Biased Cognition+1","Self Repair","Conserve Battery","Hologram+1","Thunder Strike"],"relics":["Cracked Core","NeowsBlessing","Meat on the Bone","WarpedTongs","Symbiotic Virus","Orichalcum","Singing Bowl","Gremlin Horn","Snecko Eye"],"potions_floor_usage":[18],"damage_taken":[{"damage":0,"enemies":"Cultist","floor":1,"turns":1},{"damage":2,"enemies":"Small Slimes","floor":4,"turns":1},{"damage":0,"enemies":"Gremlin Nob","floor":6,"turns":1},{"damage":35,"enemies":"3 Sentries","floor":8,"turns":7},{"damage":4,"enemies":"Jaw Worm","floor":10,"turns":4},{"damage":16,"enemies":"Exordium Wildlife","floor":12,"turns":4},{"damage":33,"enemies":"Lagavulin","floor":13,"turns":6},{"damage":21,"enemies":"Large Slime","floor":14,"turns":6},{"damage":44,"enemies":"Slime Boss","floor":16,"turns":11},{"damage":38,"enemies":"3 Byrds","floor":18,"turns":5},{"damage":63,"enemies":"Masked Bandits","floor":19,"turns":3}],"seed_played":"1794822181150867110","potions_obtained":[{"floor":4,"key":"Ancient Potion"},{"floor":10,"key":"Ancient Potion"},{"floor":13,"key":"Dexterity Potion"},{"floor":16,"key":"Swift Potion"}],"is_trial":false,"path_per_floor":["M","?","?","M","$","E","R","E","T","M","R","M","E","M","R","B",null,"M","?"],"character_chosen":"DEFECT","items_purchased":["Defragment"],"campfire_rested":0,"item_purchase_floors":[5],"current_hp_per_floor":[64,46,46,44,44,44,44,31,31,46,46,59,55,48,48,33,63,53,0],"gold":288,"neow_bonus":"THREE_ENEMY_KILL","is_prod":false,"is_daily":false,"chose_seed":false,"campfire_upgraded":3,"win_rate":0,"timestamp":1553039018,"path_taken":["M","?","?","M","$","E","R","E","T","?","R","M","E","M","R","BOSS","M","?"],"build_version":"2019-01-23","purchased_purges":0,"victory":false,"max_hp_per_floor":[71,71,71,71,71,71,71,71,71,71,71,71,71,73,73,73,73,75,75],"card_choices":[{"not_picked":["Go for the Eyes","Beam Cell"],"picked":"Leap","floor":1},{"not_picked":["Ball Lightning","Sweeping Beam"],"picked":"Self Repair","floor":4},{"not_picked":["Compile Driver","Undo"],"picked":"Biased Cognition","floor":6},{"not_picked":["Sweeping Beam","Auto Shields","Static Discharge"],"picked":"SKIP","floor":8},{"not_picked":["Aggregate","Blizzard"],"picked":"Self Repair","floor":10},{"not_picked":["Rebound","Stack"],"picked":"Conserve Battery","floor":12},{"not_picked":["Aggregate","BootSequence"],"picked":"Hologram","floor":13},{"not_picked":["Go for the Eyes","Auto Shields","Barrage"],"picked":"Singing Bowl","floor":14},{"not_picked":["Seek","Reboot"],"picked":"Thunder Strike","floor":16},{"not_picked":["Streamline","Go for the Eyes","Barrage"],"picked":"Singing Bowl","floor":18}],"player_experience":491936,"relics_obtained":[{"floor":6,"key":"Symbiotic Virus"},{"floor":8,"key":"Orichalcum"},{"floor":9,"key":"Singing Bowl"},{"floor":13,"key":"Gremlin Horn"}],"event_choices":[{"damage_healed":0,"gold_gain":0,"player_choice":"Success","damage_taken":18,"relics_obtained":["Meat on the Bone"],"max_hp_gain":0,"max_hp_loss":0,"event_name":"Scrap Ooze","floor":2,"gold_loss":0},{"damage_healed":0,"gold_gain":0,"player_choice":"Rummage","damage_taken":0,"relics_obtained":["WarpedTongs"],"max_hp_gain":0,"max_hp_loss":0,"event_name":"Accursed Blacksmith","floor":3,"gold_loss":0,"cards_obtained":["Pain"]},{"damage_healed":0,"gold_gain":0,"player_choice":"Fought Bandits","damage_taken":0,"max_hp_gain":0,"max_hp_loss":0,"event_name":"Masked Bandits","floor":19,"gold_loss":0}],"is_beta":false,"boss_relics":[{"not_picked":["Fusion Hammer","Astrolabe"],"picked":"Snecko Eye"}],"items_purged_floors":[],"is_endless":false,"potions_floor_spawned":[4,10,13,16],"killed_by":"Masked Bandits","ascension_level":18}