{"gold_per_floor":[111,124,49,68,18,44,56,56,56,69,69,84,103,120,120,222,252,262,275,136,136,154,180,180,95,95,173,186,200,230,28,28,28],"floor_reached":33,"playtime":2151,"items_purged":["Strike_R","Pain","Strike_R"],"score":291,"play_id":"86275e30-3eb7-4c04-9341-e9a055e3f64c","local_time":"20181217201212","is_ascension_mode":false,"campfire_choices":[{"floor":15.0,"key":"REST"},{"data":"Rampage","floor":24,"key":"SMITH"},{"data":"Anger","floor":32,"key":"SMITH"}],"neow_cost":"PERCENT_DAMAGE","seed_source_timestamp":0,"circlet_count":0,"master_deck":["Strike_R","Defend_R","Defend_R","Defend_R","Defend_R","Bash","Finesse+1","Trip+1","Thunderclap","Pommel Strike","Headbutt","Pommel Strike","Anger+1","Rampage+1","Warcry","Reaper","Parasite","Injury","Headbutt","Battle Trance","Dropkick","Pommel Strike+1","Headbutt+1","Shrug It Off+1"],"special_seed":0,"relics":["Burning Blood","Du-Vu Doll","Incense Burner","Calling Bell","Tiny Chest","Gremlin Horn","Magic Flower","The Courier","Paper Frog","Blood Vial","Molten Egg 2","Mercury Hourglass","MawBank","Orichalcum"],"potions_floor_usage":[],"damage_taken":[{"damage":1.0,"enemies":"Jaw Worm","floor":1.0,"turns":4.0},{"damage":0.0,"enemies":"2 Louse","floor":2.0,"turns":2.0},{"damage":0.0,"enemies":"Cultist","floor":4.0,"turns":3.0},{"damage":38.0,"enemies":"Lagavulin","floor":6.0,"turns":8.0},{"damage":0.0,"enemies":"3 Louse","floor":7.0,"turns":2.0},{"damage":5.0,"enemies":"Looter","floor":10.0,"turns":3.0},{"damage":5.0,"enemies":"Blue Slaver","floor":12.0,"turns":3.0},{"damage":5.0,"enemies":"3 Louse","floor":13.0,"turns":2.0},{"damage":0.0,"enemies":"2 Fungi Beasts","floor":14.0,"turns":2.0},{"damage":36.0,"enemies":"The Guardian","floor":16.0,"turns":10.0},{"damage":12.0,"enemies":"Spheric Guardian","floor":18.0,"turns":3.0},{"damage":12.0,"enemies":"3 Byrds","floor":19.0,"turns":3.0},{"damage":27.0,"enemies":"Shelled Parasite and Fungi","floor":22.0,"turns":3.0},{"damage":24.0,"enemies":"Slavers","floor":23.0,"turns":5.0},{"damage":17,"enemies":"Sentry and Sphere","floor":28,"turns":4},{"damage":7,"enemies":"3 Cultists","floor":29,"turns":3},{"damage":3,"enemies":"Gremlin Leader","floor":30,"turns":3},{"damage":83,"enemies":"Automaton","floor":33,"turns":8}],"seed_played":"1255453410496835494","potions_obtained":[{"floor":4.0,"key":"AttackPotion"},{"floor":7.0,"key":"SmokeBomb"},{"floor":10.0,"key":"Poison Potion"},{"floor":16.0,"key":"EssenceOfSteel"},{"floor":23.0,"key":"Ancient Potion"}],"is_trial":false,"path_per_floor":["M","M","$","M","?","E","M","?","T","M","?","M","M","M","R","B",null,"M","M","$","T","M","E","R","?","T","T","M","M","E","$","R","B"],"character_chosen":"IRONCLAD","items_purchased":["Battle Trance","Orichalcum"],"campfire_rested":1,"item_purchase_floors":[20,31],"current_hp_per_floor":[61,67,67,73,73,41,47,31,31,32,32,33,34,40,64,34,80,77,80,80,80,62,61,61,61,61,61,56,80,80,80,80,0],"gold":28,"neow_bonus":"RANDOM_COLORLESS_2","is_prod":false,"is_daily":false,"chose_seed":false,"campfire_upgraded":2,"win_rate":0,"timestamp":1545095532,"path_taken":["M","M","$","M","?","E","M","?","T","M","?","M","M","M","R","BOSS","M","M","$","?","M","E","R","?","T","?","M","?","E","$","R","BOSS"],"build_version":"2018-12-13","purchased_purges":3,"victory":false,"max_hp_per_floor":[80,80,80,80,80,80,80,80,80,80,80,80,80,80,80,80,80,80,80,80,80,80,80,80,80,80,80,80,80,80,80,80,80],"card_choices":[{"not_picked":["Second Wind","Flex"],"picked":"Thunderclap","floor":1.0},{"not_picked":["Second Wind","Heavy Blade"],"picked":"Pommel Strike","floor":2.0},{"not_picked":["Ghostly Armor","Clothesline","Combust"],"picked":"SKIP","floor":4.0},{"not_picked":["Armaments","Fire Breathing","Body Slam"],"picked":"SKIP","floor":6.0},{"not_picked":["True Grit","Cleave"],"picked":"Headbutt","floor":7.0},{"not_picked":["Shrug It Off","Body Slam"],"picked":"Pommel Strike","floor":10.0},{"not_picked":["Rupture","Twin Strike"],"picked":"Anger","floor":12.0},{"not_picked":["Limit Break","Second Wind"],"picked":"Rampage","floor":13.0},{"not_picked":["Sword Boomerang","True Grit"],"picked":"Warcry","floor":14.0},{"not_picked":["Brutality","Berserk"],"picked":"Reaper","floor":16.0},{"not_picked":["Sword Boomerang+1","Pommel Strike"],"picked":"Headbutt","floor":18.0},{"not_picked":["Pummel","Clothesline+1","Body Slam"],"picked":"SKIP","floor":19.0},{"not_picked":["Rage","Blood for Blood+1","Body Slam"],"picked":"SKIP","floor":22.0},{"not_picked":["Dark Embrace","Heavy Blade"],"picked":"Dropkick","floor":23.0},{"not_picked":["Thunderclap+1","Fire Breathing"],"picked":"Pommel Strike+1","floor":28},{"not_picked":["Dropkick+1","Battle Trance"],"picked":"Headbutt+1","floor":29},{"not_picked":["Headbutt+1","Searing Blow+1"],"picked":"Shrug It Off+1","floor":30}],"player_experience":77297,"relics_obtained":[{"floor":6.0,"key":"Du-Vu Doll"},{"floor":9.0,"key":"Incense Burner"},{"floor":17.0,"key":"Tiny Chest"},{"floor":17.0,"key":"Gremlin Horn"},{"floor":17.0,"key":"Magic Flower"},{"floor":21.0,"key":"The Courier"},{"floor":23.0,"key":"Paper Frog"},{"floor":26,"key":"Molten Egg 2"},{"floor":27,"key":"Mercury Hourglass"},{"floor":30,"key":"MawBank"}],"event_choices":[{"cards_removed":["Strike_R"],"damage_healed":0.0,"max_hp_gain":0.0,"max_hp_loss":0.0,"gold_gain":0.0,"event_name":"The Cleric","player_choice":"Card Removal","floor":5.0,"gold_loss":50.0,"damage_taken":0.0},{"damage_healed":0.0,"max_hp_gain":0.0,"max_hp_loss":0.0,"gold_gain":0.0,"event_name":"Shining Light","player_choice":"Entered Light","floor":8.0,"gold_loss":0.0,"damage_taken":16.0,"cards_upgraded":["Finesse","Trip"]},{"cards_removed":["Strike_R"],"damage_healed":0.0,"max_hp_gain":0.0,"max_hp_loss":0.0,"gold_gain":0.0,"event_name":"Bonfire Elementals","player_choice":"Offered Basic","floor":11.0,"gold_loss":0.0,"damage_taken":0.0},{"damage_healed":0,"gold_gain":0,"player_choice":"Obtained Relic","damage_taken":0,"relics_obtained":["Blood Vial"],"max_hp_gain":0,"max_hp_loss":0,"event_name":"Addict","floor":25,"gold_loss":85}],"is_beta":false,"boss_relics":[{"not_picked":["Black Blood","Black Star"],"picked":"Calling Bell"}],"items_purged_floors":[3,20,31],"is_endless":false,"potions_floor_spawned":[4,7,10,12,16,19,23,29],"killed_by":"Automaton","ascension_level":0}