{"gold_per_floor":[111,164,164,175,175,175,208,208,232,157,157,70,70,105,105,179,179,179,94,94,94,19,19,19,0,0,0,0,0,0,0,0,0,0,0,0,0,0,0,0,0,0,0,0,0,0,0,0,0,0],"floor_reached":51,"playtime":3032,"items_purged":["Strike_B"],"score":1344,"play_id":"af332444-90d7-4e08-82bb-d5c92c555c04","local_time":"20190314001321","is_ascension_mode":true,"campfire_choices":[{"data":"Go for the Eyes","floor":6.0,"key":"SMITH"},{"data":"White Noise","floor":11.0,"key":"SMITH"},{"data":"Coolheaded","floor":13.0,"key":"SMITH"},{"data":"Dualcast","floor":15.0,"key":"SMITH"},{"floor":23.0,"key":"DIG"},{"floor":28.0,"key":"DIG"},{"floor":32.0,"key":"REST"},{"floor":40.0,"key":"DIG"},{"data":"Buffer","floor":44.0,"key":"SMITH"},{"data":"Hologram","floor":49,"key":"SMITH"}],"neow_cost":"NONE","seed_source_timestamp":7617024498000,"circlet_count":0,"master_deck":["AscendersBane","Strike_B","Defend_B","Defend_B","Defend_B","Zap+1","Dualcast+1","Coolheaded+1","Go for the Eyes+1","White Noise+1","FTL","Self Repair","Echo Form","Reinforced Body+1","Skim","Echo Form","Capacitor+1","Hologram+1","Coolheaded+1","FTL","Buffer+1"],"special_seed":0,"relics":["Cracked Core","NeowsBlessing","Bag of Preparation","DataDisk","Oddly Smooth Stone","Dream Catcher","Orichalcum","Ectoplasm","Happy Flower","Shovel","Sundial","Omamori","Gremlin Horn","Bag of Marbles","Kunai","Ice Cream","Black Star","GremlinMask","Boot","Ornamental Fan","Regal Pillow","The Courier"],"potions_floor_usage":[48],"damage_taken":[{"damage":0.0,"enemies":"Cultist","floor":1.0,"turns":1.0},{"damage":0.0,"enemies":"Small Slimes","floor":4.0,"turns":1.0},{"damage":0.0,"enemies":"3 Sentries","floor":7.0,"turns":1.0},{"damage":0.0,"enemies":"Lagavulin","floor":14.0,"turns":7.0},{"damage":25.0,"enemies":"The Guardian","floor":16.0,"turns":12.0},{"damage":3.0,"enemies":"Shell Parasite","floor":18.0,"turns":6.0},{"damage":14.0,"enemies":"Colosseum Slavers","floor":20.0,"turns":5.0},{"damage":0.0,"enemies":"Colosseum Nobs","floor":20.0,"turns":7.0},{"damage":3.0,"enemies":"Book of Stabbing","floor":24.0,"turns":6.0},{"damage":28.0,"enemies":"2 Thieves","floor":25.0,"turns":4.0},{"damage":20.0,"enemies":"Slavers","floor":29.0,"turns":10.0},{"damage":12.0,"enemies":"Chosen and Byrds","floor":30.0,"turns":6.0},{"damage":18.0,"enemies":"Cultist and Chosen","floor":31.0,"turns":7.0},{"damage":12.0,"enemies":"Automaton","floor":33.0,"turns":12.0},{"damage":31.0,"enemies":"3 Darklings","floor":35.0,"turns":4.0},{"damage":7.0,"enemies":"Orb Walker","floor":37.0,"turns":9.0},{"damage":0.0,"enemies":"Maw","floor":38.0,"turns":9.0},{"damage":4.0,"enemies":"Giant Head","floor":41.0,"turns":7.0},{"damage":5.0,"enemies":"Sphere and 2 Shapes","floor":42.0,"turns":7.0},{"damage":26.0,"enemies":"3 Darklings","floor":45.0,"turns":5.0},{"damage":4,"enemies":"4 Shapes","floor":48,"turns":7},{"damage":19,"enemies":"Awakened One","floor":50,"turns":29}],"seed_played":"3601055088193836749","potions_obtained":[{"floor":7.0,"key":"FocusPotion"},{"floor":14.0,"key":"SteroidPotion"},{"floor":16.0,"key":"Swift Potion"},{"floor":20.0,"key":"SkillPotion"},{"floor":42.0,"key":"FearPotion"},{"floor":45.0,"key":"PowerPotion"}],"is_trial":false,"path_per_floor":["M","T","?","M","?","R","E","?","T","?","R","$","R","E","R","B",null,"M","?","?","?","$","R","E","M","T","$","R","E","M","M","R","B",null,"M","?","M","M","?","R","E","M","T","R","M","?","?","M","R","B",null],"character_chosen":"DEFECT","items_purchased":["FTL"],"campfire_rested":1,"item_purchase_floors":[12],"current_hp_per_floor":[64,64,64,64,57,57,57,52,52,52,52,52,52,52,52,34,62,66,66,66,66,66,66,71,50,50,50,50,37,39,35,56,51,66,49,49,49,63,63,63,71,71,71,71,52,52,52,55,55,43],"gold":0,"neow_bonus":"THREE_ENEMY_KILL","is_prod":false,"is_daily":false,"chose_seed":false,"campfire_upgraded":6,"win_rate":0,"timestamp":1552518801,"path_taken":["M","?","?","M","?","R","E","?","T","?","R","$","R","E","R","BOSS","M","?","?","?","$","R","E","?","T","?","R","E","M","M","R","BOSS","M","?","M","?","?","R","E","M","T","R","?","?","?","M","R","BOSS"],"build_version":"2019-01-23","purchased_purges":1,"victory":true,"max_hp_per_floor":[71,71,71,71,71,71,71,71,71,71,71,71,71,71,71,71,71,71,71,71,71,71,71,71,71,71,71,71,71,71,71,71,71,71,71,71,71,71,71,71,71,71,71,71,71,71,71,71,71,71],"card_choices":[{"not_picked":["Capacitor","Rebound"],"picked":"Coolheaded","floor":1.0},{"not_picked":["Steam","Turbo"],"picked":"Go for the Eyes","floor":4.0},{"not_picked":["Double Energy","Gash"],"picked":"White Noise","floor":7.0},{"not_picked":["Force Field","Barrage"],"picked":"Self Repair","floor":14.0},{"not_picked":["Fission","Multi-Cast"],"picked":"Echo Form","floor":16.0},{"not_picked":["Hello World","Ball Lightning+1"],"picked":"Reinforced Body+1","floor":18.0},{"not_picked":["Conserve Battery","Leap"],"picked":"Skim","floor":20.0},{"not_picked":["Gash","Turbo"],"picked":"Echo Form","floor":24.0},{"not_picked":["Ball Lightning","Go for the Eyes+1","Rip and Tear"],"picked":"SKIP","floor":25.0},{"not_picked":["Electrodynamics","Go for the Eyes"],"picked":"Capacitor+1","floor":29.0},{"not_picked":["Conserve Battery","Rebound+1"],"picked":"Hologram","floor":30.0},{"not_picked":["Turbo","Beam Cell+1"],"picked":"Coolheaded+1","floor":31.0},{"not_picked":["Meteor Strike","Amplify"],"picked":"Machine Learning","floor":33.0},{"not_picked":["Gash","Redo","Ball Lightning"],"picked":"SKIP","floor":35.0},{"not_picked":["Chill","Sweeping Beam","Ball Lightning"],"picked":"SKIP","floor":37.0},{"not_picked":["Barrage","Compile Driver"],"picked":"FTL","floor":38.0},{"not_picked":["Gash","Rebound"],"picked":"Buffer","floor":41.0},{"not_picked":["Rip and Tear","Lockon+1","Redo"],"picked":"SKIP","floor":42.0},{"not_picked":["Stack","Ball Lightning","BootSequence"],"picked":"SKIP","floor":45.0},{"not_picked":["Conserve Battery","Barrage","Stack"],"picked":"SKIP","floor":48}],"player_experience":478477,"relics_obtained":[{"floor":2.0,"key":"Bag of Preparation"},{"floor":7.0,"key":"DataDisk"},{"floor":9.0,"key":"Dream Catcher"},{"floor":14.0,"key":"Orichalcum"},{"floor":20.0,"key":"Shovel"},{"floor":20.0,"key":"Sundial"},{"floor":23.0,"key":"Omamori"},{"floor":24.0,"key":"Gremlin Horn"},{"floor":26.0,"key":"Bag of Marbles"},{"floor":28.0,"key":"Kunai"},{"floor":29.0,"key":"Ice Cream"},{"floor":40.0,"key":"Boot"},{"floor":41.0,"key":"Ornamental Fan"},{"floor":41.0,"key":"Regal Pillow"},{"floor":43.0,"key":"The Courier"}],"event_choices":[{"damage_healed":0.0,"max_hp_gain":0.0,"max_hp_loss":0.0,"gold_gain":0.0,"event_name":"Living Wall","player_choice":"Grow","floor":3.0,"gold_loss":0.0,"damage_taken":0.0,"cards_upgraded":["Zap"]},{"cards_removed":["Strike_B"],"damage_healed":0.0,"max_hp_gain":0.0,"max_hp_loss":0.0,"gold_gain":0.0,"event_name":"Golden Wing","player_choice":"Card Removal","floor":5.0,"gold_loss":0.0,"damage_taken":7.0},{"damage_healed":0.0,"max_hp_gain":0.0,"max_hp_loss":0.0,"gold_gain":0.0,"event_name":"Scrap Ooze","player_choice":"Success","floor":8.0,"gold_loss":0.0,"damage_taken":5.0,"relics_obtained":["Oddly Smooth Stone"]},{"cards_removed":["Strike_B"],"damage_healed":0.0,"max_hp_gain":0.0,"max_hp_loss":0.0,"gold_gain":0.0,"event_name":"The Cleric","player_choice":"Card Removal","floor":10.0,"gold_loss":75.0,"damage_taken":0.0},{"damage_healed":0.0,"max_hp_gain":0.0,"max_hp_loss":0.0,"gold_gain":0.0,"event_name":"Addict","player_choice":"Obtained Relic","floor":19.0,"gold_loss":85.0,"damage_taken":0.0,"relics_obtained":["Happy Flower"]},{"damage_healed":0.0,"max_hp_gain":0.0,"max_hp_loss":0.0,"gold_gain":0.0,"event_name":"Colosseum","player_choice":"Fight","floor":20.0,"gold_loss":0.0,"damage_taken":0.0},{"damage_healed":0.0,"max_hp_gain":0.0,"max_hp_loss":0.0,"gold_gain":0.0,"event_name":"Colosseum","player_choice":"Fought Nobs","floor":20.0,"gold_loss":0.0,"damage_taken":0.0},{"damage_healed":0.0,"max_hp_gain":0.0,"max_hp_loss":0.0,"gold_gain":0.0,"event_name":"Vampires","player_choice":"Ignored","floor":21.0,"gold_loss":0.0,"damage_taken":0.0},{"damage_healed":0.0,"max_hp_gain":0.0,"max_hp_loss":0.0,"gold_gain":0.0,"event_name":"FaceTrader","player_choice":"Trade","floor":36.0,"gold_loss":0.0,"damage_taken":0.0,"relics_obtained":["GremlinMask"]},{"cards_removed":["Defend_B"],"damage_healed":0.0,"max_hp_gain":0.0,"max_hp_loss":0.0,"gold_gain":0.0,"event_name":"Bonfire Elementals","player_choice":"Offered Basic","floor":39.0,"gold_loss":0.0,"damage_taken":0.0},{"damage_healed":0.0,"max_hp_gain":0.0,"max_hp_loss":0.0,"gold_gain":0.0,"event_name":"Mysterious Sphere","player_choice":"Ignored","floor":46.0,"gold_loss":0.0,"damage_taken":0.0},{"cards_removed":["Machine Learning"],"damage_healed":0.0,"max_hp_gain":0.0,"max_hp_loss":0.0,"gold_gain":0.0,"event_name":"Falling","player_choice":"Removed Power","floor":47.0,"gold_loss":0.0,"damage_taken":0.0}],"is_beta":false,"boss_relics":[{"not_picked":["Fusion Hammer","Velvet Choker"],"picked":"Ectoplasm"},{"not_picked":["Coffee Dripper","Empty Cage"],"picked":"Black Star"}],"items_purged_floors":[22],"is_endless":false,"potions_floor_spawned":[7,14,16,18,20,25,42,45],"ascension_level":16}