{"path_per_floor":["M","M","M","$","M","R","E","?","T","R","M","R","M","M","R","B",null,"M","M","?","$","M","R","$","R","T","?","M","M","M","M","R"],"character_chosen":"THE_SILENT","items_purchased":["Noxious Fumes","Bane","Singing Bowl","Apotheosis","Terror"],"gold_per_floor":[218,231,245,17,35,35,62,131,131,131,146,146,162,177,177,275,275,285,301,301,25,45,45,45,45,98,98,115,126,143,157,157,157],"floor_reached":33,"campfire_rested":1,"playtime":2179,"item_purchase_floors":[4,4,4,21,21],"current_hp_per_floor":[68,68,64,64,62,62,68,68,68,68,65,65,65,65,65,61,81,75,61,61,61,54,54,54,54,54,54,47,36,30,30,56,0],"items_purged":[],"gold":157,"score":278,"play_id":"9c5accd1-2bfa-4e8b-b250-7b8344ffec5e","local_time":"20180606222040","is_prod":false,"is_daily":false,"chose_seed":false,"is_ascension_mode":false,"campfire_upgraded":6,"win_rate":0,"timestamp":1528341640,"campfire_choices":[{"data":"Glass Knife","floor":6,"key":"SMITH"},{"data":"Bane","floor":10,"key":"SMITH"},{"data":"Bane","floor":12,"key":"SMITH"},{"data":"Catalyst","floor":15,"key":"SMITH"},{"data":"Apotheosis","floor":23,"key":"SMITH"},{"data":"Noxious Fumes","floor":25,"key":"SMITH"},{"floor":32,"key":"REST"}],"path_taken":["M","M","M","$","M","R","E","?","T","R","M","R","M","M","R","BOSS","M","M","?","$","M","R","?","R","T","?","M","M","M","?","R","BOSS"],"build_version":"2018-05-31","seed_source_timestamp":3447322211621,"purchased_purges":0,"victory":false,"master_deck":["Defend_G","Defend_G","Defend_G","Defend_G","Defend_G","Strike_G","Strike_G","Strike_G","Strike_G","Strike_G","Survivor","Neutralize","Deflect","Bane+1","Dagger Spray","Noxious Fumes+1","Bane+1","Glass Knife+1","Catalyst+1","Caltrops+1","Corpse Explosion","Deadly Poison+1","Apotheosis+1","Terror","Dodge and Roll+1","Distraction+1"],"max_hp_per_floor":[70,70,70,70,70,70,79,79,79,79,81,81,81,81,81,81,81,83,83,83,83,83,83,83,83,83,83,85,87,89,89,89,89],"relics":["Ring of the Snake","Singing Bowl","Strawberry","Frozen Egg 2","Velvet Choker","Vajra"],"card_choices":[{"not_picked":["Malaise","Acrobatics"],"picked":"Deflect","floor":1},{"not_picked":["Dagger Throw","Underhanded Strike"],"picked":"Bane","floor":2},{"not_picked":["Dodge and Roll","Dagger Throw"],"picked":"Dagger Spray","floor":3},{"not_picked":["Outmaneuver","Flying Knee"],"picked":"Glass Knife","floor":5},{"not_picked":["A Thousand Cuts","Bane","Deflect"],"picked":"Singing Bowl","floor":7},{"not_picked":["Deflect","Eviscerate","Dagger Spray"],"picked":"Singing Bowl","floor":11},{"not_picked":["Dagger Spray","Dagger Throw"],"picked":"Catalyst","floor":13},{"not_picked":["Backflip","Dagger Throw"],"picked":"Caltrops+1","floor":14},{"not_picked":["Bullet Time","Doppelganger"],"picked":"Corpse Explosion","floor":16},{"not_picked":["All Out Attack","Dagger Throw+1","Outmaneuver"],"picked":"Singing Bowl","floor":18},{"not_picked":["Bane+1","Catalyst"],"picked":"Deadly Poison+1","floor":19},{"not_picked":["Backflip","Poisoned Stab"],"picked":"Dodge and Roll+1","floor":22},{"not_picked":["PiercingWail","Expertise","Outmaneuver"],"picked":"Singing Bowl","floor":28},{"not_picked":["Underhanded Strike","Flying Knee","Outmaneuver"],"picked":"Singing Bowl","floor":29},{"not_picked":["Backflip","Choke","Quick Slash"],"picked":"Singing Bowl","floor":30},{"not_picked":["PiercingWail+1","Deflect+1"],"picked":"Distraction+1","floor":31}],"player_experience":84580,"potions_floor_usage":[14,16,16,18,22,31,33],"damage_taken":[{"damage":2,"enemies":"Jaw Worm","floor":1,"turns":4},{"damage":0,"enemies":"Small Slimes","floor":2,"turns":4},{"damage":4,"enemies":"Cultist","floor":3,"turns":5},{"damage":2,"enemies":"Looter","floor":5,"turns":3},{"damage":3,"enemies":"3 Sentries","floor":7,"turns":6},{"damage":5,"enemies":"Exordium Wildlife","floor":11,"turns":4},{"damage":0,"enemies":"2 Fungi Beasts","floor":13,"turns":2},{"damage":0,"enemies":"Exordium Thugs","floor":14,"turns":4},{"damage":4,"enemies":"Slime Boss","floor":16,"turns":9},{"damage":8,"enemies":"Spheric Guardian","floor":18,"turns":4},{"damage":14,"enemies":"Shell Parasite","floor":19,"turns":4},{"damage":7,"enemies":"Snake Plant","floor":22,"turns":4},{"damage":9,"enemies":"Centurion and Healer","floor":28,"turns":5},{"damage":13,"enemies":"Sentry and Sphere","floor":29,"turns":5},{"damage":8,"enemies":"3 Cultists","floor":30,"turns":3},{"damage":0,"enemies":"Snake Plant","floor":31,"turns":3},{"damage":56,"enemies":"Automaton","floor":33,"turns":8}],"relics_obtained":[{"floor":7,"key":"Strawberry"},{"floor":9,"key":"Frozen Egg 2"},{"floor":26,"key":"Vajra"}],"event_choices":[{"event_name":"Golden Wing","player_choice":"Gained Gold","floor":8,"damage_taken":0},{"event_name":"Ghosts","player_choice":"Ignored","floor":20,"damage_taken":0},{"event_name":"Drug Dealer","player_choice":"Ignored","floor":27,"damage_taken":0}],"boss_relics":[{"not_picked":["Sozu","Calling Bell"],"picked":"Velvet Choker"}],"items_purged_floors":[],"potions_floor_spawned":[3,7,13,14,19,29,31],"seed_played":"6346779136203223585","killed_by":"Automaton","ascension_level":0,"potions_obtained":[{"floor":3,"key":"Block Potion"},{"floor":7,"key":"GhostInAJar"},{"floor":13,"key":"Fire Potion"},{"floor":14,"key":"Strength Potion"},{"floor":19,"key":"Block Potion"},{"floor":29,"key":"GhostInAJar"},{"floor":31,"key":"GamblersBrew"}],"is_trial":false}