{"gold_per_floor":[119,138,190,205,218,218,246,246,273,307,327,362,41,41,41,120,120,130,130,143,14,14,46,46,64,89,89,100,100,130,149,149,149],"floor_reached":33,"playtime":1375,"items_purged":[],"score":577,"play_id":"16669649-512f-4de2-ad4d-fdf5968e8afb","local_time":"20190323160629","is_ascension_mode":true,"campfire_choices":[{"floor":6,"key":"REST"},{"floor":15,"key":"REST"},{"floor":27,"key":"REST"},{"floor":29,"key":"REST"},{"floor":32,"key":"REST"}],"neow_cost":"NONE","seed_source_timestamp":52564407542080,"circlet_count":0,"master_deck":["AscendersBane","Defend_B+1","Defend_B+1","Defend_B+1","Defend_B+1","Zap","Dualcast","Go for the Eyes","Sunder","Glacier","Static Discharge","White Noise","Capacitor","Sweeping Beam","Skim","Core Surge","Seek","Streamline","Ghostly","Ghostly","Ghostly","Ghostly","Ghostly","Self Repair","Defragment","Ball Lightning","Bite","Bite","Bite","Bite","Bite","Sweeping Beam+1","Steam Power"],"relics":["Fusion Hammer","Smiling Mask","DataDisk","Bag of Marbles","Omamori","Cables","Busted Crown","Thread and Needle","Centennial Puzzle","Red Mask"],"potions_floor_usage":[10,11,16,23,33,33],"damage_taken":[{"damage":8,"enemies":"Small Slimes","floor":1,"turns":4},{"damage":0,"enemies":"2 Louse","floor":2,"turns":3},{"damage":12,"enemies":"Jaw Worm","floor":4,"turns":2},{"damage":7,"enemies":"3 Louse","floor":5,"turns":4},{"damage":33,"enemies":"Gremlin Nob","floor":7,"turns":4},{"damage":20,"enemies":"3 Sentries","floor":10,"turns":7},{"damage":7,"enemies":"Exordium Wildlife","floor":11,"turns":4},{"damage":4,"enemies":"Lagavulin","floor":12,"turns":7},{"damage":9,"enemies":"Hexaghost","floor":16,"turns":11},{"damage":3,"enemies":"Shell Parasite","floor":18,"turns":6},{"damage":0,"enemies":"Spheric Guardian","floor":20,"turns":7},{"damage":0,"enemies":"Gremlin Leader","floor":23,"turns":8},{"damage":0,"enemies":"Snecko","floor":25,"turns":5},{"damage":0,"enemies":"Sentry and Sphere","floor":28,"turns":7},{"damage":0,"enemies":"Masked Bandits","floor":30,"turns":5},{"damage":0,"enemies":"Cultist and Chosen","floor":31,"turns":8},{"damage":54,"enemies":"Champ","floor":33,"turns":10}],"seed_played":"-6870596492094984758","potions_obtained":[{"floor":7,"key":"Swift Potion"},{"floor":10,"key":"Regen Potion"},{"floor":12,"key":"Explosive Potion"},{"floor":16,"key":"FearPotion"},{"floor":20,"key":"AttackPotion"},{"floor":23,"key":"LiquidBronze"}],"is_trial":false,"path_per_floor":["M","M","?","M","M","R","E","?","T","E","M","E","$","?","R","B",null,"M","?","M","$","?","E","?","M","T","R","M","R","?","M","R","B"],"character_chosen":"DEFECT","items_purchased":["Cables","Core Surge","Defragment","Ball Lightning"],"campfire_rested":5,"item_purchase_floors":[13,13,21,21],"current_hp_per_floor":[56,56,56,44,37,58,25,25,25,5,10,6,6,3,24,15,57,54,35,35,35,35,35,24,24,24,24,24,24,24,24,24,0],"gold":149,"neow_bonus":"BOSS_RELIC","is_prod":false,"is_daily":false,"chose_seed":false,"campfire_upgraded":0,"win_rate":0,"timestamp":1553375189,"path_taken":["M","M","?","M","M","R","E","?","T","E","M","E","$","?","R","BOSS","M","?","M","$","?","E","?","M","T","R","?","R","?","M","R","BOSS"],"build_version":"2019-01-23","purchased_purges":0,"victory":false,"max_hp_per_floor":[71,71,71,71,71,71,71,71,71,71,71,71,71,71,71,71,71,71,35,35,35,35,35,24,24,24,24,24,24,24,24,24,24],"card_choices":[{"not_picked":["Barrage","Consume"],"picked":"Go for the Eyes","floor":1},{"not_picked":["Ball Lightning","Steam"],"picked":"Sunder","floor":2},{"not_picked":["Compile Driver","Redo"],"picked":"Glacier","floor":4},{"not_picked":["Cold Snap","Streamline"],"picked":"Static Discharge","floor":5},{"not_picked":["Barrage","Consume"],"picked":"White Noise","floor":7},{"not_picked":["Gash","Leap"],"picked":"Capacitor","floor":10},{"not_picked":["Rip and Tear","Beam Cell"],"picked":"Sweeping Beam","floor":11},{"not_picked":["Leap","Turbo"],"picked":"Skim","floor":12},{"not_picked":["Multi-Cast","Reboot"],"picked":"Seek","floor":16},{"not_picked":[],"picked":"Streamline","floor":18},{"not_picked":[],"picked":"Self Repair","floor":20},{"not_picked":["Streamline"],"picked":"SKIP","floor":23},{"not_picked":["Conserve Battery"],"picked":"SKIP","floor":25},{"not_picked":[],"picked":"Sweeping Beam+1","floor":28},{"not_picked":[],"picked":"Steam Power","floor":31}],"player_experience":1140387,"relics_obtained":[{"floor":7,"key":"Smiling Mask"},{"floor":9,"key":"DataDisk"},{"floor":10,"key":"Bag of Marbles"},{"floor":12,"key":"Omamori"},{"floor":23,"key":"Thread and Needle"},{"floor":26,"key":"Centennial Puzzle"},{"floor":30,"key":"Red Mask"}],"event_choices":[{"damage_healed":0,"gold_gain":52,"player_choice":"Gained Gold","damage_taken":0,"max_hp_gain":0,"max_hp_loss":0,"event_name":"Golden Wing","floor":3,"gold_loss":0},{"damage_healed":0,"gold_gain":0,"player_choice":"Ignored","damage_taken":0,"max_hp_gain":0,"max_hp_loss":0,"event_name":"Shining Light","floor":8,"gold_loss":0},{"damage_healed":0,"gold_gain":0,"player_choice":"Fled","damage_taken":3,"max_hp_gain":0,"max_hp_loss":0,"event_name":"Scrap Ooze","floor":14,"gold_loss":0},{"damage_healed":0,"gold_gain":0,"player_choice":"Became a Ghost","damage_taken":0,"max_hp_gain":0,"max_hp_loss":36,"event_name":"Ghosts","floor":19,"gold_loss":0,"cards_obtained":["Ghostly","Ghostly","Ghostly","Ghostly","Ghostly"]},{"damage_healed":0,"gold_gain":0,"player_choice":"Simplicity","damage_taken":0,"max_hp_gain":0,"max_hp_loss":0,"event_name":"Back to Basics","floor":22,"gold_loss":0,"cards_upgraded":["Strike_B","Strike_B","Strike_B","Strike_B","Defend_B","Defend_B","Defend_B","Defend_B"]},{"damage_healed":0,"gold_gain":0,"player_choice":"Became a vampire","damage_taken":0,"max_hp_gain":0,"max_hp_loss":11,"event_name":"Vampires","floor":24,"gold_loss":0,"cards_obtained":["Bite","Bite","Bite","Bite","Bite"]},{"damage_healed":0,"gold_gain":0,"player_choice":"Fought Bandits","damage_taken":0,"max_hp_gain":0,"max_hp_loss":0,"event_name":"Masked Bandits","floor":30,"gold_loss":0}],"is_beta":false,"boss_relics":[{"not_picked":["Philosopher\u0027s Stone","Black Star"],"picked":"Busted Crown"}],"items_purged_floors":[],"is_endless":false,"potions_floor_spawned":[7,10,12,16,20,23,31],"killed_by":"Champ","ascension_level":14}