{"gold_per_floor":[112,112,126,126,150,191,191,235,235,250,250,265,440,33,33,129,129,154,154,169,169,94,94,125,125,125,145,145,178,178,212,212,289,289,300,125,525,525,538,573,573,593,593,530,546,546,546],"floor_reached":47,"playtime":2986,"items_purged":["Doubt","Defend_B"],"score":992,"play_id":"2dd9e9fa-9167-4a27-85bd-862c38ebbb89","local_time":"20190414213836","is_ascension_mode":true,"campfire_choices":[{"data":"Electrodynamics","floor":7,"key":"SMITH"},{"data":"Go for the Eyes","floor":11,"key":"SMITH"},{"floor":15,"key":"REST"},{"data":"Zap","floor":23,"key":"SMITH"},{"data":"Dualcast","floor":25,"key":"SMITH"},{"floor":32,"key":"REST"},{"floor":41,"key":"REST"},{"floor":46,"key":"REST"}],"neow_cost":"TEN_PERCENT_HP_LOSS","seed_source_timestamp":368633839228480,"circlet_count":0,"master_deck":["AscendersBane","Strike_B","Strike_B","Strike_B+1","Defend_B","Defend_B","Defend_B","Zap+1","Dualcast+1","Electrodynamics+1","White Noise","Ball Lightning+1","Chill","Cold Snap","Go for the Eyes+1","Steam","Compile Driver","Blind+1","Leap+1","Coolheaded+1","Coolheaded+1","Stack+1"],"relics":["Cracked Core","Bloody Idol","GremlinMask","Strawberry","Symbiotic Virus","Pantograph","Toxic Egg 2","Busted Crown","Gambling Chip","Pear","Bronze Scales","Unceasing Top","Whetstone","Inserter","Old Coin","Turnip","Ancient Tea Set"],"potions_floor_usage":[8,16,18,20,29,29,31,33,33,47,47,47],"damage_taken":[{"damage":8,"enemies":"Jaw Worm","floor":1,"turns":4},{"damage":6,"enemies":"Cultist","floor":3,"turns":3},{"damage":1,"enemies":"Small Slimes","floor":5,"turns":3},{"damage":6,"enemies":"3 Sentries","floor":6,"turns":4},{"damage":21,"enemies":"Gremlin Nob","floor":8,"turns":4},{"damage":1,"enemies":"Exordium Wildlife","floor":10,"turns":2},{"damage":7,"enemies":"Blue Slaver","floor":12,"turns":2},{"damage":0,"enemies":"Slime Boss","floor":16,"turns":6},{"damage":0,"enemies":"3 Byrds","floor":18,"turns":2},{"damage":0,"enemies":"2 Thieves","floor":20,"turns":3},{"damage":15,"enemies":"Slavers","floor":24,"turns":5},{"damage":7,"enemies":"Snake Plant","floor":27,"turns":3},{"damage":13,"enemies":"Book of Stabbing","floor":29,"turns":6},{"damage":17,"enemies":"Slavers","floor":31,"turns":2},{"damage":10,"enemies":"Collector","floor":33,"turns":10},{"damage":3,"enemies":"Orb Walker","floor":35,"turns":4},{"damage":0,"enemies":"Mind Bloom Boss Battle","floor":37,"turns":7},{"damage":0,"enemies":"3 Shapes","floor":39,"turns":3},{"damage":54,"enemies":"Nemesis","floor":40,"turns":11},{"damage":0,"enemies":"Jaw Worm Horde","floor":42,"turns":4},{"damage":33,"enemies":"Transient","floor":45,"turns":5},{"damage":74,"enemies":"Giant Head","floor":47,"turns":10}],"seed_played":"6824139454636657618","potions_obtained":[{"floor":1,"key":"AttackPotion"},{"floor":6,"key":"FocusPotion"},{"floor":10,"key":"LiquidBronze"},{"floor":16,"key":"SkillPotion"},{"floor":27,"key":"EntropicBrew"},{"floor":31,"key":"EssenceOfSteel"},{"floor":33,"key":"FearPotion"},{"floor":35,"key":"Dexterity Potion"},{"floor":40,"key":"EntropicBrew"}],"is_trial":false,"path_per_floor":["M","?","M","?","M","E","R","E","T","M","R","M","?","$","R","B",null,"M","?","M","?","?","R","E","R","T","M","T","E","?","E","R","B",null,"M","$","?","?","M","E","R","M","T","?","M","R","E"],"character_chosen":"DEFECT","items_purchased":["Toxic Egg 2","Blind+1","Regen Potion"],"campfire_rested":4,"item_purchase_floors":[14,14,36],"current_hp_per_floor":[56,56,50,50,49,50,50,29,29,28,28,21,21,21,40,65,66,66,66,66,66,66,66,56,56,66,64,64,56,42,30,52,71,75,76,76,76,76,76,27,49,54,54,54,26,48,0],"gold":546,"neow_bonus":"THREE_RARE_CARDS","is_prod":false,"is_daily":false,"chose_seed":false,"campfire_upgraded":4,"win_rate":0,"timestamp":1555270716,"path_taken":["M","?","M","?","?","E","R","E","T","M","R","M","?","$","R","BOSS","M","?","M","?","?","R","E","R","T","?","?","E","?","E","R","BOSS","M","$","?","?","M","E","R","M","T","?","?","R","E"],"build_version":"2019-01-23","purchased_purges":2,"victory":false,"max_hp_per_floor":[64,59,59,59,59,66,66,66,66,66,66,66,66,66,66,66,66,66,66,66,66,66,66,66,66,76,76,76,76,76,76,76,76,76,76,76,76,76,76,76,76,76,76,76,76,76,76],"card_choices":[{"not_picked":["Creative AI","Reboot"],"picked":"Electrodynamics","floor":0},{"not_picked":["Tempest","Hologram"],"picked":"White Noise","floor":1},{"not_picked":["Fusion","Go for the Eyes"],"picked":"Ball Lightning","floor":3},{"not_picked":["Conserve Battery","Melter"],"picked":"Chill","floor":5},{"not_picked":["Sunder","Ball Lightning"],"picked":"Cold Snap","floor":6},{"not_picked":["Heatsinks","Static Discharge"],"picked":"Go for the Eyes","floor":8},{"not_picked":["Ball Lightning","Barrage"],"picked":"Steam","floor":10},{"not_picked":["Thunder Strike","Sunder"],"picked":"Compile Driver","floor":12},{"not_picked":[],"picked":"Leap+1","floor":18},{"not_picked":[],"picked":"Coolheaded+1","floor":20},{"not_picked":["Double Energy+1"],"picked":"SKIP","floor":24},{"not_picked":[],"picked":"Coolheaded+1","floor":27},{"not_picked":["Steam Power+1"],"picked":"SKIP","floor":29},{"not_picked":["Steam Power+1"],"picked":"SKIP","floor":31},{"not_picked":[],"picked":"Stack+1","floor":35},{"not_picked":["FTL"],"picked":"SKIP","floor":39},{"not_picked":["Reprogram+1"],"picked":"SKIP","floor":40},{"not_picked":["Cold Snap"],"picked":"SKIP","floor":42},{"not_picked":["Scrape"],"picked":"SKIP","floor":45}],"player_experience":620660,"relics_obtained":[{"floor":6,"key":"Strawberry"},{"floor":8,"key":"Symbiotic Virus"},{"floor":9,"key":"Pantograph"},{"floor":24,"key":"Gambling Chip"},{"floor":26,"key":"Pear"},{"floor":28,"key":"Bronze Scales"},{"floor":29,"key":"Unceasing Top"},{"floor":31,"key":"Whetstone"},{"floor":37,"key":"Old Coin"},{"floor":40,"key":"Turnip"}],"event_choices":[{"damage_healed":0,"gold_gain":0,"player_choice":"Lose Max HP","damage_taken":0,"relics_obtained":["Golden Idol"],"max_hp_gain":0,"max_hp_loss":5,"event_name":"Golden Idol","floor":2,"gold_loss":0},{"damage_healed":0,"gold_gain":0,"player_choice":"Trade","damage_taken":0,"relics_obtained":["GremlinMask"],"max_hp_gain":0,"max_hp_loss":0,"event_name":"FaceTrader","floor":4,"gold_loss":0},{"damage_healed":0,"gold_gain":175,"player_choice":"AGREE","damage_taken":0,"max_hp_gain":0,"max_hp_loss":0,"event_name":"Liars Game","floor":13,"gold_loss":0,"cards_obtained":["Doubt"]},{"damage_healed":0,"gold_gain":0,"player_choice":"Ignored","damage_taken":0,"max_hp_gain":0,"max_hp_loss":0,"event_name":"Ghosts","floor":19,"gold_loss":0},{"damage_healed":0,"gold_gain":0,"player_choice":"Gave Idol","damage_taken":0,"relics_obtained":["Bloody Idol"],"max_hp_gain":0,"max_hp_loss":0,"event_name":"Forgotten Altar","floor":21,"relics_lost":["Golden Idol"],"gold_loss":0},{"cards_removed":["Strike_B"],"damage_healed":0,"gold_gain":0,"player_choice":"Gave Gold","damage_taken":0,"max_hp_gain":0,"max_hp_loss":0,"event_name":"Beggar","floor":22,"gold_loss":75},{"damage_healed":0,"gold_gain":0,"player_choice":"POTION ","damage_taken":14,"max_hp_gain":0,"max_hp_loss":0,"event_name":"Knowing Skull","floor":30,"potions_obtained":["PowerPotion"],"gold_loss":0,"cards_obtained":[]},{"damage_healed":0,"gold_gain":0,"player_choice":"Fight","damage_taken":0,"max_hp_gain":0,"max_hp_loss":0,"event_name":"MindBloom","floor":37,"gold_loss":0},{"damage_healed":0,"gold_gain":0,"player_choice":"Memory 1","damage_taken":0,"max_hp_gain":0,"max_hp_loss":0,"event_name":"SensoryStone","floor":38,"gold_loss":0},{"damage_healed":0,"gold_gain":0,"player_choice":"Paid Gold","damage_taken":0,"relics_obtained":["Ancient Tea Set"],"max_hp_gain":0,"max_hp_loss":0,"event_name":"WeMeetAgain","floor":44,"gold_loss":63}],"is_beta":false,"boss_relics":[{"not_picked":["White Beast Statue","FrozenCore"],"picked":"Busted Crown"},{"not_picked":["Astrolabe","Philosopher\u0027s Stone"],"picked":"Inserter"}],"items_purged_floors":[14,36],"is_endless":false,"potions_floor_spawned":[1,6,10,16,27,31,33,35,39,40],"killed_by":"Giant Head","ascension_level":14}