{"gold_per_floor":[111,123,140,13,13,45,45,61,61,77,77,7,7,27,27,132,132,147,167,82,0,14,14,14],"floor_reached":24,"playtime":1461,"items_purged":["Strike_G"],"score":297,"play_id":"797391cf-e6a7-4b08-9c74-1483e73c73e7","local_time":"20190322170229","is_ascension_mode":true,"campfire_choices":[{"data":"Noxious Fumes","floor":7,"key":"SMITH"},{"data":"Crippling Poison","floor":15,"key":"SMITH"},{"floor":23,"key":"REST"}],"neow_cost":"NONE","seed_source_timestamp":518432945208114,"circlet_count":0,"master_deck":["AscendersBane","Defend_G+1","Defend_G","Defend_G","Defend_G","Strike_G","Strike_G","Strike_G","Strike_G","Survivor+1","Neutralize","Noxious Fumes+1","Poisoned Stab","Deflect","Crippling Poison+1","Parasite","Footwork+1","Endless Agony+1"],"relics":["Ring of the Snake","NeowsBlessing","War Paint","Dodecahedron","Matryoshka","Sozu","Bronze Scales"],"potions_floor_usage":[6,6,19,24],"damage_taken":[{"damage":0,"enemies":"Jaw Worm","floor":1,"turns":1},{"damage":0,"enemies":"2 Louse","floor":2,"turns":1},{"damage":0,"enemies":"Small Slimes","floor":3,"turns":1},{"damage":27,"enemies":"Lagavulin","floor":6,"turns":7},{"damage":1,"enemies":"3 Louse","floor":8,"turns":4},{"damage":5,"enemies":"2 Fungi Beasts","floor":10,"turns":4},{"damage":0,"enemies":"Looter","floor":14,"turns":3},{"damage":19,"enemies":"Hexaghost","floor":16,"turns":11},{"damage":27,"enemies":"Shell Parasite","floor":18,"turns":6},{"damage":20,"enemies":"2 Thieves","floor":19,"turns":4},{"damage":0,"enemies":"Centurion and Healer","floor":22,"turns":7},{"damage":34,"enemies":"Sentry and Sphere","floor":24,"turns":5}],"seed_played":"7590609921309350153","potions_obtained":[{"floor":2,"key":"Fire Potion"},{"floor":3,"key":"EssenceOfSteel"},{"floor":6,"key":"Fire Potion"},{"floor":10,"key":"PowerPotion"}],"is_trial":false,"path_per_floor":["M","M","M","$","?","E","R","M","T","M","?","$","?","M","R","B",null,"M","M","?","?","M","R","M"],"character_chosen":"THE_SILENT","items_purchased":["Deflect","Crippling Poison"],"campfire_rested":1,"item_purchase_floors":[4,12],"current_hp_per_floor":[63,63,63,63,63,36,36,35,35,30,27,27,44,44,44,25,59,32,12,12,12,12,33,0],"gold":14,"neow_bonus":"THREE_ENEMY_KILL","is_prod":false,"is_daily":false,"chose_seed":false,"campfire_upgraded":2,"win_rate":0,"timestamp":1553270549,"path_taken":["M","M","M","$","?","E","R","M","T","M","?","$","?","M","R","BOSS","M","M","?","?","M","R","M"],"build_version":"2019-01-23","purchased_purges":1,"victory":false,"max_hp_per_floor":[70,70,70,70,70,70,70,70,70,70,70,70,70,70,70,70,70,70,70,70,70,70,70,70],"card_choices":[{"not_picked":["Cloak And Dagger","PiercingWail"],"picked":"Noxious Fumes","floor":1},{"not_picked":["Blade Dance","PiercingWail","Flying Knee"],"picked":"SKIP","floor":2},{"not_picked":["Finisher","Choke"],"picked":"Poisoned Stab","floor":3},{"not_picked":["Riddle With Holes","PiercingWail","Quick Slash"],"picked":"SKIP","floor":6},{"not_picked":["PiercingWail","Bane","Noxious Fumes"],"picked":"SKIP","floor":8},{"not_picked":["Backstab","Prepared","Finisher"],"picked":"SKIP","floor":10},{"not_picked":["Slice","Outmaneuver","Bane"],"picked":"SKIP","floor":14},{"not_picked":["Deadly Poison","Backstab"],"picked":"Footwork+1","floor":18},{"not_picked":["Predator","Slice"],"picked":"Endless Agony+1","floor":19},{"not_picked":["Blade Dance","Dagger Spray","Outmaneuver+1"],"picked":"SKIP","floor":22}],"player_experience":348013,"relics_obtained":[{"floor":6,"key":"War Paint"},{"floor":9,"key":"Dodecahedron"}],"event_choices":[{"cards_removed":["Defend_G"],"damage_healed":0,"gold_gain":0,"player_choice":"Forget","damage_taken":0,"max_hp_gain":0,"max_hp_loss":0,"event_name":"Living Wall","floor":5,"gold_loss":0},{"damage_healed":0,"gold_gain":0,"player_choice":"Success","damage_taken":3,"relics_obtained":["Matryoshka"],"max_hp_gain":0,"max_hp_loss":0,"event_name":"Scrap Ooze","floor":11,"gold_loss":0},{"damage_healed":17,"gold_gain":0,"player_choice":"Healed and dodged fight","damage_taken":0,"max_hp_gain":0,"max_hp_loss":0,"event_name":"Mushrooms","floor":13,"gold_loss":0,"cards_obtained":["Parasite"]},{"damage_healed":0,"gold_gain":0,"player_choice":"Obtained Relic","damage_taken":0,"relics_obtained":["Bronze Scales"],"max_hp_gain":0,"max_hp_loss":0,"event_name":"Addict","floor":20,"gold_loss":85},{"damage_healed":0,"gold_gain":0,"player_choice":"Paid Fearfully","damage_taken":0,"max_hp_gain":0,"max_hp_loss":0,"event_name":"Masked Bandits","floor":21,"gold_loss":82}],"is_beta":false,"boss_relics":[{"not_picked":["WristBlade","Coffee Dripper"],"picked":"Sozu"}],"items_purged_floors":[4],"is_endless":false,"potions_floor_spawned":[2,3,6,10,18],"killed_by":"Sentry and Sphere","ascension_level":10}