{"path_per_floor":["M","?","$","M","M","E","M","R","T","T","E","M","E","$","R","B",null,"M","T","$","M","?","M","?","M","T","?","M","R","M","M","R","B",null,"M","?","M","M","M","R","?","R","T","M","R","M","$","M","R","B"],"character_chosen":"THE_SILENT","items_purchased":["All Out Attack","Lee\u0027s Waffle"],"gold_per_floor":[111,111,73,88,100,130,149,149,149,149,176,196,221,25,25,122,122,122,122,122,122,122,122,122,122,122,122,122,122,122,122,122,122,122,122,122,122,122,122,122,122,122,122,122,122,122,47,47,47,47],"floor_reached":51,"campfire_rested":0,"playtime":4165,"item_purchase_floors":[3,14],"current_hp_per_floor":[70,63,63,63,63,47,40,40,40,40,29,27,24,77,77,47,77,74,74,74,67,67,61,53,53,53,53,52,52,53,53,53,53,53,47,37,37,53,46,46,53,53,60,60,60,58,58,59,59,25],"items_purged":["Writhe"],"gold":47,"score":735,"play_id":"8e6542e6-74d9-443c-9683-5c9e5503c69b","local_time":"20180616145024","is_prod":false,"is_daily":false,"chose_seed":false,"is_ascension_mode":true,"campfire_upgraded":8,"win_rate":0,"timestamp":1529178624,"campfire_choices":[{"data":"Noxious Fumes","floor":8,"key":"SMITH"},{"data":"Adrenaline","floor":15,"key":"SMITH"},{"data":"A Thousand Cuts","floor":29,"key":"SMITH"},{"data":"After Image","floor":32,"key":"SMITH"},{"data":"Noxious Fumes","floor":40,"key":"SMITH"},{"data":"Phantasmal Killer","floor":42,"key":"SMITH"},{"data":"Crippling Poison","floor":45,"key":"SMITH"},{"data":"Sadistic Nature","floor":49,"key":"SMITH"}],"path_taken":["M","?","?","?","M","E","M","R","T","?","E","M","E","?","R","BOSS","M","?","$","?","?","M","?","?","T","?","?","R","M","M","R","BOSS","M","?","?","M","M","R","?","R","T","M","R","M","?","M","R","BOSS"],"build_version":"2018-06-14v2","seed_source_timestamp":788159160661,"purchased_purges":1,"victory":true,"master_deck":["Defend_G","Defend_G","Defend_G","Defend_G","Survivor","Neutralize","PiercingWail","All Out Attack","Noxious Fumes+1","Blur","Sucker Punch+1","Bane","Adrenaline+1","Leg Sweep","Crippling Poison+1","A Thousand Cuts+1","Bane","After Image+1","Bite","Bite","Bite","Bite","Bite","Noxious Fumes+1","Leg Sweep+1","Phantasmal Killer+1","Crippling Poison+1","Panache","Bandage Up","Sadistic Nature+1","PiercingWail+1","Acrobatics+1","Bouncing Flask+1","Bane+1"],"max_hp_per_floor":[70,70,70,70,70,70,70,70,70,70,70,70,70,77,77,77,77,77,77,77,77,77,77,53,53,53,53,53,53,53,53,53,53,53,53,53,53,53,53,53,53,53,60,60,60,60,60,60,60,60],"relics":["Ring of the Snake","NeowsBlessing","Pen Nib","Art of War","Pantograph","Paper Crane","Ginger","Lee\u0027s Waffle","Ectoplasm","Whetstone","Anchor","Centennial Puzzle","Empty Cage","Strawberry"],"card_choices":[{"not_picked":["Acrobatics","Deflect"],"picked":"PiercingWail","floor":1},{"not_picked":["Dagger Throw","Adrenaline"],"picked":"Noxious Fumes","floor":4},{"not_picked":["Reflex","Deadly Poison"],"picked":"Blur","floor":5},{"not_picked":["Distraction","Acrobatics"],"picked":"Sucker Punch","floor":6},{"not_picked":["Infinite Blades","Dagger Throw"],"picked":"Bane","floor":7},{"not_picked":["Well Laid Plans","Finisher"],"picked":"Adrenaline","floor":11},{"not_picked":["Cloak And Dagger","Prepared"],"picked":"Leg Sweep","floor":12},{"not_picked":["Masterful Stab","Deadly Poison"],"picked":"Crippling Poison","floor":13},{"not_picked":["Doppelganger","Tools of the Trade"],"picked":"A Thousand Cuts","floor":16},{"not_picked":["Sucker Punch","Dagger Spray"],"picked":"Bane","floor":18},{"not_picked":["Outmaneuver+1","Cloak And Dagger","Dagger Spray"],"picked":"SKIP","floor":21},{"not_picked":["Prepared","Outmaneuver","Underhanded Strike"],"picked":"SKIP","floor":23},{"not_picked":["Poisoned Stab","Choke"],"picked":"Noxious Fumes","floor":25},{"not_picked":["Slice","Prepared"],"picked":"Leg Sweep+1","floor":28},{"not_picked":["Quick Slash","Poisoned Stab"],"picked":"Reflex+1","floor":30},{"not_picked":["Cloak And Dagger","Calculated Gamble","Night Terror"],"picked":"SKIP","floor":31},{"not_picked":["After Image","Tactician"],"picked":"Phantasmal Killer","floor":33},{"not_picked":["Deadly Poison","Blade Dance"],"picked":"Crippling Poison+1","floor":35},{"not_picked":["Finesse","Mind Blast"],"picked":"Panache","floor":36},{"not_picked":["Jack Of All Trades","Trip"],"picked":"Bandage Up","floor":36},{"not_picked":["Bandage Up","Secret Weapon"],"picked":"Sadistic Nature","floor":36},{"not_picked":["Acrobatics","Dagger Spray","Quick Slash"],"picked":"SKIP","floor":37},{"not_picked":["Dodge and Roll","Slice"],"picked":"PiercingWail+1","floor":38},{"not_picked":["PiercingWail","Dagger Spray+1"],"picked":"Acrobatics+1","floor":39},{"not_picked":["Backflip+1","Flying Knee"],"picked":"Bouncing Flask+1","floor":44},{"not_picked":["Cloak And Dagger","Dodge and Roll","Blade Dance"],"picked":"SKIP","floor":46},{"not_picked":["Deadly Poison+1","Infinite Blades"],"picked":"Bane+1","floor":48}],"player_experience":117964,"potions_floor_usage":[6,11,13,21,28,30,33,48,50,50],"damage_taken":[{"damage":0,"enemies":"Small Slimes","floor":1,"turns":1},{"damage":0,"enemies":"2 Louse","floor":4,"turns":1},{"damage":0,"enemies":"Cultist","floor":5,"turns":1},{"damage":16,"enemies":"Gremlin Nob","floor":6,"turns":5},{"damage":7,"enemies":"Red Slaver","floor":7,"turns":4},{"damage":11,"enemies":"Lagavulin","floor":11,"turns":7},{"damage":2,"enemies":"Exordium Thugs","floor":12,"turns":4},{"damage":3,"enemies":"3 Sentries","floor":13,"turns":6},{"damage":30,"enemies":"The Guardian","floor":16,"turns":10},{"damage":3,"enemies":"3 Byrds","floor":18,"turns":5},{"damage":7,"enemies":"Chosen","floor":21,"turns":4},{"damage":6,"enemies":"Snake Plant","floor":23,"turns":5},{"damage":0,"enemies":"Sentry and Sphere","floor":25,"turns":5},{"damage":3,"enemies":"3 Cultists","floor":28,"turns":4},{"damage":2,"enemies":"Cultist and Chosen","floor":30,"turns":4},{"damage":0,"enemies":"Chosen and Byrds","floor":31,"turns":5},{"damage":12,"enemies":"Automaton","floor":33,"turns":12},{"damage":8,"enemies":"Orb Walker","floor":35,"turns":5},{"damage":8,"enemies":"3 Darklings","floor":37,"turns":3},{"damage":0,"enemies":"Maw","floor":38,"turns":7},{"damage":9,"enemies":"Sphere and 2 Shapes","floor":39,"turns":4},{"damage":1,"enemies":"3 Darklings","floor":44,"turns":3},{"damage":10,"enemies":"Maw","floor":46,"turns":8},{"damage":5,"enemies":"Sphere and 2 Shapes","floor":48,"turns":4},{"damage":55,"enemies":"Awakened One","floor":50,"turns":13}],"relics_obtained":[{"floor":6,"key":"Pen Nib"},{"floor":9,"key":"Art of War"},{"floor":10,"key":"Pantograph"},{"floor":11,"key":"Paper Crane"},{"floor":13,"key":"Ginger"},{"floor":19,"key":"Whetstone"},{"floor":26,"key":"Anchor"},{"floor":43,"key":"Strawberry"}],"event_choices":[{"event_name":"Golden Wing","player_choice":"Card Removal","floor":2,"damage_taken":0},{"event_name":"Match and Keep!","player_choice":"1 cards matched","floor":22,"damage_taken":0},{"event_name":"Vampires","player_choice":"Became a vampire","floor":24,"damage_taken":0},{"event_name":"The Mausoleum","player_choice":"Yes","floor":27,"damage_taken":0},{"event_name":"SensoryStone","player_choice":"Memory 3","floor":36,"damage_taken":0},{"event_name":"Winding Halls","player_choice":"Writhe","floor":41,"damage_taken":0}],"boss_relics":[{"not_picked":["Black Star","Eternal Feather"],"picked":"Ectoplasm"},{"not_picked":["Tiny House","Philosopher\u0027s Stone"],"picked":"Empty Cage"}],"items_purged_floors":[47],"is_endless":false,"potions_floor_spawned":[4,7,11,16,18,25,31,37,38,46],"seed_played":"4408923794308859670","ascension_level":2,"potions_obtained":[{"floor":4,"key":"SkillPotion"},{"floor":7,"key":"Strength Potion"},{"floor":11,"key":"Block Potion"},{"floor":16,"key":"EssenceOfSteel"},{"floor":18,"key":"GhostInAJar"},{"floor":25,"key":"Weak Potion"},{"floor":31,"key":"Ancient Potion"},{"floor":37,"key":"AttackPotion"},{"floor":38,"key":"Dexterity Potion"},{"floor":46,"key":"Swift Potion"}],"is_trial":false}