{"gold_per_floor":[116,126,126,141,164,164,237,253,280,323,323,323,346,386,386,505,505,519,519,535,554,567,567,606,630,630,670,670,77,77,98,98,219,219,233,252,252,266,627,671,671,712,712,712,728,764,764,71,71,71],"floor_reached":50,"playtime":2552,"items_purged":["Injury","Strike_B"],"score":715,"play_id":"2dbb50bb-7b60-4a6b-9835-f122af179949","local_time":"20190418131130","is_ascension_mode":false,"campfire_choices":[{"data":"Zap","floor":6,"key":"SMITH"},{"floor":11,"key":"REST"},{"data":"Rainbow","floor":15,"key":"SMITH"},{"floor":23,"key":"REST"},{"floor":28,"key":"REST"},{"data":"White Noise","floor":30,"key":"SMITH"},{"floor":32,"key":"REST"},{"data":"Capacitor","floor":41,"key":"SMITH"},{"data":"Coolheaded","floor":44,"key":"SMITH"},{"floor":47,"key":"RECALL"},{"floor":49,"key":"REST"}],"neow_cost":"PERCENT_DAMAGE","seed_source_timestamp":11955526965991,"circlet_count":0,"master_deck":["Strike_B","Defend_B","Defend_B+1","Defend_B","Defend_B","Zap+1","Dualcast+1","Sweeping Beam","Rainbow+1","BootSequence","Compile Driver","All For One","Gash","Gash","Capacitor+1","Coolheaded+1","Meteor Strike","White Noise+1","Conserve Battery","Rebound","Master of Strategy","Self Repair","Rainbow","Hello World+1","Barrage+1","Gash+1","Gash","Tempest+1","Master of Strategy","Defragment","Chaos","BootSequence"],"relics":["Cracked Core","Golden Idol","Tiny Chest","Happy Flower","War Paint","Bronze Scales","Lantern","Busted Crown","PreservedInsect","Anchor","Mercury Hourglass","DataDisk","ClockworkSouvenir","Sozu","Old Coin","Bottled Tornado","Mango","Pear","Art of War","Meat on the Bone"],"potions_floor_usage":[10,10,14,31,50,50],"damage_taken":[{"damage":10,"enemies":"Small Slimes","floor":1,"turns":3},{"damage":0,"enemies":"Jaw Worm","floor":2,"turns":3},{"damage":0,"enemies":"Cultist","floor":4,"turns":3},{"damage":7,"enemies":"Large Slime","floor":5,"turns":6},{"damage":24,"enemies":"Gremlin Nob","floor":7,"turns":4},{"damage":0,"enemies":"2 Fungi Beasts","floor":8,"turns":2},{"damage":0,"enemies":"3 Sentries","floor":10,"turns":4},{"damage":0,"enemies":"Gremlin Nob","floor":14,"turns":3},{"damage":6,"enemies":"The Guardian","floor":16,"turns":10},{"damage":0,"enemies":"Chosen","floor":18,"turns":4},{"damage":16,"enemies":"Shell Parasite","floor":20,"turns":4},{"damage":24,"enemies":"Shelled Parasite and Fungi","floor":21,"turns":5},{"damage":30,"enemies":"Snecko","floor":22,"turns":5},{"damage":6,"enemies":"Gremlin Leader","floor":24,"turns":5},{"damage":5,"enemies":"Centurion and Healer","floor":25,"turns":6},{"damage":2,"enemies":"Slavers","floor":27,"turns":3},{"damage":13,"enemies":"Snake Plant","floor":31,"turns":4},{"damage":39,"enemies":"Collector","floor":33,"turns":7},{"damage":0,"enemies":"3 Shapes","floor":35,"turns":3},{"damage":14,"enemies":"3 Darklings","floor":36,"turns":4},{"damage":5,"enemies":"Spire Growth","floor":38,"turns":4},{"damage":9,"enemies":"2 Orb Walkers","floor":39,"turns":3},{"damage":46,"enemies":"Nemesis","floor":40,"turns":5},{"damage":22,"enemies":"Giant Head","floor":42,"turns":7},{"damage":11,"enemies":"Maw","floor":45,"turns":6},{"damage":11,"enemies":"Reptomancer","floor":46,"turns":5},{"damage":87,"enemies":"Awakened One","floor":50,"turns":6}],"seed_played":"-5712370366520089079","potions_obtained":[{"floor":1,"key":"SpeedPotion"},{"floor":5,"key":"SteroidPotion"},{"floor":7,"key":"SkillPotion"},{"floor":16,"key":"Poison Potion"},{"floor":18,"key":"FearPotion"},{"floor":31,"key":"SkillPotion"}],"is_trial":false,"path_per_floor":["M","M","?","M","M","R","E","M","T","E","R","?","T","E","R","B",null,"M","?","M","M","M","R","E","M","T","E","R","$","R","M","R","B",null,"M","M","?","M","?","E","R","E","T","R","M","E","R","$","R","B"],"character_chosen":"DEFECT","items_purchased":["ClockworkSouvenir","Fruit Juice","Rebound","Master of Strategy","Meat on the Bone","Master of Strategy","Defragment","Chaos","BootSequence"],"campfire_rested":5,"item_purchase_floors":[29,29,29,29,48,48,48,48,48],"current_hp_per_floor":[44,44,44,44,37,37,13,13,13,13,35,28,28,28,28,22,75,75,75,59,35,5,27,21,16,16,14,36,36,36,28,52,20,80,80,73,73,75,73,34,34,33,43,43,39,35,35,35,66,0],"gold":71,"neow_bonus":"TRANSFORM_TWO_CARDS","is_prod":false,"is_daily":false,"chose_seed":false,"campfire_upgraded":5,"win_rate":0,"timestamp":1555564290,"path_taken":["M","M","?","M","M","R","E","M","T","E","R","?","?","E","R","BOSS","M","?","M","?","M","R","E","M","T","E","R","$","R","M","R","BOSS","M","M","?","M","?","E","R","E","T","R","M","E","R","$","R","BOSS"],"build_version":"2019-01-23","purchased_purges":2,"victory":false,"max_hp_per_floor":[75,75,75,75,75,75,75,75,75,75,75,75,75,75,75,75,75,75,75,75,75,75,75,75,75,75,75,75,75,75,80,80,80,80,80,80,80,80,80,80,80,94,104,104,104,104,104,104,104,104],"card_choices":[{"not_picked":["Auto Shields","Beam Cell"],"picked":"BootSequence","floor":1},{"not_picked":["Barrage","Beam Cell","Go for the Eyes"],"picked":"SKIP","floor":2},{"not_picked":["Steam","Beam Cell"],"picked":"Compile Driver","floor":4},{"not_picked":["Barrage","Conserve Battery"],"picked":"All For One","floor":5},{"not_picked":["Streamline","Buffer"],"picked":"Gash","floor":7},{"not_picked":["Double Energy","Doom and Gloom"],"picked":"Gash","floor":8},{"not_picked":["Coolheaded","Steam"],"picked":"Capacitor","floor":10},{"not_picked":["Cold Snap","Steam"],"picked":"Coolheaded","floor":14},{"not_picked":["Multi-Cast","All For One"],"picked":"Meteor Strike","floor":16},{"not_picked":["Barrage"],"picked":"SKIP","floor":18},{"not_picked":[],"picked":"White Noise","floor":20},{"not_picked":[],"picked":"Conserve Battery","floor":21},{"not_picked":["Sweeping Beam"],"picked":"SKIP","floor":22},{"not_picked":["Hyperbeam"],"picked":"SKIP","floor":24},{"not_picked":["Lockon+1"],"picked":"SKIP","floor":25},{"not_picked":[],"picked":"Ball Lightning","floor":27},{"not_picked":[],"picked":"Self Repair","floor":31},{"not_picked":[],"picked":"Rainbow","floor":33},{"not_picked":[],"picked":"Hello World+1","floor":35},{"not_picked":[],"picked":"Barrage+1","floor":36},{"not_picked":[],"picked":"Gash+1","floor":38},{"not_picked":["Melter"],"picked":"SKIP","floor":40},{"not_picked":["Redo"],"picked":"SKIP","floor":42},{"not_picked":[],"picked":"Gash","floor":45},{"not_picked":[],"picked":"Tempest+1","floor":46}],"player_experience":437875,"relics_obtained":[{"floor":7,"key":"Tiny Chest"},{"floor":10,"key":"Happy Flower"},{"floor":13,"key":"Bronze Scales"},{"floor":14,"key":"Lantern"},{"floor":24,"key":"Anchor"},{"floor":26,"key":"Mercury Hourglass"},{"floor":27,"key":"DataDisk"},{"floor":39,"key":"Old Coin"},{"floor":40,"key":"Bottled Tornado"},{"floor":42,"key":"Mango"},{"floor":43,"key":"Pear"},{"floor":46,"key":"Art of War"}],"event_choices":[{"damage_healed":0,"gold_gain":0,"player_choice":"Take Wound","damage_taken":0,"relics_obtained":["Golden Idol"],"max_hp_gain":0,"max_hp_loss":0,"event_name":"Golden Idol","floor":3,"gold_loss":0,"cards_obtained":["Injury"]},{"damage_healed":0,"gold_gain":0,"player_choice":"Success","damage_taken":7,"relics_obtained":["War Paint"],"max_hp_gain":0,"max_hp_loss":0,"event_name":"Scrap Ooze","floor":12,"gold_loss":0},{"damage_healed":0,"gold_gain":0,"player_choice":"Gave Potion","damage_taken":0,"relics_obtained":["PreservedInsect"],"max_hp_gain":0,"max_hp_loss":0,"event_name":"WeMeetAgain","floor":19,"gold_loss":0},{"cards_removed":["Ball Lightning"],"damage_healed":0,"gold_gain":0,"player_choice":"Removed Attack","damage_taken":0,"max_hp_gain":0,"max_hp_loss":0,"event_name":"Falling","floor":37,"gold_loss":0},{"damage_healed":0,"gold_gain":0,"player_choice":"Fight","damage_taken":0,"max_hp_gain":0,"max_hp_loss":0,"event_name":"Mysterious Sphere","floor":39,"gold_loss":0}],"is_beta":false,"boss_relics":[{"not_picked":["Lizard Tail","Nuclear Battery"],"picked":"Busted Crown"},{"not_picked":["Black Star","Orrery"],"picked":"Sozu"}],"items_purged_floors":[29,48],"is_endless":false,"potions_floor_spawned":[1,5,7,16,18,31,35,38,42,46],"killed_by":"Awakened One","ascension_level":0}