{"gold_per_floor":[218,218,236,256,266,266,280,280,359,390,390,419,13,26,26,100,100,114,132,132,132,142,142,87,87,111,144,144,160,160,186,186,260,260,272,287,9,25,25,25,25],"floor_reached":41,"playtime":2193,"items_purged":["Strike_R"],"score":982,"play_id":"e9c4708e-f44b-424a-846e-cda2c5276259","local_time":"20190512141524","is_ascension_mode":true,"campfire_choices":[{"data":"Sword Boomerang","floor":6,"key":"SMITH"},{"data":"Flex","floor":8,"key":"SMITH"},{"data":"Immolate","floor":15,"key":"SMITH"},{"floor":23,"key":"REST"},{"data":"Thunderclap","floor":25,"key":"SMITH"},{"data":"Sword Boomerang","floor":28,"key":"SMITH"},{"floor":30,"key":"REST"},{"data":"Feel No Pain","floor":32,"key":"SMITH"},{"data":"Barricade","floor":40,"key":"SMITH"}],"neow_cost":"NONE","seed_source_timestamp":531975604070700,"circlet_count":0,"master_deck":["AscendersBane","Strike_R","Strike_R","Strike_R","Strike_R","Defend_R","Defend_R+1","Defend_R+1","Defend_R","Bash+1","Sword Boomerang+1","Sword Boomerang+1","Flex+1","Cleave","Immolate+1","Disarm+1","Feel No Pain+1","Shrug It Off+1","Offering+1","Feel No Pain+1","Thunderclap+1","J.A.X.+1","Warcry+1","Shrug It Off+1","Exhume+1","True Grit+1","Reaper","True Grit+1","Flame Barrier+1","Barricade+1"],"relics":["Burning Blood","Toxic Egg 2","Pocketwatch","White Beast Statue","Nloth\u0027s Gift","Ancient Tea Set","Pear","Oddly Smooth Stone","Mark of Pain","Bottled Lightning"],"potions_floor_usage":[10,10,31,33,41,41,41,41],"damage_taken":[{"damage":3,"enemies":"2 Louse","floor":1,"turns":4},{"damage":4,"enemies":"Jaw Worm","floor":3,"turns":4},{"damage":1,"enemies":"Cultist","floor":4,"turns":3},{"damage":16,"enemies":"Exordium Wildlife","floor":5,"turns":4},{"damage":12,"enemies":"2 Fungi Beasts","floor":7,"turns":4},{"damage":26,"enemies":"Lagavulin","floor":10,"turns":5},{"damage":20,"enemies":"3 Sentries","floor":12,"turns":5},{"damage":8,"enemies":"3 Louse","floor":14,"turns":3},{"damage":7,"enemies":"The Guardian","floor":16,"turns":10},{"damage":6,"enemies":"3 Byrds","floor":18,"turns":3},{"damage":14,"enemies":"2 Thieves","floor":19,"turns":2},{"damage":31,"enemies":"Chosen and Byrds","floor":22,"turns":5},{"damage":14,"enemies":"Slavers","floor":27,"turns":2},{"damage":14,"enemies":"Snake Plant","floor":29,"turns":5},{"damage":28,"enemies":"Book of Stabbing","floor":31,"turns":3},{"damage":18,"enemies":"Champ","floor":33,"turns":9},{"damage":6,"enemies":"Orb Walker","floor":35,"turns":3},{"damage":8,"enemies":"3 Shapes","floor":36,"turns":10},{"damage":19,"enemies":"Writhing Mass","floor":38,"turns":9},{"damage":102,"enemies":"Giant Head","floor":41,"turns":9}],"seed_played":"-5447219383225176428","potions_obtained":[{"floor":1,"key":"Dexterity Potion"},{"floor":5,"key":"Energy Potion"},{"floor":14,"key":"FairyPotion"},{"floor":16,"key":"SteroidPotion"},{"floor":18,"key":"Explosive Potion"},{"floor":27,"key":"SteroidPotion"},{"floor":31,"key":"SpeedPotion"},{"floor":33,"key":"FearPotion"},{"floor":38,"key":"EntropicBrew"}],"is_trial":false,"path_per_floor":["M","?","M","M","M","R","M","R","T","E","?","E","$","M","R","B",null,"M","M","?","?","M","R","$","R","T","E","R","M","R","E","R","B",null,"M","M","$","M","?","R","E"],"character_chosen":"IRONCLAD","items_purchased":["Immolate","Disarm+1","Feel No Pain","Shrug It Off+1","Bottled Lightning"],"campfire_rested":2,"item_purchase_floors":[13,13,13,24,37],"current_hp_per_floor":[71,71,73,75,65,65,59,59,59,39,44,30,30,28,28,27,67,67,59,59,59,34,58,58,58,58,60,60,52,79,57,57,45,79,79,90,90,77,77,77,0],"gold":25,"neow_bonus":"HUNDRED_GOLD","is_prod":false,"is_daily":false,"chose_seed":false,"campfire_upgraded":7,"win_rate":0,"timestamp":1557638124,"path_taken":["M","?","M","M","M","R","M","R","T","E","?","E","$","M","R","BOSS","M","M","?","?","?","R","$","R","T","E","R","M","R","E","R","BOSS","M","M","$","M","?","R","E"],"build_version":"2019-01-23","purchased_purges":1,"victory":false,"max_hp_per_floor":[75,75,75,75,75,75,75,75,75,75,80,80,80,80,80,80,80,80,80,80,80,80,80,80,80,80,90,90,90,90,90,90,90,90,90,90,90,90,85,85,85],"card_choices":[{"not_picked":["Second Wind","Searing Blow"],"picked":"Sword Boomerang","floor":1},{"not_picked":["Rupture","Iron Wave","Flex"],"picked":"SKIP","floor":3},{"not_picked":["Intimidate","Body Slam","Wild Strike"],"picked":"SKIP","floor":4},{"not_picked":["Flex","Heavy Blade"],"picked":"Sword Boomerang","floor":5},{"not_picked":["Havoc","Corruption"],"picked":"Flex","floor":7},{"not_picked":["Iron Wave","Combust"],"picked":"Cleave","floor":10},{"not_picked":["Rupture","Brutality","Clash"],"picked":"SKIP","floor":12},{"not_picked":["Sentinel+1","Sword Boomerang"],"picked":"Shrug It Off+1","floor":14},{"not_picked":["Dark Embrace","Bludgeon"],"picked":"Offering+1","floor":16},{"not_picked":["Warcry+1","Combust"],"picked":"Feel No Pain+1","floor":18},{"not_picked":["Anger","Feel No Pain"],"picked":"Thunderclap","floor":19},{"not_picked":["Body Slam","Perfected Strike"],"picked":"Warcry+1","floor":22},{"not_picked":["Headbutt+1","Thunderclap"],"picked":"Exhume+1","floor":27},{"not_picked":["Perfected Strike","Anger","Wild Strike"],"picked":"SKIP","floor":29},{"not_picked":["Shrug It Off+1","Battle Trance+1"],"picked":"True Grit+1","floor":31},{"not_picked":["Immolate","Demon Form"],"picked":"Reaper","floor":33},{"not_picked":["Rupture+1","Dropkick"],"picked":"True Grit+1","floor":35},{"not_picked":["Power Through+1","Cleave"],"picked":"Flame Barrier+1","floor":36},{"not_picked":["Entrench+1","Infernal Blade+1"],"picked":"Barricade","floor":38}],"player_experience":1350987,"relics_obtained":[{"floor":9,"key":"Toxic Egg 2"},{"floor":10,"key":"Pocketwatch"},{"floor":12,"key":"War Paint"},{"floor":26,"key":"Ancient Tea Set"},{"floor":27,"key":"Pear"},{"floor":31,"key":"Oddly Smooth Stone"}],"event_choices":[{"damage_healed":0,"gold_gain":0,"player_choice":"Grow","damage_taken":0,"max_hp_gain":0,"max_hp_loss":0,"event_name":"Living Wall","floor":2,"gold_loss":0,"cards_upgraded":["Bash"]},{"damage_healed":0,"gold_gain":0,"player_choice":"Donut","damage_taken":0,"max_hp_gain":5,"max_hp_loss":0,"event_name":"Big Fish","floor":11,"gold_loss":0},{"damage_healed":0,"gold_gain":0,"player_choice":"Obtain J.A.X.","damage_taken":0,"max_hp_gain":0,"max_hp_loss":0,"event_name":"Drug Dealer","floor":20,"gold_loss":0,"cards_obtained":["J.A.X."]},{"damage_healed":0,"gold_gain":0,"player_choice":"Traded Relic","damage_taken":0,"relics_obtained":["Nloth\u0027s Gift"],"max_hp_gain":0,"max_hp_loss":0,"event_name":"N\u0027loth","floor":21,"relics_lost":["War Paint"],"gold_loss":0},{"damage_healed":0,"gold_gain":0,"player_choice":"Max HP","damage_taken":0,"max_hp_gain":0,"max_hp_loss":5,"event_name":"Winding Halls","floor":39,"gold_loss":0}],"is_beta":false,"boss_relics":[{"not_picked":["Runic Cube","Runic Dome"],"picked":"White Beast Statue"},{"not_picked":["Runic Pyramid","Sozu"],"picked":"Mark of Pain"}],"items_purged_floors":[13],"is_endless":false,"potions_floor_spawned":[1,5,7,14,16,18,19,22,27,29,31,33,35,36,38],"killed_by":"Giant Head","ascension_level":20}