{"gold_per_floor":[110,35,35,45,63,63,92,92,174,207,207,217,6,21,21,96,96,109,109,109,19,33,68,68,21,21,32,50,50,75,95,95,95],"floor_reached":33,"playtime":2306,"items_purged":["Strike_R"],"score":615,"play_id":"b35bcf33-f41d-414f-8d02-ac103dc5eb54","local_time":"20190429212353","is_ascension_mode":true,"campfire_choices":[{"data":"Bash","floor":6.0,"key":"SMITH"},{"data":"Whirlwind","floor":8.0,"key":"SMITH"},{"data":"Armaments","floor":15,"key":"SMITH"},{"data":"Shockwave","floor":24,"key":"SMITH"},{"data":"Inflame","floor":29,"key":"SMITH"},{"data":"Clothesline","floor":32,"key":"SMITH"}],"neow_cost":"NONE","seed_source_timestamp":57000193110600,"circlet_count":0,"master_deck":["AscendersBane","Defend_R+1","Defend_R","Defend_R","Defend_R+1","Bash+1","Spot Weakness","Sword Boomerang","Inflame+1","Whirlwind+1","Feed","Armaments+1","Reaper","Bite","Bite","Bite","Bite","Bite","Shrug It Off","Clothesline+1","Shockwave+1","True Grit","Headbutt"],"special_seed":0,"relics":["Burning Blood","War Paint","Omamori","The Courier","Boot","Ancient Tea Set","Cursed Key","Centennial Puzzle","Pantograph","Bottled Tornado"],"potions_floor_usage":[12,16,16,23,33],"damage_taken":[{"damage":2.0,"enemies":"Jaw Worm","floor":1.0,"turns":5.0},{"damage":6.0,"enemies":"2 Louse","floor":4.0,"turns":4.0},{"damage":0.0,"enemies":"Small Slimes","floor":5.0,"turns":3.0},{"damage":19.0,"enemies":"Lagavulin","floor":7.0,"turns":7.0},{"damage":32.0,"enemies":"Gremlin Nob","floor":10.0,"turns":4.0},{"damage":6,"enemies":"Exordium Wildlife","floor":12,"turns":2},{"damage":1,"enemies":"Exordium Thugs","floor":14,"turns":3},{"damage":14,"enemies":"Slime Boss","floor":16,"turns":10},{"damage":0,"enemies":"3 Byrds","floor":18,"turns":4},{"damage":20,"enemies":"Chosen","floor":22,"turns":6},{"damage":39,"enemies":"Gremlin Leader","floor":23,"turns":7},{"damage":29,"enemies":"Shelled Parasite and Fungi","floor":27,"turns":9},{"damage":9,"enemies":"Centurion and Healer","floor":28,"turns":7},{"damage":50,"enemies":"Book of Stabbing","floor":30,"turns":6},{"damage":12,"enemies":"Snake Plant","floor":31,"turns":3},{"damage":133,"enemies":"Champ","floor":33,"turns":17}],"seed_played":"-7613612659282162521","potions_obtained":[{"floor":1.0,"key":"Energy Potion"},{"floor":7.0,"key":"SkillPotion"},{"floor":12,"key":"SpeedPotion"},{"floor":18,"key":"SkillPotion"},{"floor":28,"key":"GamblersBrew"}],"is_trial":false,"path_per_floor":["M","?","?","M","M","R","E","R","T","E","?","M","$","M","R","B",null,"M","?","?","$","M","E","R","$","T","M","M","R","E","M","R","B"],"character_chosen":"IRONCLAD","items_purchased":["Ancient Tea Set","Armaments","Shrug It Off","Clothesline","True Grit"],"campfire_rested":0,"item_purchase_floors":[13,13,21,21,25],"current_hp_per_floor":[72,72,72,72,75,75,62,62,62,36,41,41,41,49,49,45,77,90,90,63,63,57,34,34,34,34,41,55,55,25,37,37,0],"gold":95,"neow_bonus":"RANDOM_COMMON_RELIC","is_prod":false,"is_daily":false,"chose_seed":false,"campfire_upgraded":6,"win_rate":0,"timestamp":1556540633,"path_taken":["M","?","?","M","M","R","E","R","T","E","?","M","?","?","R","BOSS","M","?","?","?","M","E","R","$","T","?","M","R","E","M","R","BOSS"],"build_version":"2019-01-23","purchased_purges":1,"victory":false,"max_hp_per_floor":[75,75,75,75,75,75,75,75,75,75,80,80,80,83,83,87,87,90,90,63,63,63,63,63,63,63,67,70,70,70,73,73,73],"card_choices":[{"not_picked":["Entrench","Thunderclap"],"picked":"Spot Weakness","floor":1.0},{"not_picked":["Infernal Blade","Entrench"],"picked":"Sword Boomerang","floor":4.0},{"not_picked":["Havoc","Entrench"],"picked":"Inflame","floor":5.0},{"not_picked":["Warcry","Entrench"],"picked":"Whirlwind","floor":7.0},{"not_picked":["Pommel Strike","Body Slam","Warcry"],"picked":"SKIP","floor":10.0},{"not_picked":["True Grit","Flame Barrier"],"picked":"Feed","floor":12},{"not_picked":["Body Slam","Sword Boomerang","Cleave"],"picked":"SKIP","floor":14},{"not_picked":["Bludgeon","Brutality"],"picked":"Reaper","floor":16},{"not_picked":["Body Slam","Blood for Blood","Rupture"],"picked":"SKIP","floor":18},{"not_picked":["Twin Strike","Heavy Blade","Anger"],"picked":"SKIP","floor":22},{"not_picked":["Bloodletting","Exhume"],"picked":"Shockwave","floor":23},{"not_picked":["Warcry","Rampage"],"picked":"Headbutt","floor":27},{"not_picked":["Clothesline+1","Entrench","Heavy Blade"],"picked":"SKIP","floor":28},{"not_picked":["Rupture+1","Headbutt","Entrench"],"picked":"SKIP","floor":30},{"not_picked":["Cleave","Spot Weakness","Anger"],"picked":"SKIP","floor":31}],"player_experience":1146584,"relics_obtained":[{"floor":7.0,"key":"Omamori"},{"floor":9.0,"key":"The Courier"},{"floor":10.0,"key":"Boot"},{"floor":23,"key":"Centennial Puzzle"},{"floor":26,"key":"Pantograph"},{"floor":30,"key":"Bottled Tornado"}],"event_choices":[{"cards_removed":["Strike_R"],"damage_healed":0.0,"max_hp_gain":0.0,"max_hp_loss":0.0,"gold_gain":0.0,"event_name":"The Cleric","player_choice":"Card Removal","floor":2.0,"gold_loss":75.0,"damage_taken":0.0},{"damage_healed":0.0,"max_hp_gain":0.0,"max_hp_loss":0.0,"gold_gain":0.0,"event_name":"Liars Game","player_choice":"Ignored","floor":3.0,"gold_loss":0.0,"damage_taken":0.0},{"damage_healed":0.0,"max_hp_gain":5.0,"max_hp_loss":0.0,"gold_gain":0.0,"event_name":"Big Fish","player_choice":"Donut","floor":11.0,"gold_loss":0.0,"damage_taken":0.0},{"damage_healed":0,"gold_gain":0,"player_choice":"Ignored","damage_taken":0,"max_hp_gain":0,"max_hp_loss":0,"event_name":"The Mausoleum","floor":19,"gold_loss":0},{"damage_healed":0,"gold_gain":0,"player_choice":"Became a vampire","damage_taken":0,"max_hp_gain":0,"max_hp_loss":27,"event_name":"Vampires","floor":20,"gold_loss":0,"cards_obtained":["Bite","Bite","Bite","Bite","Bite"]}],"is_beta":false,"boss_relics":[{"not_picked":["Pandora\u0027s Box","Sozu"],"picked":"Cursed Key"}],"items_purged_floors":[13],"is_endless":false,"potions_floor_spawned":[1,7,12,18,28],"killed_by":"Champ","ascension_level":20}