{"gold_per_floor":[118,118,118,118,6,6,6,6,6,6,6,31,45,78,78,169,169,189,189,20,20,20,20,55,55,136,172,195,220,10,10,10,105,105,121,246,246,246,304,337,353,396,419,419,457,471,490,510,510,510,510,510,510,48,79,79],"floor_reached":56,"playtime":4179,"items_purged":["Strike_B"],"score":2134,"play_id":"98d97e2f-9570-41c1-8627-433ea85cac46","local_time":"20190511160509","is_ascension_mode":true,"campfire_choices":[{"data":"1","floor":6,"key":"LIFT"},{"data":"2","floor":8,"key":"LIFT"},{"data":"3","floor":10,"key":"LIFT"},{"floor":15,"key":"REST"},{"data":"Conserve Battery","floor":23,"key":"SMITH"},{"floor":25,"key":"REST"},{"floor":32,"key":"REST"},{"floor":44,"key":"RECALL"},{"floor":49,"key":"REST"},{"floor":53,"key":"REST"}],"neow_cost":"NONE","seed_source_timestamp":367624122409616,"circlet_count":0,"master_deck":["AscendersBane","Strike_B","Defend_B","Defend_B","Defend_B","Sweeping Beam+1","Self Repair","Compile Driver","Conserve Battery+1","Echo Form","Seek","Cold Snap","Machine Learning","Seek","Rip and Tear+1","Sweeping Beam","Steam","Go for the Eyes+1","Fiend Fire","Armaments","Juggernaut","Leg Sweep+1","Echo Form","Rebound","Noxious Fumes+1","Core Surge","Secret Technique"],"relics":["Philosopher\u0027s Stone","Girya","Golden Idol","Vajra","Runic Pyramid","PreservedInsect","Bag of Preparation","Meat on the Bone","Strawberry","PrismaticShard","Fusion Hammer","Ice Cream","Bird Faced Urn","Blue Candle","Orichalcum","Ancient Tea Set","Ginger","Runic Capacitor","Bag of Marbles"],"potions_floor_usage":[18,24,56,56],"damage_taken":[{"damage":0,"enemies":"Cultist","floor":1,"turns":4},{"damage":3,"enemies":"2 Louse","floor":12,"turns":2},{"damage":3,"enemies":"Jaw Worm","floor":13,"turns":3},{"damage":34,"enemies":"Gremlin Nob","floor":14,"turns":4},{"damage":0,"enemies":"Slime Boss","floor":16,"turns":7},{"damage":30,"enemies":"3 Byrds","floor":18,"turns":4},{"damage":38,"enemies":"Book of Stabbing","floor":24,"turns":5},{"damage":0,"enemies":"Gremlin Leader","floor":27,"turns":4},{"damage":12,"enemies":"Shell Parasite","floor":28,"turns":4},{"damage":1,"enemies":"3 Cultists","floor":29,"turns":4},{"damage":6,"enemies":"Automaton","floor":33,"turns":7},{"damage":12,"enemies":"3 Shapes","floor":35,"turns":7},{"damage":0,"enemies":"Mind Bloom Boss Battle","floor":36,"turns":3},{"damage":28,"enemies":"2 Orb Walkers","floor":39,"turns":4},{"damage":0,"enemies":"Giant Head","floor":40,"turns":6},{"damage":0,"enemies":"Orb Walker","floor":41,"turns":3},{"damage":3,"enemies":"Reptomancer","floor":42,"turns":4},{"damage":0,"enemies":"Nemesis","floor":45,"turns":3},{"damage":0,"enemies":"Maw","floor":46,"turns":5},{"damage":4,"enemies":"3 Darklings","floor":47,"turns":4},{"damage":15,"enemies":"Transient","floor":48,"turns":6},{"damage":22,"enemies":"Awakened One","floor":50,"turns":10},{"damage":26,"enemies":"Time Eater","floor":51,"turns":9},{"damage":53,"enemies":"Shield and Spear","floor":55,"turns":6},{"damage":74,"enemies":"The Heart","floor":56,"turns":3}],"seed_played":"8278637284571720506","potions_obtained":[{"floor":12,"key":"LiquidBronze"},{"floor":13,"key":"AttackPotion"},{"floor":16,"key":"FocusPotion"},{"floor":24,"key":"Fire Potion"},{"floor":28,"key":"Ancient Potion"},{"floor":29,"key":"Weak Potion"},{"floor":40,"key":"PowerPotion"}],"is_trial":false,"path_per_floor":["M","T","?","$","$","R","?","R","T","R","?","M","M","E","R","B",null,"M","?","$","?","$","R","E","R","T","E","M","M","$","?","R","B",null,"M","?","?","?","?","E","M","E","T","R","E","M","M","M","R","B","B",null,"R","$","E","B"],"character_chosen":"DEFECT","items_purchased":["Self Repair","PreservedInsect","PrismaticShard","Secret Technique","PowerPotion","Runic Capacitor"],"campfire_rested":5,"item_purchase_floors":[5,20,30,54,54,54],"current_hp_per_floor":[64,64,40,40,40,40,40,40,40,40,33,37,41,14,35,42,64,48,48,48,48,48,48,24,45,45,66,68,78,78,56,80,81,83,83,83,79,79,58,75,79,79,79,79,79,79,79,79,79,79,79,79,79,79,60,0],"gold":79,"neow_bonus":"BOSS_RELIC","is_prod":false,"is_daily":false,"chose_seed":false,"campfire_upgraded":1,"win_rate":0,"timestamp":1557615909,"path_taken":["M","?","?","?","$","R","?","R","T","R","?","M","M","E","R","BOSS","M","?","$","?","$","R","E","R","T","E","M","?","?","?","R","BOSS","M","?","?","?","?","E","M","E","T","R","E","M","M","M","R","BOSS","BOSS","R","$","E","BOSS"],"build_version":"2019-05-07","purchased_purges":1,"victory":false,"max_hp_per_floor":[71,71,71,71,71,71,71,71,71,71,71,71,71,71,71,71,71,71,71,71,71,71,71,71,71,71,78,78,78,78,83,83,83,83,83,83,79,79,79,79,79,79,79,79,79,79,79,79,79,79,79,79,79,79,79,79],"card_choices":[{"not_picked":["Beam Cell","Stack"],"picked":"Sweeping Beam","floor":1},{"not_picked":["Hello World","Leap"],"picked":"Compile Driver","floor":12},{"not_picked":["Capacitor","Turbo"],"picked":"Conserve Battery","floor":13},{"not_picked":["Go for the Eyes","Barrage"],"picked":"Echo Form","floor":14},{"not_picked":["Machine Learning","Reboot"],"picked":"Seek","floor":16},{"not_picked":["Stack","Force Field+1"],"picked":"Cold Snap","floor":18},{"not_picked":["Leap","Turbo"],"picked":"Rip and Tear+1","floor":24},{"not_picked":["Chaos","Turbo"],"picked":"Sweeping Beam","floor":27},{"not_picked":["Cold Snap","Sweeping Beam+1"],"picked":"Steam","floor":28},{"not_picked":["Hello World","Compile Driver"],"picked":"Go for the Eyes+1","floor":29},{"not_picked":["Dark Embrace","Core Surge"],"picked":"Fiend Fire","floor":33},{"not_picked":["Outmaneuver","Perfected Strike+1","Sword Boomerang"],"picked":"SKIP","floor":35},{"not_picked":["Perfected Strike","Cleave"],"picked":"Armaments","floor":36},{"not_picked":["Perfected Strike","Conserve Battery+1"],"picked":"Juggernaut","floor":39},{"not_picked":["Dagger Spray","Twin Strike"],"picked":"Leg Sweep+1","floor":40},{"not_picked":["Flying Knee","Iron Wave","Underhanded Strike+1"],"picked":"SKIP","floor":41},{"not_picked":["Acrobatics","All Out Attack+1","Reflex"],"picked":"SKIP","floor":42},{"not_picked":["Shrug It Off","Terror"],"picked":"Echo Form","floor":45},{"not_picked":["Warcry","Evolve"],"picked":"Rebound","floor":46},{"not_picked":["Rebound","Conserve Battery"],"picked":"Noxious Fumes+1","floor":47},{"not_picked":["Spot Weakness+1","Hologram"],"picked":"Core Surge","floor":48},{"not_picked":["Turbo+1","Wild Strike+1","Impatience"],"picked":"SKIP","floor":55}],"player_experience":6371306,"relics_obtained":[{"floor":2,"key":"Girya"},{"floor":14,"key":"Vajra"},{"floor":24,"key":"Bag of Preparation"},{"floor":26,"key":"Meat on the Bone"},{"floor":27,"key":"Strawberry"},{"floor":36,"key":"Ice Cream"},{"floor":39,"key":"Bird Faced Urn"},{"floor":40,"key":"Blue Candle"},{"floor":42,"key":"Orichalcum"},{"floor":43,"key":"Ancient Tea Set"},{"floor":45,"key":"Ginger"},{"floor":55,"key":"Bag of Marbles"}],"event_choices":[{"damage_healed":0,"gold_gain":0,"player_choice":"Take Damage","damage_taken":24,"relics_obtained":["Golden Idol"],"max_hp_gain":0,"max_hp_loss":0,"event_name":"Golden Idol","floor":3,"gold_loss":0},{"damage_healed":0,"gold_gain":0,"player_choice":"Grow","damage_taken":0,"max_hp_gain":0,"max_hp_loss":0,"event_name":"Living Wall","floor":7,"gold_loss":0,"cards_upgraded":["Sweeping Beam"]},{"cards_removed":["Dualcast"],"damage_healed":0,"gold_gain":0,"player_choice":"Card Removal","damage_taken":7,"max_hp_gain":0,"max_hp_loss":0,"event_name":"Golden Wing","floor":11,"gold_loss":0},{"damage_healed":0,"gold_gain":0,"cards_transformed":["Strike_B","Strike_B"],"player_choice":"Became Test Subject","damage_taken":0,"max_hp_gain":0,"max_hp_loss":0,"event_name":"Drug Dealer","floor":19,"gold_loss":0,"cards_obtained":["Machine Learning","Seek"]},{"cards_removed":["Defend_B"],"damage_healed":0,"gold_gain":0,"player_choice":"Purged","damage_taken":0,"max_hp_gain":0,"max_hp_loss":0,"event_name":"Purifier","floor":21,"gold_loss":0},{"damage_healed":0,"gold_gain":0,"player_choice":"Shed Blood","damage_taken":27,"max_hp_gain":5,"max_hp_loss":0,"event_name":"Forgotten Altar","floor":31,"gold_loss":0},{"damage_healed":0,"gold_gain":0,"player_choice":"Fight","damage_taken":0,"max_hp_gain":0,"max_hp_loss":0,"event_name":"MindBloom","floor":36,"gold_loss":0},{"damage_healed":0,"gold_gain":0,"player_choice":"Max HP","damage_taken":0,"max_hp_gain":0,"max_hp_loss":4,"event_name":"Winding Halls","floor":37,"gold_loss":0},{"cards_removed":["Zap"],"damage_healed":0,"gold_gain":0,"player_choice":"Removed Skill","damage_taken":0,"max_hp_gain":0,"max_hp_loss":0,"event_name":"Falling","floor":38,"gold_loss":0},{"damage_healed":0,"gold_gain":0,"player_choice":"Fight","damage_taken":0,"max_hp_gain":0,"max_hp_loss":0,"event_name":"Mysterious Sphere","floor":39,"gold_loss":0}],"is_beta":true,"boss_relics":[{"not_picked":["Ectoplasm","Calling Bell"],"picked":"Runic Pyramid"},{"not_picked":["Orrery","Velvet Choker"],"picked":"Fusion Hammer"}],"items_purged_floors":[5],"is_endless":false,"potions_floor_spawned":[12,13,16,24,28,29,36,40,41,42,46],"killed_by":"The Heart","ascension_level":20}