{"gold_per_floor":[112,37,54,72,72,103,103,123,177,206,206,236,236,136,136,237,237,257,271,288,163,0,0,0],"floor_reached":24,"playtime":1041,"items_purged":["Strike_B","Decay","Strike_B"],"score":214,"play_id":"b2829825-d661-4823-9938-55d72104a6c7","local_time":"20180819121405","is_ascension_mode":false,"campfire_choices":[{"data":"Zap","floor":7,"key":"SMITH"},{"floor":11,"key":"REST"},{"data":"Hologram","floor":13,"key":"SMITH"},{"data":"Ball Lightning","floor":15,"key":"SMITH"},{"floor":23,"key":"REST"}],"neow_cost":"NONE","seed_source_timestamp":95418591809769,"circlet_count":0,"master_deck":["Strike_B","Strike_B","Defend_B","Defend_B","Defend_B","Defend_B","Zap+1","Dualcast","Go for the Eyes","Hologram+1","Melter","Ball Lightning+1","Reboot","Echo Form","Rebound","Capacitor+1","Aggregate+1"],"relics":["Cracked Core","Blue Candle","Anchor","Regal Pillow","Potion Belt","Philosopher\u0027s Stone"],"potions_floor_usage":[6,10,12,16],"damage_taken":[{"damage":0,"enemies":"Jaw Worm","floor":1,"turns":3},{"damage":0,"enemies":"Cultist","floor":3,"turns":3},{"damage":0,"enemies":"Small Slimes","floor":4,"turns":2},{"damage":27,"enemies":"Gremlin Nob","floor":6,"turns":4},{"damage":4,"enemies":"2 Fungi Beasts","floor":8,"turns":3},{"damage":27,"enemies":"3 Sentries","floor":10,"turns":5},{"damage":14,"enemies":"Lagavulin","floor":12,"turns":4},{"damage":17,"enemies":"The Guardian","floor":16,"turns":9},{"damage":27,"enemies":"2 Thieves","floor":18,"turns":3},{"damage":0,"enemies":"Spheric Guardian","floor":19,"turns":2},{"damage":23,"enemies":"Centurion and Healer","floor":20,"turns":7},{"damage":69,"enemies":"3 Cultists","floor":24,"turns":4}],"seed_played":"-4107315520829724636","potions_obtained":[{"floor":3,"key":"SpeedPotion"},{"floor":4,"key":"Weak Potion"},{"floor":8,"key":"AttackPotion"},{"floor":12,"key":"Dexterity Potion"},{"floor":19,"key":"Strength Potion"}],"is_trial":false,"path_per_floor":["M","$","M","M","?","E","R","M","T","E","R","E","R","$","R","B",null,"M","M","M","$","?","R"],"character_chosen":"DEFECT","items_purchased":[],"campfire_rested":2,"item_purchase_floors":[],"current_hp_per_floor":[75,75,75,75,75,48,48,44,44,17,54,40,40,40,40,23,75,48,48,25,25,25,62,0],"gold":0,"neow_bonus":"THREE_CARDS","is_prod":false,"is_daily":false,"chose_seed":false,"campfire_upgraded":3,"win_rate":0,"timestamp":1534652045,"path_taken":["M","$","M","M","?","E","R","M","T","E","R","E","R","$","R","BOSS","M","M","M","$","?","R","?"],"build_version":"2018-08-16","purchased_purges":3,"victory":false,"max_hp_per_floor":[75,75,75,75,75,75,75,75,75,75,75,75,75,75,75,75,75,75,75,75,75,75,75,75],"card_choices":[{"not_picked":["Leap","Loop"],"picked":"Go for the Eyes","floor":0},{"not_picked":["Self Repair","Undo"],"picked":"Hologram","floor":1},{"not_picked":["Storm","Leap"],"picked":"Melter","floor":3},{"not_picked":["Go for the Eyes","Steam"],"picked":"Ball Lightning","floor":4},{"not_picked":["Tempest","Sweeping Beam","Consume"],"picked":"SKIP","floor":6},{"not_picked":["Sweeping Beam","Auto Shields","Stack"],"picked":"SKIP","floor":8},{"not_picked":["Stack","Rip and Tear","Ball Lightning"],"picked":"SKIP","floor":10},{"not_picked":["Chill","Barrage"],"picked":"Reboot","floor":12},{"not_picked":["Fission","Amplify"],"picked":"Echo Form","floor":16},{"not_picked":["Go for the Eyes","Leap+1"],"picked":"Rebound","floor":18},{"not_picked":["BootSequence","Ball Lightning"],"picked":"Capacitor+1","floor":19},{"not_picked":["Stack","Double Energy"],"picked":"Aggregate+1","floor":20}],"player_experience":315126,"relics_obtained":[{"floor":6,"key":"Blue Candle"},{"floor":9,"key":"Anchor"},{"floor":10,"key":"Regal Pillow"},{"floor":12,"key":"Potion Belt"}],"event_choices":[{"event_name":"Wheel of Change","player_choice":"Curse","floor":5,"damage_taken":0},{"event_name":"Masked Bandits","player_choice":"Paid Fearfully","floor":22,"damage_taken":0}],"is_beta":false,"boss_relics":[{"not_picked":["White Beast Statue","Coffee Dripper"],"picked":"Philosopher\u0027s Stone"}],"items_purged_floors":[2,14,21],"is_endless":false,"potions_floor_spawned":[3,4,8,12,19],"killed_by":"3 Cultists","ascension_level":0}