{"gold_per_floor":[112,112,122,134,209,209,243,243,243,243,243,88,88,108,108,210,210,224,224,242,70,70,70,89,89,89,114,114],"floor_reached":28,"playtime":955,"items_purged":["Strike_G","Strike_G"],"score":351,"play_id":"420040df-eecd-4dcf-8bee-7d185e50cfb1","local_time":"20190325120049","is_ascension_mode":true,"campfire_choices":[{"data":"Cloak And Dagger","floor":6,"key":"SMITH"},{"floor":8,"key":"REST"},{"floor":10,"key":"REST"},{"data":"Crippling Poison","floor":15,"key":"SMITH"},{"data":"Crippling Poison","floor":23,"key":"SMITH"},{"data":"Noxious Fumes","floor":25,"key":"SMITH"}],"neow_cost":"NONE","seed_source_timestamp":51091770907707,"circlet_count":0,"master_deck":["AscendersBane","Defend_G","Defend_G","Defend_G","Defend_G","Strike_G","Strike_G","Survivor","Neutralize","Deadly Poison","Cloak And Dagger+1","After Image","Footwork+1","Noxious Fumes+1","Crippling Poison+1","Adrenaline","Deadly Poison","Skewer","Backflip","Crippling Poison+1"],"relics":["Ring of the Snake","NeowsBlessing","Torii","Prayer Wheel","Velvet Choker","Omamori","Pantograph","Singing Bowl"],"potions_floor_usage":[16,16,27],"damage_taken":[{"damage":0,"enemies":"2 Louse","floor":1,"turns":1},{"damage":0,"enemies":"Cultist","floor":3,"turns":1},{"damage":0,"enemies":"Small Slimes","floor":4,"turns":1},{"damage":51,"enemies":"Gremlin Nob","floor":7,"turns":6},{"damage":6,"enemies":"Looter","floor":14,"turns":3},{"damage":15,"enemies":"The Guardian","floor":16,"turns":11},{"damage":1,"enemies":"Spheric Guardian","floor":18,"turns":6},{"damage":16,"enemies":"2 Thieves","floor":20,"turns":4},{"damage":1,"enemies":"Sentry and Sphere","floor":24,"turns":4},{"damage":27,"enemies":"Slavers","floor":27,"turns":4},{"damage":14,"enemies":"Snake Plant","floor":28,"turns":2}],"seed_played":"2146171382675206896","potions_obtained":[{"floor":3,"key":"SneckoOil"},{"floor":14,"key":"LiquidBronze"},{"floor":16,"key":"Dexterity Potion"},{"floor":18,"key":"Dexterity Potion"},{"floor":20,"key":"AttackPotion"}],"is_trial":false,"path_per_floor":["M","?","M","M","?","R","E","R","T","R","?","$","?","M","R","B",null,"M","?","M","$","T","R","M","R","T","E","M"],"character_chosen":"THE_SILENT","items_purchased":["Footwork","Crippling Poison"],"campfire_rested":2,"item_purchase_floors":[12,21],"current_hp_per_floor":[63,63,63,63,52,52,1,22,22,43,36,36,36,30,30,15,56,55,55,39,39,39,39,38,38,38,13,0],"gold":114,"neow_bonus":"THREE_ENEMY_KILL","is_prod":false,"is_daily":false,"chose_seed":false,"campfire_upgraded":4,"win_rate":0,"timestamp":1553511649,"path_taken":["M","?","?","?","?","R","E","R","T","R","?","$","?","?","R","BOSS","M","?","M","?","?","R","M","R","T","E","?"],"build_version":"2019-01-23","purchased_purges":2,"victory":false,"max_hp_per_floor":[70,70,70,70,70,70,70,70,70,70,70,70,70,70,70,70,70,70,70,70,70,70,70,70,70,70,72,72],"card_choices":[{"not_picked":["Blade Dance","Dagger Spray"],"picked":"Deadly Poison","floor":1},{"not_picked":["Heel Hook","Setup","Outmaneuver"],"picked":"SKIP","floor":3},{"not_picked":["Heel Hook","Setup","Outmaneuver"],"picked":"SKIP","floor":3},{"not_picked":["Dagger Spray","Backflip"],"picked":"Cloak And Dagger","floor":4},{"not_picked":["Prepared","Blade Dance"],"picked":"After Image","floor":7},{"not_picked":["Tactician","Well Laid Plans"],"picked":"Noxious Fumes","floor":14},{"not_picked":["Quick Slash","Infinite Blades"],"picked":"Crippling Poison","floor":14},{"not_picked":["Envenom","Malaise"],"picked":"Adrenaline","floor":16},{"not_picked":["Terror","Distraction+1"],"picked":"Deadly Poison","floor":18},{"not_picked":["Dagger Throw+1","Flying Knee","Underhanded Strike+1"],"picked":"SKIP","floor":18},{"not_picked":["Eviscerate","Tools of the Trade"],"picked":"Backflip","floor":20},{"not_picked":["Dagger Throw+1","Predator","Bane"],"picked":"SKIP","floor":20},{"not_picked":["Slice","Accuracy","Acrobatics"],"picked":"SKIP","floor":24},{"not_picked":["Masterful Stab","Dagger Spray","Dash"],"picked":"SKIP","floor":24},{"not_picked":["Flechettes+1","Backstab","Poisoned Stab+1"],"picked":"Singing Bowl","floor":27}],"player_experience":370904,"relics_obtained":[{"floor":7,"key":"Torii"},{"floor":9,"key":"Prayer Wheel"},{"floor":22,"key":"Omamori"},{"floor":26,"key":"Pantograph"},{"floor":27,"key":"Singing Bowl"}],"event_choices":[{"cards_removed":["Strike_G"],"damage_healed":0,"gold_gain":0,"player_choice":"Card Removal","damage_taken":0,"max_hp_gain":0,"max_hp_loss":0,"event_name":"Wheel of Change","floor":2,"gold_loss":0},{"damage_healed":0,"gold_gain":75,"player_choice":"Gather Gold","damage_taken":11,"max_hp_gain":0,"max_hp_loss":0,"event_name":"World of Goop","floor":5,"gold_loss":0},{"cards_removed":["Defend_G"],"damage_healed":0,"gold_gain":0,"player_choice":"Card Removal","damage_taken":7,"max_hp_gain":0,"max_hp_loss":0,"event_name":"Golden Wing","floor":11,"gold_loss":0},{"damage_healed":0,"gold_gain":0,"player_choice":"Upgraded","damage_taken":0,"max_hp_gain":0,"max_hp_loss":0,"event_name":"Upgrade Shrine","floor":13,"gold_loss":0,"cards_upgraded":["Footwork"]},{"damage_healed":0,"gold_gain":0,"player_choice":"1 cards matched","damage_taken":0,"max_hp_gain":0,"max_hp_loss":0,"event_name":"Match and Keep!","floor":19,"gold_loss":0,"cards_obtained":["Skewer"]}],"is_beta":false,"boss_relics":[{"not_picked":["Calling Bell","Philosopher\u0027s Stone"],"picked":"Velvet Choker"}],"items_purged_floors":[12,21],"is_endless":false,"potions_floor_spawned":[3,14,16,18,20,24],"killed_by":"Snake Plant","ascension_level":10}