{"gold_per_floor":[118,29,95,95,106,119,146,146,146,146,181,199,214,239,239,239],"floor_reached":16,"playtime":684,"items_purged":[],"score":222,"play_id":"88724138-f6b5-4427-833b-0f708b9c23a9","local_time":"20190511200715","is_ascension_mode":true,"campfire_choices":[{"floor":8.0,"key":"REST"},{"floor":10.0,"key":"REST"},{"floor":15.0,"key":"REST"}],"neow_cost":"NONE","seed_source_timestamp":16681171512568,"circlet_count":0,"master_deck":["AscendersBane","Defend_G","Defend_G","Defend_G","Defend_G","Defend_G","Strike_G","Strike_G","Strike_G","Strike_G","Strike_G","Survivor","Neutralize","All Out Attack","Footwork","Pain","Noxious Fumes","Deflect","Dagger Throw","Bouncing Flask","Bane","Endless Agony"],"special_seed":0,"relics":["Ring of the Snake","NeowsBlessing","WarpedTongs","Sundial","Bronze Scales","Darkstone Periapt","Bottled Lightning"],"potions_floor_usage":[16],"damage_taken":[{"damage":0.0,"enemies":"Small Slimes","floor":1.0,"turns":1.0},{"damage":0.0,"enemies":"Jaw Worm","floor":5.0,"turns":1.0},{"damage":0.0,"enemies":"Cultist","floor":6.0,"turns":1.0},{"damage":50.0,"enemies":"Gremlin Nob","floor":7.0,"turns":5.0},{"damage":9.0,"enemies":"Lagavulin","floor":11.0,"turns":8.0},{"damage":2.0,"enemies":"Large Slime","floor":12.0,"turns":6.0},{"damage":6.0,"enemies":"2 Fungi Beasts","floor":13.0,"turns":3.0},{"damage":19.0,"enemies":"Gremlin Nob","floor":14.0,"turns":4.0},{"damage":42,"enemies":"Slime Boss","floor":16,"turns":6}],"seed_played":"1962883335352275716","potions_obtained":[{"floor":7.0,"key":"Block Potion"},{"floor":11.0,"key":"Ancient Potion"},{"floor":12.0,"key":"SpeedPotion"},{"floor":13.0,"key":"FearPotion"}],"is_trial":false,"path_per_floor":["M","$","?","?","M","M","E","R","T","R","E","M","M","E","R","B"],"character_chosen":"THE_SILENT","items_purchased":["Footwork"],"campfire_rested":3,"item_purchase_floors":[2],"current_hp_per_floor":[59,59,59,59,59,59,9,28,28,47,38,36,30,11,30,0],"gold":239,"neow_bonus":"THREE_ENEMY_KILL","is_prod":false,"is_daily":false,"chose_seed":false,"campfire_upgraded":0,"win_rate":0,"timestamp":1557630435,"path_taken":["M","$","?","?","?","M","E","R","T","R","E","M","M","E","R","BOSS"],"build_version":"2019-01-23","purchased_purges":0,"victory":false,"max_hp_per_floor":[66,66,66,66,66,66,66,66,66,66,66,66,66,66,66,66],"card_choices":[{"not_picked":["PiercingWail","Prepared"],"picked":"All Out Attack","floor":1.0},{"not_picked":["Slice","Eviscerate"],"picked":"Noxious Fumes","floor":5.0},{"not_picked":["Terror","Accuracy"],"picked":"Deflect","floor":6.0},{"not_picked":["Skewer","Concentrate","Outmaneuver"],"picked":"SKIP","floor":7.0},{"not_picked":["Finisher","Prepared"],"picked":"Dagger Throw","floor":11.0},{"not_picked":["Prepared","Skewer"],"picked":"Bouncing Flask","floor":12.0},{"not_picked":["Accuracy","Riddle With Holes"],"picked":"Bane","floor":13.0},{"not_picked":["Dagger Spray","Acrobatics"],"picked":"Endless Agony","floor":14.0}],"player_experience":683602,"relics_obtained":[{"floor":7.0,"key":"Sundial"},{"floor":9.0,"key":"Bronze Scales"},{"floor":11.0,"key":"Darkstone Periapt"},{"floor":14.0,"key":"Bottled Lightning"}],"event_choices":[{"damage_healed":0.0,"max_hp_gain":0.0,"max_hp_loss":0.0,"gold_gain":66.0,"event_name":"Golden Wing","player_choice":"Gained Gold","floor":3.0,"gold_loss":0.0,"damage_taken":0.0},{"damage_healed":0.0,"max_hp_gain":0.0,"max_hp_loss":0.0,"gold_gain":0.0,"event_name":"Accursed Blacksmith","player_choice":"Rummage","floor":4.0,"gold_loss":0.0,"damage_taken":0.0,"relics_obtained":["WarpedTongs"],"cards_obtained":["Pain"]}],"is_beta":false,"boss_relics":[],"items_purged_floors":[],"is_endless":false,"potions_floor_spawned":[7,11,12,13,14],"killed_by":"Slime Boss","ascension_level":17}