{"gold_per_floor":[117,127,302,302,8,8,19,19,42,54,66,89,111,140,152,264,276,302,327,187,197,41,41,74,74,74,74,85,102,122,134,134,236,286,301,312,312,328,328,328,347,363,363,52,66,78,3,23,23,23],"floor_reached":51,"playtime":6677,"items_purged":["Parasite"],"score":692,"play_id":"049e669a-b5d2-4dc7-ba19-4c5848b0b53a","local_time":"20190421211109","is_ascension_mode":false,"campfire_choices":[{"data":"Malaise","floor":6,"key":"SMITH"},{"data":"Noxious Fumes","floor":8,"key":"SMITH"},{"floor":15,"key":"REST"},{"floor":23,"key":"REST"},{"floor":25,"key":"REST"},{"floor":32,"key":"REST"},{"data":"Catalyst","floor":40,"key":"SMITH"},{"floor":49,"key":"REST"}],"neow_cost":"NONE","seed_source_timestamp":92910327236514,"circlet_count":0,"master_deck":["Defend_G+1","Defend_G+1","Defend_G+1","Defend_G+1","Strike_G+1","Strike_G+1","Strike_G+1","Survivor","Neutralize","Blur","Noxious Fumes+1","Malaise+1","PiercingWail","Die Die Die","Deadly Poison","PiercingWail","Blur+1","Catalyst+1","Well Laid Plans","Noxious Fumes","Footwork","Bouncing Flask+1","Corpse Explosion+1","Backstab+1","Burst+1","Footwork+1","Catalyst+1","Backflip+1"],"relics":["Ring of the Snake","Whetstone","MawBank","White Beast Statue","Girya","Toxic Egg 2","Tiny House","Paper Crane","Mummified Hand"],"potions_floor_usage":[16,16,19,21,24,24,29,31,31,33,33,36,38,41,41,42,42,45,45,46,50,50],"damage_taken":[{"damage":0,"enemies":"2 Louse","floor":1,"turns":3},{"damage":11,"enemies":"Jaw Worm","floor":2,"turns":8},{"damage":0,"enemies":"Small Slimes","floor":7,"turns":5},{"damage":0,"enemies":"Exordium Wildlife","floor":12,"turns":4},{"damage":3,"enemies":"Exordium Thugs","floor":13,"turns":4},{"damage":8,"enemies":"Gremlin Gang","floor":14,"turns":5},{"damage":0,"enemies":"Hexaghost","floor":16,"turns":11},{"damage":6,"enemies":"Shell Parasite","floor":18,"turns":7},{"damage":20,"enemies":"3 Byrds","floor":19,"turns":4},{"damage":25,"enemies":"Cultist and Chosen","floor":21,"turns":6},{"damage":29,"enemies":"Book of Stabbing","floor":24,"turns":7},{"damage":9,"enemies":"Shelled Parasite and Fungi","floor":28,"turns":7},{"damage":0,"enemies":"Chosen and Byrds","floor":29,"turns":8},{"damage":0,"enemies":"Snake Plant","floor":30,"turns":6},{"damage":15,"enemies":"3 Cultists","floor":31,"turns":6},{"damage":19,"enemies":"Automaton","floor":33,"turns":9},{"damage":4,"enemies":"3 Shapes","floor":35,"turns":4},{"damage":14,"enemies":"Orb Walker","floor":36,"turns":4},{"damage":19,"enemies":"Spire Growth","floor":38,"turns":7},{"damage":0,"enemies":"Maw","floor":41,"turns":6},{"damage":11,"enemies":"Writhing Mass","floor":42,"turns":7},{"damage":10,"enemies":"Transient","floor":45,"turns":5},{"damage":4,"enemies":"Spire Growth","floor":46,"turns":4},{"damage":3,"enemies":"Writhing Mass","floor":48,"turns":4},{"damage":12,"enemies":"Donu and Deca","floor":50,"turns":7}],"seed_played":"3690262873838173766","potions_obtained":[{"floor":1,"key":"Fire Potion"},{"floor":13,"key":"Weak Potion"},{"floor":18,"key":"Explosive Potion"},{"floor":19,"key":"FearPotion"},{"floor":21,"key":"SkillPotion"},{"floor":24,"key":"FearPotion"},{"floor":28,"key":"Regen Potion"},{"floor":29,"key":"Block Potion"},{"floor":30,"key":"GhostInAJar"},{"floor":31,"key":"PowerPotion"},{"floor":33,"key":"AttackPotion"},{"floor":34,"key":"GamblersBrew"},{"floor":35,"key":"Ancient Potion"},{"floor":36,"key":"EssenceOfSteel"},{"floor":38,"key":"Weak Potion"},{"floor":39,"key":"Regen Potion"},{"floor":39,"key":"FearPotion"},{"floor":39,"key":"PowerPotion"},{"floor":41,"key":"AttackPotion"},{"floor":42,"key":"Regen Potion"},{"floor":45,"key":"SneckoOil"},{"floor":46,"key":"Block Potion"},{"floor":48,"key":"LiquidBronze"}],"is_trial":false,"path_per_floor":["M","M","?","?","$","R","M","R","T","?","?","M","M","M","R","B",null,"M","M","$","M","$","R","E","R","T","?","M","M","M","M","R","B",null,"M","M","?","M","?","R","M","M","T","$","M","M","$","M","R","B",null],"character_chosen":"THE_SILENT","items_purchased":["Noxious Fumes","Malaise","Whetstone","Blur","Catalyst","Noxious Fumes","Regen Potion","Mummified Hand","Poison Potion"],"campfire_rested":5,"item_purchase_floors":[5,5,5,20,20,22,22,44,44],"current_hp_per_floor":[77,66,66,66,66,66,66,66,66,59,59,59,56,48,71,71,77,71,51,51,26,26,49,35,58,58,58,49,64,64,49,72,53,82,78,64,64,45,45,45,60,49,49,49,53,49,49,46,69,57],"gold":23,"neow_bonus":"TEN_PERCENT_HP_BONUS","is_prod":false,"is_daily":false,"chose_seed":false,"campfire_upgraded":3,"win_rate":0.0,"timestamp":1555895469,"path_taken":["M","M","?","?","$","R","M","R","T","?","?","M","M","M","R","BOSS","M","?","?","M","$","R","E","R","T","?","M","M","?","M","R","BOSS","M","M","?","?","?","R","?","M","T","$","M","?","$","M","R","BOSS"],"build_version":"2019-01-23","purchased_purges":1,"victory":true,"max_hp_per_floor":[77,77,77,77,77,77,77,77,77,77,77,77,77,77,77,77,77,77,77,77,77,77,77,77,77,77,77,77,77,77,77,77,77,82,82,82,82,82,82,82,82,82,82,82,82,82,79,79,79,79],"card_choices":[{"not_picked":["Deflect","Infinite Blades"],"picked":"Blur","floor":1},{"not_picked":["Expertise","Flying Knee","Sucker Punch"],"picked":"SKIP","floor":2},{"not_picked":["Outmaneuver","Dodge and Roll","Infinite Blades"],"picked":"SKIP","floor":7},{"not_picked":["Outmaneuver","Dodge and Roll","Infinite Blades"],"picked":"SKIP","floor":7},{"not_picked":["Tactician","Blade Dance","Sucker Punch"],"picked":"SKIP","floor":12},{"not_picked":["Calculated Gamble","Outmaneuver","Prepared"],"picked":"SKIP","floor":13},{"not_picked":["Dagger Throw","Bane"],"picked":"PiercingWail","floor":14},{"not_picked":["Bullet Time","Venomology"],"picked":"Die Die Die","floor":16},{"not_picked":["Quick Slash+1","Tactician"],"picked":"Deadly Poison","floor":18},{"not_picked":["Flying Knee","Prepared"],"picked":"PiercingWail","floor":19},{"not_picked":["Poisoned Stab+1","Flying Knee"],"picked":"Well Laid Plans","floor":21},{"not_picked":["Poisoned Stab","Prepared+1","All Out Attack"],"picked":"SKIP","floor":24},{"not_picked":["Dagger Spray","Caltrops"],"picked":"Footwork","floor":28},{"not_picked":["Infinite Blades","Flechettes+1","Finisher"],"picked":"SKIP","floor":29},{"not_picked":["Dagger Spray","Blade Dance+1","Dagger Throw+1"],"picked":"SKIP","floor":30},{"not_picked":["Wraith Form v2","Blade Dance+1"],"picked":"Bouncing Flask+1","floor":31},{"not_picked":["Wraith Form v2","Unload"],"picked":"Corpse Explosion+1","floor":33},{"not_picked":["Quick Slash","Sucker Punch"],"picked":"Backstab+1","floor":34},{"not_picked":["Dagger Throw+1","Riddle With Holes+1"],"picked":"Burst+1","floor":35},{"not_picked":["Eviscerate+1","Dagger Spray+1"],"picked":"Footwork+1","floor":36},{"not_picked":["Distraction+1","Slice+1","Bouncing Flask+1"],"picked":"SKIP","floor":38},{"not_picked":["Sucker Punch","Prepared+1","Eviscerate"],"picked":"SKIP","floor":41},{"not_picked":["Caltrops","Predator+1"],"picked":"Catalyst+1","floor":42},{"not_picked":["Flying Knee","Quick Slash+1","Leg Sweep+1"],"picked":"SKIP","floor":45},{"not_picked":["Backstab","Leg Sweep+1"],"picked":"Backflip+1","floor":46},{"not_picked":["Quick Slash","PiercingWail+1","Heel Hook"],"picked":"SKIP","floor":48}],"player_experience":20129,"relics_obtained":[{"floor":9,"key":"MawBank"},{"floor":24,"key":"Girya"},{"floor":26,"key":"Toxic Egg 2"},{"floor":43,"key":"Paper Crane"}],"event_choices":[{"damage_healed":0,"gold_gain":175,"player_choice":"AGREE","damage_taken":0,"max_hp_gain":0,"max_hp_loss":0,"event_name":"Liars Game","floor":3,"gold_loss":0,"cards_obtained":["Doubt"]},{"cards_removed":["Doubt"],"damage_healed":0,"gold_gain":0,"player_choice":"Forget","damage_taken":0,"max_hp_gain":0,"max_hp_loss":0,"event_name":"Living Wall","floor":4,"gold_loss":0},{"cards_removed":["Strike_G"],"damage_healed":0,"gold_gain":0,"player_choice":"Card Removal","damage_taken":7,"max_hp_gain":0,"max_hp_loss":0,"event_name":"Golden Wing","floor":10,"gold_loss":0},{"cards_removed":["Defend_G"],"damage_healed":0,"gold_gain":0,"player_choice":"Offered Basic","damage_taken":0,"max_hp_gain":0,"max_hp_loss":0,"event_name":"Bonfire Elementals","floor":11,"gold_loss":0},{"damage_healed":0,"gold_gain":0,"player_choice":"Simplicity","damage_taken":0,"max_hp_gain":0,"max_hp_loss":0,"event_name":"Back to Basics","floor":27,"gold_loss":0,"cards_upgraded":["Defend_G","Defend_G","Defend_G","Defend_G","Strike_G","Strike_G"]},{"cards_removed":["Strike_G"],"damage_healed":0,"gold_gain":0,"player_choice":"Purged","damage_taken":0,"max_hp_gain":0,"max_hp_loss":0,"event_name":"Purifier","floor":37,"gold_loss":0},{"damage_healed":0,"gold_gain":0,"player_choice":"Got Potions","damage_taken":0,"max_hp_gain":0,"max_hp_loss":0,"event_name":"Lab","floor":39,"gold_loss":0}],"is_beta":false,"boss_relics":[{"not_picked":["Velvet Choker","Busted Crown"],"picked":"White Beast Statue"},{"not_picked":["Cursed Key","HoveringKite"],"picked":"Tiny House"}],"items_purged_floors":[47],"is_endless":false,"potions_floor_spawned":[1,13,18,19,21,24,28,29,30,31,33,35,36,38,41,42,45,46,48],"ascension_level":0}