{"gold_per_floor":[112,129,129,129,78,78,114,114,114,64,89,128,128,164,164,263,263,277,30,51,51,65,65,78,78,102,102,102,115,128,149,149,239,239,254,270,270,5,18,18,18,37,37,37],"floor_reached":44,"playtime":1627,"items_purged":[],"score":837,"play_id":"30e26530-df69-4c53-9358-f15c6bb7bc37","local_time":"20190210214157","is_ascension_mode":true,"campfire_choices":[{"data":"Bash","floor":6.0,"key":"SMITH"},{"data":"Uppercut","floor":13.0,"key":"SMITH"},{"data":"Reaper","floor":15.0,"key":"SMITH"},{"data":"Immolate","floor":23,"key":"SMITH"},{"floor":25,"key":"REST"},{"data":"Metallicize","floor":27,"key":"SMITH"},{"data":"Dual Wield","floor":32,"key":"SMITH"},{"floor":40,"key":"REST"}],"neow_cost":"NONE","seed_source_timestamp":1597248966334582,"circlet_count":0,"master_deck":["AscendersBane","Strike_R","Strike_R","Strike_R","Strike_R","Strike_R","Defend_R","Defend_R","Defend_R","Defend_R+1","Bash+1","Shrug It Off+1","Uppercut+1","Reaper+1","Immolate+1","Metallicize+1","Spot Weakness","Metallicize","Dual Wield+1","Exhume","Blind","Flex"],"special_seed":0,"relics":["Black Blood","NeowsBlessing","Golden Idol","Magic Flower","Dodecahedron","Bronze Scales","War Paint","Gremlin Horn","Happy Flower","Runic Dome","Kunai","Question Card"],"potions_floor_usage":[24,33,33,42,44],"damage_taken":[{"damage":0.0,"enemies":"Cultist","floor":1.0,"turns":1.0},{"damage":0.0,"enemies":"Small Slimes","floor":2.0,"turns":1.0},{"damage":0.0,"enemies":"Gremlin Nob","floor":7.0,"turns":1.0},{"damage":0.0,"enemies":"2 Louse","floor":11.0,"turns":4.0},{"damage":0.0,"enemies":"3 Sentries","floor":12.0,"turns":7.0},{"damage":28.0,"enemies":"Gremlin Nob","floor":14.0,"turns":4.0},{"damage":58,"enemies":"Hexaghost","floor":16,"turns":13},{"damage":22,"enemies":"3 Byrds","floor":18,"turns":4},{"damage":40,"enemies":"Shell Parasite","floor":20,"turns":8},{"damage":21,"enemies":"Snecko","floor":22,"turns":7},{"damage":32,"enemies":"Sentry and Sphere","floor":24,"turns":5},{"damage":10,"enemies":"Centurion and Healer","floor":29,"turns":4},{"damage":31,"enemies":"Shelled Parasite and Fungi","floor":30,"turns":8},{"damage":11,"enemies":"3 Cultists","floor":31,"turns":4},{"damage":66,"enemies":"Collector","floor":33,"turns":12},{"damage":63,"enemies":"3 Darklings","floor":35,"turns":4},{"damage":16,"enemies":"3 Shapes","floor":36,"turns":6},{"damage":77,"enemies":"Maw","floor":39,"turns":10},{"damage":42,"enemies":"Jaw Worm Horde","floor":42,"turns":6},{"damage":44,"enemies":"Nemesis","floor":44,"turns":7}],"seed_played":"-3675769569179026106","potions_obtained":[{"floor":7.0,"key":"SkillPotion"},{"floor":12.0,"key":"Ancient Potion"},{"floor":16,"key":"BloodPotion"},{"floor":24,"key":"Energy Potion"},{"floor":29,"key":"AttackPotion"},{"floor":36,"key":"EssenceOfSteel"},{"floor":42,"key":"PowerPotion"}],"is_trial":false,"path_per_floor":["M","M","?","?","?","R","E","?","T","$","M","E","R","E","R","B",null,"M","$","M","?","M","R","M","R","T","R","?","M","M","M","R","B",null,"M","M","?","$","M","R","?","M","T","E"],"character_chosen":"IRONCLAD","items_purchased":["Explosive Potion","Gremlin Horn","Kunai","Flex"],"campfire_rested":2,"item_purchase_floors":[10,19,38,38],"current_hp_per_floor":[74,75,75,68,68,68,68,73,73,73,73,73,73,63,63,22,60,58,58,33,33,35,35,29,50,50,50,73,73,57,73,73,43,66,56,70,70,70,35,56,56,36,36,0],"gold":37,"neow_bonus":"THREE_ENEMY_KILL","is_prod":false,"is_daily":false,"chose_seed":false,"campfire_upgraded":6,"win_rate":0,"timestamp":1549802517,"path_taken":["M","?","?","?","?","R","E","?","T","?","?","E","R","E","R","BOSS","M","$","M","?","M","R","?","R","T","R","?","?","M","M","R","BOSS","M","M","?","$","M","R","?","M","T","E"],"build_version":"2019-01-23","purchased_purges":0,"victory":false,"max_hp_per_floor":[75,75,75,68,68,68,68,73,73,73,73,73,73,73,73,73,73,73,73,73,73,73,73,73,73,73,73,73,73,73,73,73,73,73,73,73,73,73,73,73,73,73,73,73],"card_choices":[{"not_picked":["Armaments","Entrench","Wild Strike"],"picked":"SKIP","floor":1.0},{"not_picked":["Anger","Second Wind","Dual Wield"],"picked":"SKIP","floor":2.0},{"not_picked":["Anger","Pummel"],"picked":"Shrug It Off","floor":7.0},{"not_picked":["Havoc","True Grit"],"picked":"Uppercut","floor":11.0},{"not_picked":["Spot Weakness","Inflame"],"picked":"Reaper","floor":12.0},{"not_picked":["Havoc","Intimidate","Uppercut"],"picked":"SKIP","floor":14.0},{"not_picked":["Feed","Dark Embrace"],"picked":"Immolate","floor":16},{"not_picked":["Feel No Pain","Flex"],"picked":"Metallicize","floor":18},{"not_picked":["Iron Wave","Heavy Blade"],"picked":"Spot Weakness","floor":20},{"not_picked":["Cleave","Rage","Clash"],"picked":"SKIP","floor":22},{"not_picked":["Rupture","Reckless Charge","Entrench"],"picked":"SKIP","floor":24},{"not_picked":["Body Slam","True Grit","Infernal Blade"],"picked":"SKIP","floor":29},{"not_picked":["Seeing Red","Flex"],"picked":"Metallicize","floor":30},{"not_picked":["Inflame","Cleave+1"],"picked":"Dual Wield","floor":31},{"not_picked":["Immolate","Feed"],"picked":"Exhume","floor":33},{"not_picked":["Havoc+1","Sword Boomerang","Body Slam"],"picked":"SKIP","floor":35},{"not_picked":["Spot Weakness","Warcry","Perfected Strike"],"picked":"SKIP","floor":36},{"not_picked":["Panacea","Bandage Up"],"picked":"Blind","floor":37},{"not_picked":["Anger","Iron Wave","Flex"],"picked":"SKIP","floor":39},{"not_picked":["Headbutt","Rage","Perfected Strike+1"],"picked":"SKIP","floor":42}],"player_experience":515835,"relics_obtained":[{"floor":7.0,"key":"Magic Flower"},{"floor":9.0,"key":"Dodecahedron"},{"floor":12.0,"key":"Bronze Scales"},{"floor":14.0,"key":"War Paint"},{"floor":26,"key":"Happy Flower"},{"floor":43,"key":"Question Card"}],"event_choices":[{"damage_healed":0.0,"max_hp_gain":0.0,"max_hp_loss":0.0,"gold_gain":0.0,"event_name":"Liars Game","player_choice":"Ignored","floor":3.0,"gold_loss":0.0,"damage_taken":0.0},{"damage_healed":0.0,"max_hp_gain":0.0,"max_hp_loss":7.0,"gold_gain":0.0,"event_name":"Golden Idol","player_choice":"Lose Max HP","floor":4.0,"gold_loss":0.0,"damage_taken":0.0,"relics_obtained":["Golden Idol"]},{"damage_healed":0.0,"max_hp_gain":0.0,"max_hp_loss":0.0,"gold_gain":0.0,"event_name":"World of Goop","player_choice":"Left Gold","floor":5.0,"gold_loss":51.0,"damage_taken":0.0},{"damage_healed":0.0,"max_hp_gain":5.0,"max_hp_loss":0.0,"gold_gain":0.0,"event_name":"Big Fish","player_choice":"Donut","floor":8.0,"gold_loss":0.0,"damage_taken":0.0},{"damage_healed":0,"gold_gain":0,"player_choice":"Ignored","damage_taken":0,"max_hp_gain":0,"max_hp_loss":0,"event_name":"N\u0027loth","floor":21,"gold_loss":0},{"damage_healed":23,"gold_gain":0,"player_choice":"Full Heal","damage_taken":0,"max_hp_gain":0,"max_hp_loss":0,"event_name":"Wheel of Change","floor":28,"gold_loss":0},{"damage_healed":0,"gold_gain":0,"player_choice":"Memory 1","damage_taken":0,"max_hp_gain":0,"max_hp_loss":0,"event_name":"SensoryStone","floor":37,"gold_loss":0},{"damage_healed":0,"gold_gain":0,"player_choice":"Ignored","damage_taken":0,"max_hp_gain":0,"max_hp_loss":0,"event_name":"Mysterious Sphere","floor":41,"gold_loss":0}],"is_beta":false,"boss_relics":[{"not_picked":["Philosopher\u0027s Stone","Snecko Eye"],"picked":"Black Blood"},{"not_picked":["Orrery","Fusion Hammer"],"picked":"Runic Dome"}],"items_purged_floors":[],"is_endless":false,"potions_floor_spawned":[7,12,16,24,29,30,36,42],"killed_by":"Nemesis","ascension_level":15}