{"gold_per_floor":[118,193,193,193,88,88,102,143,443,474,492,510,510,529,529,529],"floor_reached":16,"playtime":395,"items_purged":["Regret"],"score":263,"play_id":"36ab2b3b-c531-436a-b8e4-704c57497b48","local_time":"20190410221522","is_ascension_mode":true,"campfire_choices":[{"data":"Coolheaded","floor":6.0,"key":"SMITH"},{"floor":15.0,"key":"REST"}],"neow_cost":"NONE","seed_source_timestamp":0,"circlet_count":0,"master_deck":["AscendersBane","Strike_B","Strike_B","Strike_B","Strike_B","Defend_B","Defend_B","Defend_B","Defend_B","Zap","Dualcast","Gash","Injury","Coolheaded+1","Beam Cell","Scrape","Go for the Eyes","Defragment+1","Buffer"],"special_seed":0,"relics":["Cracked Core","NeowsBlessing","Potion Belt","Golden Idol","Centennial Puzzle","Old Coin","Bird Faced Urn"],"potions_floor_usage":[16,16],"damage_taken":[{"damage":0.0,"enemies":"2 Louse","floor":1.0,"turns":1.0},{"damage":0.0,"enemies":"Jaw Worm","floor":7.0,"turns":1.0},{"damage":0.0,"enemies":"Gremlin Nob","floor":8.0,"turns":1.0},{"damage":32.0,"enemies":"Lagavulin","floor":10.0,"turns":7.0},{"damage":0.0,"enemies":"Small Slimes","floor":11.0,"turns":2.0},{"damage":22.0,"enemies":"Exordium Wildlife","floor":12.0,"turns":7.0},{"damage":5.0,"enemies":"Gremlin Gang","floor":14.0,"turns":5.0},{"damage":48,"enemies":"Slime Boss","floor":16,"turns":6}],"seed_played":"6609888493911519866","potions_obtained":[{"floor":1.0,"key":"FearPotion"},{"floor":8.0,"key":"EntropicBrew"},{"floor":14.0,"key":"SkillPotion"}],"is_trial":false,"path_per_floor":["M","?","?","?","$","R","M","E","T","E","M","M","?","M","R","B"],"character_chosen":"DEFECT","items_purchased":["Coolheaded"],"campfire_rested":1,"item_purchase_floors":[5],"current_hp_per_floor":[64,53,53,53,53,53,53,53,53,21,21,15,15,14,35,0],"gold":529,"neow_bonus":"THREE_ENEMY_KILL","is_prod":false,"is_daily":false,"chose_seed":false,"campfire_upgraded":1,"win_rate":0,"timestamp":1554927322,"path_taken":["M","?","?","?","$","R","M","E","T","E","M","M","?","M","R","BOSS"],"build_version":"2019-01-23","purchased_purges":1,"victory":false,"max_hp_per_floor":[71,71,71,71,71,71,71,71,71,71,71,71,71,71,71,71],"card_choices":[{"not_picked":["Skim","Compile Driver"],"picked":"Gash","floor":1.0},{"not_picked":["Compile Driver","Stack"],"picked":"Beam Cell","floor":7.0},{"not_picked":["Rip and Tear","Streamline"],"picked":"Scrape","floor":8.0},{"not_picked":["Steam","Cold Snap"],"picked":"Go for the Eyes","floor":10.0},{"not_picked":["Loop","Darkness"],"picked":"Defragment","floor":11.0},{"not_picked":["Doom and Gloom","Hologram"],"picked":"Buffer","floor":12.0},{"not_picked":["Sunder","Undo","Streamline"],"picked":"SKIP","floor":14.0}],"player_experience":528385,"relics_obtained":[{"floor":8.0,"key":"Centennial Puzzle"},{"floor":9.0,"key":"Old Coin"},{"floor":10.0,"key":"Bird Faced Urn"}],"event_choices":[{"damage_healed":0.0,"max_hp_gain":0.0,"max_hp_loss":0.0,"gold_gain":75.0,"event_name":"World of Goop","player_choice":"Gather Gold","floor":2.0,"gold_loss":0.0,"damage_taken":11.0},{"damage_healed":0.0,"max_hp_gain":0.0,"max_hp_loss":0.0,"gold_gain":0.0,"event_name":"Big Fish","player_choice":"Box","floor":3.0,"gold_loss":0.0,"damage_taken":0.0,"relics_obtained":["Potion Belt"],"cards_obtained":["Regret"]},{"damage_healed":0.0,"max_hp_gain":0.0,"max_hp_loss":0.0,"gold_gain":0.0,"event_name":"Golden Idol","player_choice":"Take Wound","floor":4.0,"gold_loss":0.0,"damage_taken":0.0,"relics_obtained":["Golden Idol"],"cards_obtained":["Injury"]},{"damage_healed":0.0,"max_hp_gain":0.0,"max_hp_loss":0.0,"gold_gain":0.0,"event_name":"Living Wall","player_choice":"Grow","floor":13.0,"gold_loss":0.0,"damage_taken":0.0,"cards_upgraded":["Defragment"]}],"is_beta":false,"boss_relics":[],"items_purged_floors":[5],"is_endless":false,"potions_floor_spawned":[1,8,14],"killed_by":"Slime Boss","ascension_level":19}