{"gold_per_floor":[113,128,4,154,154,197,197,197,221,69,69,103,103,127,127,222,222,243,106,106,132,169,181,229,241,253,265,310,341,369,406,418,526,538,570,582,608,620,691,703,734,779,791,61,61,102,0,0,0,0],"floor_reached":51,"playtime":2154,"items_purged":["Doubt","Injury","Writhe"],"score":1434,"play_id":"10a3a7c0-d27c-440e-9ac8-73a96fe6e419","local_time":"20190406225118","is_ascension_mode":true,"campfire_choices":[{"data":"Shockwave","floor":7.0,"key":"SMITH"},{"floor":13.0,"key":"REST"},{"floor":15.0,"key":"REST"},{"data":"RitualDagger","floor":23.0,"key":"SMITH"},{"floor":25.0,"key":"REST"},{"floor":32.0,"key":"REST"},{"floor":40,"key":"REST"},{"floor":49,"key":"REST"}],"neow_cost":"NONE","seed_source_timestamp":601437133502100,"circlet_count":0,"master_deck":["AscendersBane","Strike_R+1","Strike_R+1","Strike_R+1","Strike_R+1","Strike_R+1","Defend_R+1","Defend_R+1","Defend_R+1","Bash","Shockwave+1","Rampage","Whirlwind","Battle Trance","Clothesline","Inflame","Disarm","Offering","Headbutt","Battle Trance","RitualDagger+1","Warcry","Impervious","Barricade","Shrug It Off","Reaper","Battle Trance","Inflame","Corruption+1","Magnetism","Chrysalis","Disarm"],"special_seed":0,"relics":["Burning Blood","Golden Idol","Self Forming Clay","Bronze Scales","Juzu Bracelet","Ice Cream","Philosopher\u0027s Stone","MawBank","Gremlin Horn","The Courier","Oddly Smooth Stone","Cursed Key","Shovel","Ancient Tea Set","Gambling Chip","Bag of Marbles","Centennial Puzzle","TheAbacus","Bottled Lightning","Blood Vial","Red Mask","Incense Burner"],"potions_floor_usage":[37,42,50],"damage_taken":[{"damage":6.0,"enemies":"Jaw Worm","floor":1.0,"turns":4.0},{"damage":7.0,"enemies":"Small Slimes","floor":2.0,"turns":3.0},{"damage":44.0,"enemies":"Lagavulin","floor":6.0,"turns":11.0},{"damage":27.0,"enemies":"Gremlin Nob","floor":12.0,"turns":4.0},{"damage":3.0,"enemies":"2 Louse","floor":14.0,"turns":3.0},{"damage":29.0,"enemies":"Hexaghost","floor":16.0,"turns":9.0},{"damage":25.0,"enemies":"Spheric Guardian","floor":18.0,"turns":5.0},{"damage":6.0,"enemies":"3 Byrds","floor":22.0,"turns":4.0},{"damage":45.0,"enemies":"Book of Stabbing","floor":24.0,"turns":6.0},{"damage":20.0,"enemies":"Slavers","floor":28.0,"turns":6.0},{"damage":12.0,"enemies":"Snake Plant","floor":29.0,"turns":6.0},{"damage":7.0,"enemies":"Sentry and Sphere","floor":30.0,"turns":8.0},{"damage":6.0,"enemies":"Centurion and Healer","floor":31.0,"turns":5.0},{"damage":22,"enemies":"Champ","floor":33,"turns":20},{"damage":6,"enemies":"Orb Walker","floor":35,"turns":2},{"damage":20,"enemies":"3 Darklings","floor":37,"turns":4},{"damage":38,"enemies":"2 Orb Walkers","floor":39,"turns":5},{"damage":23,"enemies":"4 Shapes","floor":41,"turns":6},{"damage":25,"enemies":"Reptomancer","floor":42,"turns":8},{"damage":23,"enemies":"Nemesis","floor":46,"turns":11},{"damage":79,"enemies":"Donu and Deca","floor":50,"turns":9}],"seed_played":"-2828373760217801956","potions_obtained":[{"floor":2.0,"key":"Block Potion"},{"floor":6.0,"key":"Energy Potion"},{"floor":16.0,"key":"Swift Potion"},{"floor":18.0,"key":"FairyPotion"},{"floor":28.0,"key":"SpeedPotion"},{"floor":29.0,"key":"SkillPotion"},{"floor":33,"key":"Block Potion"},{"floor":39,"key":"SteroidPotion"},{"floor":42,"key":"Dexterity Potion"}],"is_trial":false,"path_per_floor":["M","M","$","?","?","E","R","?","T","$","?","E","R","M","R","B",null,"M","$","?","T","M","R","E","R","T","?","E","M","M","M","R","B",null,"M","?","M","?","?","R","M","E","T","$","?","E","?","?","R","B",null],"character_chosen":"IRONCLAD","items_purchased":["Metallicize","Battle Trance","Inflame","Battle Trance","Bag of Marbles","Centennial Puzzle","TheAbacus","Bottled Lightning"],"campfire_rested":6,"item_purchase_floors":[3,3,10,19,44,44,44,44],"current_hp_per_floor":[68,67,67,67,67,29,29,29,29,29,29,8,30,33,55,32,64,45,45,39,39,39,39,10,32,32,32,18,12,11,11,33,17,61,61,61,47,47,24,46,56,62,62,62,57,40,40,40,62,27],"gold":0,"neow_bonus":"THREE_CARDS","is_prod":false,"is_daily":false,"chose_seed":false,"campfire_upgraded":2,"win_rate":0,"timestamp":1554583878,"path_taken":["M","M","$","?","?","E","R","?","T","$","?","E","R","M","R","BOSS","M","$","?","?","M","R","E","R","T","?","E","M","M","M","R","BOSS","M","?","M","?","?","R","M","E","T","$","?","E","?","?","R","BOSS"],"build_version":"2019-01-23","purchased_purges":3,"victory":true,"max_hp_per_floor":[75,75,75,75,75,75,75,75,75,75,75,75,75,75,75,75,75,75,75,75,75,75,75,75,75,75,75,75,75,75,75,75,75,75,75,75,75,75,75,75,75,75,75,75,75,75,75,75,75,75],"card_choices":[{"not_picked":["Searing Blow","Body Slam"],"picked":"Shockwave","floor":0.0},{"not_picked":["Headbutt","Entrench"],"picked":"Rampage","floor":1.0},{"not_picked":["Shockwave","Burning Pact"],"picked":"Whirlwind","floor":2.0},{"not_picked":["Iron Wave","Limit Break"],"picked":"Clothesline","floor":6.0},{"not_picked":["Bloodletting","Flex","Pummel"],"picked":"SKIP","floor":12.0},{"not_picked":["Body Slam","Evolve"],"picked":"Disarm","floor":14.0},{"not_picked":["Bludgeon","Fiend Fire"],"picked":"Offering","floor":16.0},{"not_picked":["Thunderclap","Wild Strike"],"picked":"Headbutt","floor":18.0},{"not_picked":["Seeing Red","Blood for Blood"],"picked":"Warcry","floor":22.0},{"not_picked":["Shockwave+1","Dual Wield"],"picked":"Impervious","floor":24.0},{"not_picked":["Cleave","Headbutt"],"picked":"Barricade","floor":28.0},{"not_picked":["Armaments","Clothesline","Flex"],"picked":"SKIP","floor":29.0},{"not_picked":["Clothesline","Iron Wave","Clash+1"],"picked":"SKIP","floor":30.0},{"not_picked":["True Grit","Pummel+1"],"picked":"Shrug It Off","floor":31.0},{"not_picked":["Impervious","Limit Break"],"picked":"Reaper","floor":33},{"not_picked":["Hemokinesis","Perfected Strike","Heavy Blade"],"picked":"SKIP","floor":35},{"not_picked":["Clash+1","Anger"],"picked":"Inflame","floor":37},{"not_picked":["Perfected Strike","Anger"],"picked":"Corruption+1","floor":39},{"not_picked":["Twin Strike","Infernal Blade","Heavy Blade"],"picked":"SKIP","floor":41},{"not_picked":["Rupture","Blood for Blood","Dark Embrace"],"picked":"SKIP","floor":42},{"not_picked":["Enlightenment","Dark Shackles"],"picked":"Magnetism","floor":45},{"not_picked":["HandOfGreed","The Bomb"],"picked":"Chrysalis","floor":45},{"not_picked":["Immolate","Wild Strike"],"picked":"Disarm","floor":46}],"player_experience":509303,"relics_obtained":[{"floor":6.0,"key":"Self Forming Clay"},{"floor":9.0,"key":"Juzu Bracelet"},{"floor":12.0,"key":"Ice Cream"},{"floor":21.0,"key":"MawBank"},{"floor":24.0,"key":"Gremlin Horn"},{"floor":26.0,"key":"The Courier"},{"floor":28.0,"key":"Oddly Smooth Stone"},{"floor":39,"key":"Shovel"},{"floor":42,"key":"Ancient Tea Set"},{"floor":43,"key":"Gambling Chip"},{"floor":46,"key":"Blood Vial"}],"event_choices":[{"damage_healed":0.0,"max_hp_gain":0.0,"max_hp_loss":0.0,"gold_gain":150.0,"event_name":"Liars Game","player_choice":"AGREE","floor":4.0,"gold_loss":0.0,"damage_taken":0.0,"cards_obtained":["Doubt"]},{"damage_healed":0.0,"max_hp_gain":0.0,"max_hp_loss":0.0,"gold_gain":0.0,"event_name":"Golden Idol","player_choice":"Take Wound","floor":5.0,"gold_loss":0.0,"damage_taken":0.0,"relics_obtained":["Golden Idol"],"cards_obtained":["Injury"]},{"damage_healed":0.0,"max_hp_gain":0.0,"max_hp_loss":0.0,"gold_gain":0.0,"event_name":"Dead Adventurer","player_choice":"Searched \u00271\u0027 times","floor":8.0,"gold_loss":0.0,"damage_taken":0.0,"relics_obtained":["Bronze Scales"]},{"damage_healed":0.0,"max_hp_gain":0.0,"max_hp_loss":0.0,"gold_gain":0.0,"event_name":"Shining Light","player_choice":"Ignored","floor":11.0,"gold_loss":0.0,"damage_taken":0.0},{"damage_healed":0.0,"max_hp_gain":0.0,"max_hp_loss":0.0,"gold_gain":0.0,"event_name":"Nest","player_choice":"Joined the Cult","floor":20.0,"gold_loss":0.0,"damage_taken":6.0,"cards_obtained":["RitualDagger"]},{"damage_healed":0.0,"max_hp_gain":0.0,"max_hp_loss":0.0,"gold_gain":0.0,"event_name":"Back to Basics","player_choice":"Simplicity","floor":27.0,"gold_loss":0.0,"damage_taken":0.0,"cards_upgraded":["Strike_R","Strike_R","Strike_R","Strike_R","Strike_R","Defend_R","Defend_R","Defend_R","Defend_R"]},{"damage_healed":0,"gold_gain":0,"player_choice":"1 cards matched","damage_taken":0,"max_hp_gain":0,"max_hp_loss":0,"event_name":"Match and Keep!","floor":36,"gold_loss":0,"cards_obtained":["Battle Trance"]},{"cards_removed":["Defend_R"],"damage_healed":0,"gold_gain":0,"player_choice":"Removed Skill","damage_taken":0,"max_hp_gain":0,"max_hp_loss":0,"event_name":"Falling","floor":38,"gold_loss":0},{"damage_healed":0,"gold_gain":0,"player_choice":"Fight","damage_taken":0,"max_hp_gain":0,"max_hp_loss":0,"event_name":"Mysterious Sphere","floor":39,"gold_loss":0},{"damage_healed":0,"gold_gain":0,"player_choice":"Memory 2","damage_taken":5,"max_hp_gain":0,"max_hp_loss":0,"event_name":"SensoryStone","floor":45,"gold_loss":0},{"damage_healed":0,"gold_gain":0,"player_choice":"Paid","damage_taken":0,"relics_obtained":["Red Mask"],"max_hp_gain":0,"max_hp_loss":0,"event_name":"Tomb of Lord Red Mask","floor":47,"gold_loss":102},{"cards_removed":["Metallicize"],"damage_healed":0,"gold_gain":0,"player_choice":"Gave Card","damage_taken":0,"relics_obtained":["Incense Burner"],"max_hp_gain":0,"max_hp_loss":0,"event_name":"WeMeetAgain","floor":48,"gold_loss":0}],"is_beta":false,"boss_relics":[{"not_picked":["Pandora\u0027s Box","Snecko Eye"],"picked":"Philosopher\u0027s Stone"},{"not_picked":["Orrery","Empty Cage"],"picked":"Cursed Key"}],"items_purged_floors":[10,19,44],"is_endless":false,"potions_floor_spawned":[2,6,16,18,28,29,33,39,41,42],"ascension_level":19}