{"path_per_floor":["M","$","M","M","M","E","M","R","T","R","?","M","M","M","R"],"character_chosen":"IRONCLAD","items_purchased":[],"gold_per_floor":[112,37,55,68,80,109,129,129,177,177,177,196,216,234,234,234],"floor_reached":16,"campfire_rested":0,"playtime":950,"item_purchase_floors":[],"current_hp_per_floor":[96,93,93,92,73,47,51,51,51,51,51,54,52,53,53,0],"items_purged":["Parasite"],"gold":234,"score":122,"play_id":"2a84f820-69bb-4ff4-acee-0e25aac74a34","local_time":"20180616231248","is_prod":false,"is_daily":false,"chose_seed":false,"is_ascension_mode":true,"campfire_upgraded":3,"win_rate":0,"timestamp":1529208768,"campfire_choices":[{"data":"Brutality","floor":8.0,"key":"SMITH"},{"data":"Searing Blow","floor":10.0,"key":"SMITH"},{"data":"Searing Blow+1","floor":15.0,"key":"SMITH"}],"path_taken":["M","$","M","M","M","E","M","R","T","R","?","M","M","M","R","BOSS"],"build_version":"2018-06-14v2","seed_source_timestamp":0,"purchased_purges":1,"victory":false,"master_deck":["Strike_R","Strike_R","Strike_R","Strike_R","Strike_R","Defend_R","Defend_R","Defend_R","Defend_R","Bash","True Grit","Headbutt","Carnage","Cleave","Brutality+1","Searing Blow+2","Injury","Twin Strike","Clash"],"max_hp_per_floor":[96,93,93,93,93,93,93,93,93,93,93,93,93,93,93,93],"special_seed":0,"relics":["Burning Blood","Bag of Preparation","Juzu Bracelet","Golden Idol"],"card_choices":[{"not_picked":["Sword Boomerang","Flex"],"picked":"True Grit","floor":1.0},{"not_picked":["Clothesline","Sword Boomerang"],"picked":"Headbutt","floor":3.0},{"not_picked":["Headbutt","Sword Boomerang"],"picked":"Carnage","floor":4.0},{"not_picked":["Inflame","Pommel Strike"],"picked":"Cleave","floor":5.0},{"not_picked":["Flame Barrier","Armaments"],"picked":"Brutality","floor":6.0},{"not_picked":["Infernal Blade","Corruption"],"picked":"Searing Blow","floor":7.0},{"not_picked":["Clash","Corruption"],"picked":"Twin Strike","floor":12.0},{"not_picked":["Pommel Strike","Headbutt"],"picked":"Clash","floor":13.0},{"not_picked":["Sever Soul","Thunderclap","Headbutt"],"picked":"SKIP","floor":14.0}],"player_experience":127776,"potions_floor_usage":[],"damage_taken":[{"damage":4.0,"enemies":"Small Slimes","floor":1.0,"turns":4.0},{"damage":0.0,"enemies":"Cultist","floor":3.0,"turns":4.0},{"damage":7.0,"enemies":"Jaw Worm","floor":4.0,"turns":4.0},{"damage":25.0,"enemies":"Exordium Thugs","floor":5.0,"turns":4.0},{"damage":32.0,"enemies":"3 Sentries","floor":6.0,"turns":7.0},{"damage":2.0,"enemies":"Large Slime","floor":7.0,"turns":3.0},{"damage":3.0,"enemies":"Exordium Wildlife","floor":12.0,"turns":3.0},{"damage":8.0,"enemies":"Blue Slaver","floor":13.0,"turns":3.0},{"damage":5.0,"enemies":"2 Fungi Beasts","floor":14.0,"turns":3.0},{"damage":57,"enemies":"Hexaghost","floor":16,"turns":9}],"relics_obtained":[{"floor":6.0,"key":"Bag of Preparation"},{"floor":9.0,"key":"Juzu Bracelet"}],"event_choices":[{"event_name":"Golden Idol","player_choice":"Take Wound","floor":11.0,"damage_taken":0.0}],"boss_relics":[],"items_purged_floors":[],"is_endless":false,"potions_floor_spawned":[1,5,6],"seed_played":"-5578538098880808061","killed_by":"Hexaghost","ascension_level":3,"potions_obtained":[{"floor":1.0,"key":"Fire Potion"},{"floor":5.0,"key":"PowerPotion"},{"floor":6.0,"key":"Fire Potion"}],"is_trial":false}