{"gold_per_floor":[113,188,201,18,38,38,65,65,65,83,83,83,101,134,134,134],"floor_reached":16,"playtime":661,"items_purged":["Strike_R"],"score":220,"play_id":"58853301-c78f-4961-8de7-be63ca439c8f","local_time":"20190503203324","is_ascension_mode":true,"campfire_choices":[{"data":"Bash","floor":6,"key":"SMITH"},{"data":"True Grit","floor":8,"key":"SMITH"},{"data":"Sword Boomerang","floor":12,"key":"SMITH"},{"floor":15,"key":"REST"}],"neow_cost":"NONE","seed_source_timestamp":401292326851500,"circlet_count":0,"master_deck":["AscendersBane","Strike_R","Strike_R","Strike_R","Strike_R","Defend_R","Defend_R","Defend_R","Defend_R","Bash+1","Spot Weakness+1","Sword Boomerang+1","True Grit+1","Disarm+1","Evolve","Shrug It Off+1"],"relics":["Burning Blood","Toxic Egg 2","Shuriken"],"potions_floor_usage":[7,16,16],"damage_taken":[{"damage":10,"enemies":"2 Louse","floor":1,"turns":3},{"damage":17,"enemies":"Small Slimes","floor":3,"turns":5},{"damage":7,"enemies":"Jaw Worm","floor":5,"turns":5},{"damage":26,"enemies":"3 Sentries","floor":7,"turns":8},{"damage":3,"enemies":"Looter","floor":10,"turns":4},{"damage":10,"enemies":"Blue Slaver","floor":13,"turns":5},{"damage":20,"enemies":"Lagavulin","floor":14,"turns":7},{"damage":46,"enemies":"Slime Boss","floor":16,"turns":7}],"seed_played":"6908576616282813790","potions_obtained":[{"floor":1,"key":"Dexterity Potion"},{"floor":7,"key":"Dexterity Potion"},{"floor":10,"key":"GamblersBrew"}],"is_trial":false,"path_per_floor":["M","?","M","$","M","R","E","R","T","M","?","R","M","E","R","B"],"character_chosen":"IRONCLAD","items_purchased":["True Grit","AttackPotion"],"campfire_rested":1,"item_purchase_floors":[4,4],"current_hp_per_floor":[71,60,49,49,48,48,28,28,28,31,31,31,27,13,37,0],"gold":134,"neow_bonus":"TEN_PERCENT_HP_BONUS","is_prod":false,"is_daily":false,"chose_seed":false,"campfire_upgraded":3,"win_rate":0,"timestamp":1556883204,"path_taken":["M","?","M","$","M","R","E","R","T","M","?","R","M","E","R","BOSS"],"build_version":"2019-01-23","purchased_purges":1,"victory":false,"max_hp_per_floor":[82,82,82,82,82,82,82,82,82,82,82,82,82,82,82,82],"card_choices":[{"not_picked":["True Grit","Wild Strike"],"picked":"Spot Weakness","floor":1},{"not_picked":["Fire Breathing","Warcry"],"picked":"Sword Boomerang","floor":3},{"not_picked":["Searing Blow","Body Slam","Armaments"],"picked":"SKIP","floor":5},{"not_picked":["Sword Boomerang","Bludgeon"],"picked":"Disarm","floor":7},{"not_picked":["Cleave","Dual Wield+1"],"picked":"Evolve","floor":10},{"not_picked":["Thunderclap","Blood for Blood","Iron Wave"],"picked":"SKIP","floor":13},{"not_picked":["Searing Blow","Cleave"],"picked":"Shrug It Off+1","floor":14}],"player_experience":1203336,"relics_obtained":[{"floor":7,"key":"Toxic Egg 2"},{"floor":14,"key":"Shuriken"}],"event_choices":[{"damage_healed":0,"gold_gain":75,"player_choice":"Gather Gold","damage_taken":11,"max_hp_gain":0,"max_hp_loss":0,"event_name":"World of Goop","floor":2,"gold_loss":0},{"damage_healed":0,"gold_gain":0,"player_choice":"Grow","damage_taken":0,"max_hp_gain":0,"max_hp_loss":0,"event_name":"Living Wall","floor":11,"gold_loss":0,"cards_upgraded":["Spot Weakness"]}],"is_beta":false,"boss_relics":[],"items_purged_floors":[4],"is_endless":false,"potions_floor_spawned":[1,7,10],"killed_by":"Slime Boss","ascension_level":20}