{"gold_per_floor":[117,27,27,27,38,65,65,95,95,128,128,144,144,60,60,134,134,152,152,172,12,12,12,12,12,64,93,112,123,123,123,123,196,196,213,227,227,227,62,62,92,92,92,92,92,92,192,220,220,220,220,220,220,48,74,74],"floor_reached":57,"playtime":4909,"items_purged":["Strike_B"],"score":2976,"play_id":"195274aa-3d75-4f54-b7ba-fa3cdf5e6294","local_time":"20190511112459","is_ascension_mode":true,"campfire_choices":[{"data":"Barrage","floor":7,"key":"SMITH"},{"data":"Go for the Eyes","floor":11,"key":"SMITH"},{"data":"Beam Cell","floor":13,"key":"SMITH"},{"data":"Sunder","floor":15,"key":"SMITH"},{"data":"Ghostly","floor":23,"key":"SMITH"},{"data":"Defragment","floor":25,"key":"SMITH"},{"data":"Ghostly","floor":30,"key":"SMITH"},{"data":"Ghostly","floor":32,"key":"SMITH"},{"data":"Echo Form","floor":40,"key":"SMITH"},{"floor":42,"key":"RECALL"},{"data":"Loop","floor":45,"key":"SMITH"},{"data":"Buffer","floor":49,"key":"SMITH"},{"data":"Coolheaded","floor":53,"key":"SMITH"}],"neow_cost":"NONE","seed_source_timestamp":628859001713600,"circlet_count":0,"master_deck":["AscendersBane","Strike_B+1","Strike_B+1","Strike_B+1","Defend_B+1","Defend_B+1","Defend_B+1","Defend_B+1","Zap","Dualcast","Barrage+1","Glacier","Beam Cell+1","Cold Snap","BootSequence","Go for the Eyes+1","Sunder+1","Core Surge","Echo Form+1","Gash+1","Ghostly+1","Ghostly+1","Ghostly+1","Defragment+1","Loop+1","Coolheaded+1","BootSequence+1","Capacitor","Buffer+1","Gash","Purity"],"relics":["Cracked Core","NeowsBlessing","Thread and Needle","Mango","Boot","Gambling Chip","Vajra","Velvet Choker","MutagenicStrength","Pen Nib","Juzu Bracelet","Runic Pyramid","Strawberry","Kunai","Ginger","Pocketwatch","PreservedInsect","DataDisk","Emotion Chip"],"potions_floor_usage":[10,16,27],"damage_taken":[{"damage":0,"enemies":"Jaw Worm","floor":1,"turns":1},{"damage":0,"enemies":"2 Louse","floor":5,"turns":1},{"damage":0,"enemies":"Gremlin Nob","floor":6,"turns":1},{"damage":8,"enemies":"3 Sentries","floor":8,"turns":9},{"damage":15,"enemies":"Gremlin Nob","floor":10,"turns":4},{"damage":0,"enemies":"Small Slimes","floor":12,"turns":2},{"damage":30,"enemies":"The Guardian","floor":16,"turns":11},{"damage":3,"enemies":"Shell Parasite","floor":18,"turns":3},{"damage":0,"enemies":"2 Thieves","floor":20,"turns":3},{"damage":0,"enemies":"Slavers","floor":27,"turns":5},{"damage":0,"enemies":"3 Cultists","floor":28,"turns":6},{"damage":0,"enemies":"Snake Plant","floor":29,"turns":5},{"damage":18,"enemies":"Collector","floor":33,"turns":11},{"damage":0,"enemies":"3 Shapes","floor":35,"turns":4},{"damage":0,"enemies":"Orb Walker","floor":36,"turns":4},{"damage":0,"enemies":"Giant Head","floor":41,"turns":12},{"damage":0,"enemies":"Mind Bloom Boss Battle","floor":47,"turns":6},{"damage":0,"enemies":"Nemesis","floor":48,"turns":7},{"damage":24,"enemies":"Time Eater","floor":50,"turns":13},{"damage":0,"enemies":"Donu and Deca","floor":51,"turns":16},{"damage":0,"enemies":"Shield and Spear","floor":55,"turns":8},{"damage":38,"enemies":"The Heart","floor":56,"turns":15}],"seed_played":"-6670752867577397972","potions_obtained":[{"floor":5,"key":"FearPotion"},{"floor":10,"key":"GamblersBrew"},{"floor":16,"key":"Strength Potion"},{"floor":29,"key":"Ancient Potion"},{"floor":33,"key":"Fire Potion"}],"is_trial":false,"path_per_floor":["M","$","?","?","M","E","R","E","T","E","R","M","R","$","R","B",null,"M","?","M","$","?","R","?","R","T","E","M","M","R","?","R","B",null,"M","M","?","T","$","R","E","R","T","?","R","$","?","E","R","B","B",null,"R","$","E","B",null],"character_chosen":"DEFECT","items_purchased":["Glacier","Core Surge","Loop","Strawberry","DataDisk"],"campfire_rested":0,"item_purchase_floors":[2,14,21,39,54],"current_hp_per_floor":[64,64,64,53,53,67,67,59,59,44,44,44,44,44,44,14,67,64,42,42,42,42,42,42,42,42,42,42,42,42,42,42,24,38,38,38,38,38,45,45,45,45,45,45,45,45,45,45,45,21,21,42,42,42,42,4],"gold":74,"neow_bonus":"THREE_ENEMY_KILL","is_prod":false,"is_daily":false,"chose_seed":false,"campfire_upgraded":12,"win_rate":0,"timestamp":1557588299,"path_taken":["M","$","?","?","M","E","R","E","T","E","R","M","R","$","R","BOSS","M","?","M","$","?","R","?","R","T","E","M","M","R","?","R","BOSS","M","M","?","?","$","R","E","R","T","?","R","?","?","E","R","BOSS","BOSS","R","$","E","BOSS"],"build_version":"2019-01-23","purchased_purges":1,"victory":true,"max_hp_per_floor":[71,71,71,71,71,85,85,85,85,85,85,85,85,85,85,85,85,85,42,42,42,42,42,42,42,42,42,42,42,42,42,42,42,42,42,42,42,42,49,49,49,49,49,49,49,49,49,49,49,49,49,49,49,49,49,49],"card_choices":[{"not_picked":["Stack","Turbo"],"picked":"Barrage","floor":1},{"not_picked":["Turbo","Force Field"],"picked":"Beam Cell","floor":5},{"not_picked":["Conserve Battery","Barrage"],"picked":"Cold Snap","floor":6},{"not_picked":["Streamline","Multi-Cast"],"picked":"BootSequence","floor":8},{"not_picked":["Chaos","Rip and Tear"],"picked":"Go for the Eyes","floor":10},{"not_picked":["Leap","Ball Lightning"],"picked":"Sunder","floor":12},{"not_picked":["Thunder Strike","Creative AI"],"picked":"Echo Form","floor":16},{"not_picked":["Stack","Storm"],"picked":"Gash+1","floor":18},{"not_picked":["Fusion","Compile Driver"],"picked":"Defragment","floor":20},{"not_picked":["Redo","Heatsinks","Barrage"],"picked":"SKIP","floor":27},{"not_picked":["Compile Driver","Conserve Battery"],"picked":"BootSequence+1","floor":28},{"not_picked":["Redo","Beam Cell"],"picked":"Capacitor","floor":29},{"not_picked":["Fission","All For One"],"picked":"Buffer","floor":33},{"not_picked":["Melter","Conserve Battery"],"picked":"Gash","floor":35},{"not_picked":["Rip and Tear","Gash","Reprogram"],"picked":"SKIP","floor":36},{"not_picked":["Go for the Eyes+1","Chaos","Conserve Battery"],"picked":"SKIP","floor":41},{"not_picked":["Violence","Forethought"],"picked":"Purity","floor":44},{"not_picked":["Beam Cell","Steam","Tempest"],"picked":"SKIP","floor":48},{"not_picked":["Rip and Tear","Doom and Gloom","Tempest+1"],"picked":"SKIP","floor":55}],"player_experience":1250445,"relics_obtained":[{"floor":6,"key":"Mango"},{"floor":8,"key":"Boot"},{"floor":9,"key":"Gambling Chip"},{"floor":10,"key":"Vajra"},{"floor":26,"key":"Pen Nib"},{"floor":27,"key":"Juzu Bracelet"},{"floor":41,"key":"Kunai"},{"floor":43,"key":"Ginger"},{"floor":47,"key":"Pocketwatch"},{"floor":48,"key":"PreservedInsect"},{"floor":55,"key":"Emotion Chip"}],"event_choices":[{"damage_healed":0,"gold_gain":0,"player_choice":"Leave","damage_taken":0,"max_hp_gain":0,"max_hp_loss":0,"event_name":"The Cleric","floor":3,"gold_loss":0},{"damage_healed":0,"gold_gain":0,"player_choice":"Success","damage_taken":11,"relics_obtained":["Thread and Needle"],"max_hp_gain":0,"max_hp_loss":0,"event_name":"Scrap Ooze","floor":4,"gold_loss":0},{"damage_healed":0,"gold_gain":0,"player_choice":"Became a Ghost","damage_taken":0,"max_hp_gain":0,"max_hp_loss":43,"event_name":"Ghosts","floor":19,"gold_loss":0,"cards_obtained":["Ghostly","Ghostly","Ghostly"]},{"damage_healed":0,"gold_gain":0,"player_choice":"Inject Mutagens","damage_taken":0,"relics_obtained":["MutagenicStrength"],"max_hp_gain":0,"max_hp_loss":0,"event_name":"Drug Dealer","floor":22,"gold_loss":0},{"damage_healed":0,"gold_gain":0,"player_choice":"Read","damage_taken":0,"max_hp_gain":0,"max_hp_loss":0,"event_name":"The Library","floor":24,"gold_loss":0,"cards_obtained":["Coolheaded"]},{"damage_healed":0,"gold_gain":0,"player_choice":"Simplicity","damage_taken":0,"max_hp_gain":0,"max_hp_loss":0,"event_name":"Back to Basics","floor":31,"gold_loss":0,"cards_upgraded":["Strike_B","Strike_B","Strike_B","Defend_B","Defend_B","Defend_B","Defend_B"]},{"damage_healed":0,"gold_gain":0,"player_choice":"Ignored","damage_taken":0,"max_hp_gain":0,"max_hp_loss":0,"event_name":"Tomb of Lord Red Mask","floor":37,"gold_loss":0},{"damage_healed":0,"gold_gain":0,"player_choice":"Memory 1","damage_taken":0,"max_hp_gain":0,"max_hp_loss":0,"event_name":"SensoryStone","floor":44,"gold_loss":0},{"damage_healed":0,"gold_gain":0,"player_choice":"Fight","damage_taken":0,"max_hp_gain":0,"max_hp_loss":0,"event_name":"MindBloom","floor":47,"gold_loss":0}],"is_beta":false,"boss_relics":[{"not_picked":["Tiny House","Eternal Feather"],"picked":"Velvet Choker"},{"not_picked":["Philosopher\u0027s Stone","FrozenCore"],"picked":"Runic Pyramid"}],"items_purged_floors":[21],"is_endless":false,"potions_floor_spawned":[5,10,16,29,33,41,47,48,55],"ascension_level":20}