{"gold_per_floor":[111,127,141,141,441,469,469,488,488,505,521,531,370,370,370,474,474,440,440,460,460,181,181,280,156,156,156,103,123,142,157,157,255,285,296,314,314,333,343,343,357,369,369,383,383,383,34,0,0,0],"floor_reached":50,"playtime":4424,"items_purged":["Writhe"],"score":523,"play_id":"80cee994-99e2-455c-b7a6-ad8357fb78f3","local_time":"20180703205438","is_ascension_mode":false,"campfire_choices":[{"floor":7,"key":"REST"},{"data":"Chill","floor":15,"key":"SMITH"},{"data":"Zap","floor":23,"key":"SMITH"},{"data":"Dualcast","floor":27,"key":"SMITH"},{"floor":32,"key":"REST"},{"floor":40,"key":"REST"},{"floor":45,"key":"REST"},{"floor":49,"key":"REST"}],"neow_cost":"NONE","seed_source_timestamp":105170477403472,"circlet_count":0,"master_deck":["Strike_B","Defend_B+1","Defend_B","Defend_B","Defend_B+1","Zap+1","Dualcast+1","Steam","Rip and Tear","Darkness","Steam","Go for the Eyes","Go for the Eyes+1","Chill+1","Madness","Stack","All For One","Ball Lightning","Darkness","Gash","Ball Lightning","Flash of Steel","Redo","Ball Lightning","Gash","Gash","Echo Form","Steam+1","Gash","Ball Lightning+1","Streamline+1","Streamline+1","Writhe","Go for the Eyes"],"relics":["Cracked Core","War Paint","Old Coin","Potion Belt","Mango","Empty Cage","Incense Burner","Blood Vial","Toolbox","Tiny House","Ice Cream","Gremlin Horn","Calipers","Red Mask"],"potions_floor_usage":[16,16,33,33,36,42,44,44,50,50],"damage_taken":[{"damage":7,"enemies":"2 Louse","floor":1,"turns":3},{"damage":0,"enemies":"Cultist","floor":2,"turns":4},{"damage":0,"enemies":"Jaw Worm","floor":3,"turns":3},{"damage":41,"enemies":"Lagavulin","floor":6,"turns":7},{"damage":2,"enemies":"Red Slaver","floor":8,"turns":3},{"damage":1,"enemies":"2 Fungi Beasts","floor":10,"turns":3},{"damage":0,"enemies":"Large Slime","floor":11,"turns":4},{"damage":13,"enemies":"Exordium Wildlife","floor":12,"turns":4},{"damage":44,"enemies":"Slime Boss","floor":16,"turns":15},{"damage":9,"enemies":"2 Thieves","floor":18,"turns":5},{"damage":8,"enemies":"Chosen","floor":20,"turns":7},{"damage":6,"enemies":"Sentry and Sphere","floor":29,"turns":4},{"damage":13,"enemies":"Cultist and Chosen","floor":30,"turns":5},{"damage":23,"enemies":"Centurion and Healer","floor":31,"turns":4},{"damage":61,"enemies":"Champ","floor":33,"turns":10},{"damage":37,"enemies":"3 Shapes","floor":35,"turns":4},{"damage":13,"enemies":"Orb Walker","floor":36,"turns":5},{"damage":0,"floor":37,"turns":6},{"damage":21,"enemies":"3 Darklings","floor":38,"turns":6},{"damage":0,"enemies":"4 Shapes","floor":39,"turns":4},{"damage":42,"enemies":"Maw","floor":41,"turns":8},{"damage":16,"enemies":"Sphere and 2 Shapes","floor":42,"turns":5},{"damage":0,"enemies":"4 Shapes","floor":44,"turns":7},{"damage":96,"enemies":"Time Eater","floor":50,"turns":8}],"seed_played":"3943883980803325050","potions_obtained":[{"floor":1,"key":"FocusPotion"},{"floor":6,"key":"FocusPotion"},{"floor":11,"key":"Regen Potion"},{"floor":12,"key":"Dexterity Potion"},{"floor":31,"key":"EssenceOfSteel"},{"floor":34,"key":"Ancient Potion"},{"floor":35,"key":"Energy Potion"},{"floor":36,"key":"SkillPotion"},{"floor":37,"key":"SpeedPotion"},{"floor":38,"key":"Weak Potion"},{"floor":44,"key":"Swift Potion"}],"is_trial":false,"path_per_floor":["M","M","M","?","T","E","R","M","T","M","M","M","$","?","R","B",null,"M","?","M","?","$","R","?","$","T","R","$","M","M","M","R","B",null,"M","M","?","M","M","R","M","M","T","M","R","?","$","?","R"],"character_chosen":"DEFECT","items_purchased":["Chill","Madness","Gash","Blood Vial","Ball Lightning","Flash of Steel","Redo","Go for the Eyes","Calipers"],"campfire_rested":5,"item_purchase_floors":[13,13,22,22,25,25,28,47,47],"current_hp_per_floor":[68,68,68,68,68,27,49,47,61,60,60,47,47,47,47,18,89,80,80,72,72,72,72,72,72,72,72,72,68,57,36,62,3,94,57,46,48,29,31,59,19,5,5,7,35,59,59,59,87,0],"gold":0,"neow_bonus":"RANDOM_COMMON_RELIC","is_prod":false,"is_daily":false,"chose_seed":false,"campfire_upgraded":3,"win_rate":0.0,"timestamp":1530665678,"path_taken":["M","M","M","?","?","E","R","M","T","?","M","M","$","?","R","BOSS","M","?","?","?","$","R","?","$","T","R","?","M","M","M","R","BOSS","M","M","?","M","?","R","M","M","T","M","R","?","$","?","R","BOSS"],"build_version":"2018-06-28","purchased_purges":1,"victory":false,"max_hp_per_floor":[75,75,75,75,75,75,75,75,89,89,89,89,89,89,89,89,89,89,89,89,89,89,89,89,89,89,89,89,89,89,89,89,89,94,94,94,94,94,94,94,94,94,94,94,94,94,94,94,94,94],"card_choices":[{"not_picked":["Double Energy","Coolheaded"],"picked":"Steam","floor":1},{"not_picked":["Gash","Barrage"],"picked":"Rip and Tear","floor":2},{"not_picked":["Hologram","Fusion","Barrage"],"picked":"SKIP","floor":3},{"not_picked":["Biased Cognition","Rip and Tear"],"picked":"Darkness","floor":6},{"not_picked":["Undo","Chaos"],"picked":"Steam","floor":8},{"not_picked":["Loop","Conserve Battery"],"picked":"Go for the Eyes","floor":10},{"not_picked":["Sweeping Beam","Reinforced Body"],"picked":"Go for the Eyes","floor":11},{"not_picked":["Hologram","Static Discharge","Compile Driver"],"picked":"SKIP","floor":12},{"not_picked":["Biased Cognition","Thunder Strike"],"picked":"All For One","floor":16},{"not_picked":["Rebound+1","Go for the Eyes"],"picked":"Ball Lightning","floor":18},{"not_picked":["Blizzard","Consume"],"picked":"Darkness","floor":20},{"not_picked":["Glacier","Leap"],"picked":"Ball Lightning","floor":29},{"not_picked":["FTL","Loop"],"picked":"Gash","floor":30},{"not_picked":["Leap+1","Amplify"],"picked":"Gash","floor":31},{"not_picked":["Buffer","Reboot"],"picked":"Echo Form","floor":33},{"not_picked":["Compile Driver","Coolheaded"],"picked":"Steam+1","floor":35},{"not_picked":["Compile Driver+1","Storm"],"picked":"Gash","floor":36},{"not_picked":["Steam","Lockon"],"picked":"Ball Lightning+1","floor":37},{"not_picked":["Doom and Gloom","Compile Driver+1"],"picked":"Streamline+1","floor":38},{"not_picked":["Conserve Battery+1","Tempest"],"picked":"Streamline+1","floor":39},{"not_picked":["Force Field","Beam Cell","Scrape"],"picked":"SKIP","floor":41},{"not_picked":["Rebound+1","Biased Cognition","Stack"],"picked":"SKIP","floor":42},{"not_picked":["Leap","Rebound+1","Consume+1"],"picked":"SKIP","floor":44}],"player_experience":11780,"relics_obtained":[{"floor":5,"key":"Old Coin"},{"floor":6,"key":"Potion Belt"},{"floor":9,"key":"Mango"},{"floor":26,"key":"Toolbox"},{"floor":37,"key":"Ice Cream"},{"floor":43,"key":"Gremlin Horn"}],"event_choices":[{"event_name":"Golden Wing","player_choice":"Ignored","floor":4,"damage_taken":0},{"event_name":"Living Wall","player_choice":"Change","floor":14,"damage_taken":0},{"event_name":"The Mausoleum","player_choice":"Yes","floor":19,"damage_taken":0},{"event_name":"Vampires","player_choice":"Ignored","floor":21,"damage_taken":0},{"event_name":"Nest","player_choice":"Stole From Cult","floor":24,"damage_taken":0},{"event_name":"MindBloom","player_choice":"Fight","floor":37,"damage_taken":0},{"event_name":"Winding Halls","player_choice":"Writhe","floor":46,"damage_taken":0},{"event_name":"Tomb of Lord Red Mask","player_choice":"Paid","floor":48,"damage_taken":0}],"boss_relics":[{"not_picked":["Black Star","Ectoplasm"],"picked":"Empty Cage"},{"not_picked":["Eternal Feather","Astrolabe"],"picked":"Tiny House"}],"items_purged_floors":[22],"is_endless":false,"potions_floor_spawned":[1,6,11,12,31,35,36,37,38,44],"killed_by":"Time Eater","ascension_level":0}