{"gold_per_floor":[116,17,32,44,55,55,67,95,95,95,107,137,156,170,170,246,246,246,246,87,87,87,87,87,37,37,37,37,37,37,37,37,37],"floor_reached":33,"playtime":2118,"items_purged":["Strike_B"],"score":602,"play_id":"38d7fcc4-297c-4e0f-826d-9b0fb8579efe","local_time":"20190507003808","is_ascension_mode":true,"campfire_choices":[{"data":"Go for the Eyes","floor":6,"key":"SMITH"},{"data":"Doom and Gloom","floor":10,"key":"SMITH"},{"data":"Reinforced Body","floor":15,"key":"SMITH"},{"data":"Defragment","floor":23,"key":"SMITH"},{"floor":27,"key":"REST"},{"floor":32,"key":"REST"}],"neow_cost":"NONE","seed_source_timestamp":51017982408700,"circlet_count":0,"master_deck":["AscendersBane","Strike_B","Strike_B","Strike_B","Defend_B","Defend_B","Defend_B","Defend_B","Zap+1","Dualcast","Undo","Doom and Gloom+1","Steam","Go for the Eyes+1","Cold Snap+1","Rebound","Ball Lightning","All For One","Glacier","Capacitor+1","Reinforced Body+1","Seek","Compile Driver","Defragment+1","Self Repair","Electrodynamics","FTL","Conserve Battery+1"],"relics":["Cracked Core","Lantern","Juzu Bracelet","Ectoplasm","Sundial","Toxic Egg 2","Red Mask","Art of War"],"potions_floor_usage":[12,16,18,22,24,24,33],"damage_taken":[{"damage":1,"enemies":"Cultist","floor":1,"turns":3},{"damage":0,"enemies":"2 Louse","floor":3,"turns":3},{"damage":1,"enemies":"Jaw Worm","floor":4,"turns":3},{"damage":1,"enemies":"Red Slaver","floor":5,"turns":3},{"damage":7,"enemies":"Large Slime","floor":7,"turns":5},{"damage":11,"enemies":"Lagavulin","floor":8,"turns":5},{"damage":0,"enemies":"Exordium Wildlife","floor":11,"turns":2},{"damage":4,"enemies":"Gremlin Nob","floor":12,"turns":3},{"damage":0,"enemies":"2 Fungi Beasts","floor":13,"turns":2},{"damage":3,"enemies":"Large Slime","floor":14,"turns":4},{"damage":12,"enemies":"The Guardian","floor":16,"turns":14},{"damage":9,"enemies":"Spheric Guardian","floor":18,"turns":4},{"damage":0,"enemies":"Chosen","floor":19,"turns":3},{"damage":11,"enemies":"Snake Plant","floor":22,"turns":6},{"damage":15,"enemies":"Slavers","floor":24,"turns":4},{"damage":15,"enemies":"Masked Bandits","floor":28,"turns":3},{"damage":8,"enemies":"Cultist and Chosen","floor":29,"turns":9},{"damage":16,"enemies":"Book of Stabbing","floor":30,"turns":5},{"damage":0,"enemies":"Centurion and Healer","floor":31,"turns":7},{"damage":68,"enemies":"Collector","floor":33,"turns":13}],"seed_played":"-2915923581935106409","potions_obtained":[{"floor":1,"key":"Swift Potion"},{"floor":7,"key":"SkillPotion"},{"floor":11,"key":"FearPotion"},{"floor":12,"key":"AttackPotion"},{"floor":16,"key":"Ancient Potion"},{"floor":22,"key":"SteroidPotion"},{"floor":29,"key":"FairyPotion"},{"floor":31,"key":"FearPotion"}],"is_trial":false,"path_per_floor":["M","$","M","M","M","R","M","E","T","R","M","E","M","M","R","B",null,"M","M","$","?","M","R","E","?","T","R","?","M","E","M","R","B"],"character_chosen":"DEFECT","items_purchased":["Doom and Gloom","Steam","Ancient Potion"],"campfire_rested":2,"item_purchase_floors":[2,2,20],"current_hp_per_floor":[63,63,63,62,61,61,54,43,43,43,43,39,39,36,36,24,59,50,50,50,50,39,39,31,31,31,52,37,29,20,27,48,0],"gold":37,"neow_bonus":"UPGRADE_CARD","is_prod":false,"is_daily":false,"chose_seed":false,"campfire_upgraded":4,"win_rate":0,"timestamp":1557157088,"path_taken":["M","$","M","M","M","R","M","E","T","R","?","E","M","M","R","BOSS","M","M","$","?","M","R","E","?","T","R","?","M","E","M","R","BOSS"],"build_version":"2019-01-23","purchased_purges":1,"victory":false,"max_hp_per_floor":[71,71,71,71,71,71,71,71,71,71,71,71,71,71,71,71,71,71,71,71,71,71,71,71,71,71,71,71,71,71,71,71,71],"card_choices":[{"not_picked":["FTL","Melter"],"picked":"Undo","floor":1},{"not_picked":["Lockon","Turbo"],"picked":"Go for the Eyes","floor":3},{"not_picked":["Hologram","Go for the Eyes"],"picked":"Cold Snap","floor":4},{"not_picked":["Redo","Capacitor"],"picked":"Rebound","floor":5},{"not_picked":["BootSequence","Redo"],"picked":"Ball Lightning","floor":7},{"not_picked":["Turbo","Static Discharge","Storm"],"picked":"SKIP","floor":8},{"not_picked":["Force Field","Beam Cell"],"picked":"All For One","floor":11},{"not_picked":["Storm","Rebound"],"picked":"Glacier","floor":12},{"not_picked":["Chill","Blizzard"],"picked":"Capacitor","floor":13},{"not_picked":["Sweeping Beam","Rip and Tear"],"picked":"Reinforced Body","floor":14},{"not_picked":["Rainbow","Buffer"],"picked":"Seek","floor":16},{"not_picked":["Leap","Blizzard"],"picked":"Compile Driver","floor":18},{"not_picked":["Sweeping Beam","Consume"],"picked":"Defragment","floor":19},{"not_picked":["Hello World","Double Energy"],"picked":"Self Repair","floor":22},{"not_picked":["Biased Cognition","Sweeping Beam"],"picked":"Electrodynamics","floor":24},{"not_picked":["Gash","Static Discharge"],"picked":"FTL","floor":28},{"not_picked":["Go for the Eyes","Beam Cell","Aggregate+1"],"picked":"SKIP","floor":29},{"not_picked":["Thunder Strike","BootSequence+1","Streamline"],"picked":"SKIP","floor":30},{"not_picked":["Steam+1","Streamline"],"picked":"Conserve Battery+1","floor":31}],"player_experience":1259214,"relics_obtained":[{"floor":8,"key":"Lantern"},{"floor":12,"key":"Juzu Bracelet"},{"floor":24,"key":"Sundial"},{"floor":26,"key":"Toxic Egg 2"},{"floor":28,"key":"Red Mask"},{"floor":30,"key":"Art of War"}],"event_choices":[{"damage_healed":0,"gold_gain":0,"player_choice":"Ignored","damage_taken":0,"max_hp_gain":0,"max_hp_loss":0,"event_name":"Ghosts","floor":21,"gold_loss":0},{"damage_healed":0,"gold_gain":0,"player_choice":"Upgraded Two","damage_taken":0,"max_hp_gain":0,"max_hp_loss":0,"event_name":"Designer","floor":25,"gold_loss":50,"cards_upgraded":["Cold Snap","Capacitor"]},{"damage_healed":0,"gold_gain":0,"player_choice":"Fought Bandits","damage_taken":0,"max_hp_gain":0,"max_hp_loss":0,"event_name":"Masked Bandits","floor":28,"gold_loss":0}],"is_beta":false,"boss_relics":[{"not_picked":["Inserter","Runic Dome"],"picked":"Ectoplasm"}],"items_purged_floors":[20],"is_endless":false,"potions_floor_spawned":[1,7,11,12,16,22,29,31],"killed_by":"Collector","ascension_level":20}