{"gold_per_floor":[114,114,125,135,148,148,148,177,256,256,274,289,289,208,208,309,309,320,41,55,67,67,67,93,104,129,143,143,158,171,171,171,275,275,289,289,305,322,30,30,130,130,130,130,130,150,169,189,189,189],"floor_reached":50,"playtime":3133,"items_purged":["Strike_R"],"score":518,"play_id":"ae355b1c-2968-43dd-9e8e-1ce992db0e79","local_time":"20190425194538","is_ascension_mode":false,"campfire_choices":[{"data":"Disarm","floor":6,"key":"SMITH"},{"data":"Bash","floor":10,"key":"SMITH"},{"floor":15,"key":"REST"},{"data":"Feed","floor":23,"key":"SMITH"},{"data":"Anger","floor":28,"key":"SMITH"},{"floor":32,"key":"REST"},{"floor":40,"key":"REST"},{"floor":49,"key":"REST"}],"neow_cost":"NONE","seed_source_timestamp":111744734937398,"circlet_count":0,"master_deck":["Strike_R","Defend_R","Defend_R","Defend_R","Defend_R","Bash+1","Dual Wield","Disarm+1","Armaments+1","Pommel Strike","Disarm","Double Tap","Headbutt","Feed+1","Anger+1","Cleave","Iron Wave","Rampage","Clothesline","True Grit","Seeing Red","Reaper","True Grit+1","Metallicize","Purity","Sentinel"],"relics":["Black Blood","Calipers","Mercury Hourglass","Runic Pyramid","Bag of Preparation","FossilizedHelix","Bird Faced Urn","Oddly Smooth Stone","Self Forming Clay"],"potions_floor_usage":[5,22,24,30,50,50,50],"damage_taken":[{"damage":6,"enemies":"Jaw Worm","floor":1,"turns":4},{"damage":12,"enemies":"Cultist","floor":3,"turns":6},{"damage":2,"enemies":"Small Slimes","floor":4,"turns":4},{"damage":25,"enemies":"Gremlin Gang","floor":5,"turns":8},{"damage":33,"enemies":"Gremlin Nob","floor":8,"turns":7},{"damage":0,"enemies":"Blue Slaver","floor":11,"turns":5},{"damage":4,"enemies":"3 Louse","floor":12,"turns":4},{"damage":12,"enemies":"Hexaghost","floor":16,"turns":12},{"damage":15,"enemies":"3 Byrds","floor":18,"turns":6},{"damage":0,"enemies":"Shell Parasite","floor":20,"turns":5},{"damage":12,"enemies":"Snake Plant","floor":21,"turns":6},{"damage":18,"enemies":"Gremlin Leader","floor":24,"turns":7},{"damage":35,"enemies":"Sentry and Sphere","floor":25,"turns":6},{"damage":14,"enemies":"Centurion and Healer","floor":27,"turns":8},{"damage":8,"enemies":"Chosen and Byrds","floor":29,"turns":6},{"damage":20,"enemies":"Snecko","floor":30,"turns":5},{"damage":70,"enemies":"Collector","floor":33,"turns":11},{"damage":15,"enemies":"3 Shapes","floor":35,"turns":5},{"damage":28,"enemies":"3 Darklings","floor":37,"turns":8},{"damage":72,"enemies":"Spire Growth","floor":38,"turns":9},{"damage":0,"enemies":"Mind Bloom Boss Battle","floor":41,"turns":5},{"damage":46,"enemies":"4 Shapes","floor":46,"turns":8},{"damage":28,"enemies":"Sphere and 2 Shapes","floor":47,"turns":9},{"damage":48,"enemies":"Jaw Worm Horde","floor":48,"turns":9},{"damage":98,"enemies":"Donu and Deca","floor":50,"turns":7}],"seed_played":"1391262842701927044","potions_obtained":[{"floor":1,"key":"AttackPotion"},{"floor":8,"key":"Swift Potion"},{"floor":11,"key":"LiquidBronze"},{"floor":12,"key":"SkillPotion"},{"floor":22,"key":"Fruit Juice"},{"floor":22,"key":"FearPotion"},{"floor":22,"key":"EntropicBrew"},{"floor":30,"key":"BloodPotion"},{"floor":33,"key":"Regen Potion"},{"floor":37,"key":"EssenceOfSteel"},{"floor":38,"key":"Regen Potion"}],"is_trial":false,"path_per_floor":["M","?","M","M","M","R","?","E","T","R","M","M","?","$","R","B",null,"M","$","M","M","?","R","E","M","T","M","R","M","M","?","R","B",null,"M","?","M","M","$","R","?","?","T","?","T","M","M","M","R","B"],"character_chosen":"IRONCLAD","items_purchased":["Disarm","Feed","Anger","FossilizedHelix"],"campfire_rested":4,"item_purchase_floors":[14,19,19,39],"current_hp_per_floor":[80,80,74,78,59,59,52,25,25,25,31,33,33,33,57,51,80,71,71,80,78,83,83,75,50,50,46,46,48,38,38,71,7,112,111,111,97,35,35,71,85,85,85,85,85,66,54,30,69,0],"gold":189,"neow_bonus":"TRANSFORM_CARD","is_prod":false,"is_daily":false,"chose_seed":false,"campfire_upgraded":4,"win_rate":0,"timestamp":1556235938,"path_taken":["M","?","?","M","M","R","?","E","T","R","M","M","?","$","R","BOSS","M","$","?","M","?","R","E","M","T","M","R","?","M","?","R","BOSS","M","?","?","M","$","R","?","?","T","?","?","M","M","M","R","BOSS"],"build_version":"2019-01-23","purchased_purges":1,"victory":false,"max_hp_per_floor":[80,80,80,80,80,80,80,80,80,80,80,80,80,80,80,80,80,80,80,83,87,92,92,96,100,100,104,104,108,112,112,112,112,112,116,116,120,120,120,120,124,118,118,118,118,122,126,130,130,130],"card_choices":[{"not_picked":["Infernal Blade","Havoc","Clash"],"picked":"SKIP","floor":1},{"not_picked":["Fire Breathing","Flex","Pummel"],"picked":"SKIP","floor":3},{"not_picked":["Fire Breathing","Whirlwind"],"picked":"Disarm","floor":4},{"not_picked":["Flex","Reckless Charge","Body Slam"],"picked":"SKIP","floor":5},{"not_picked":["Havoc","Metallicize"],"picked":"Armaments","floor":8},{"not_picked":["Shrug It Off","Twin Strike"],"picked":"Pommel Strike","floor":11},{"not_picked":["Evolve","Wild Strike","Twin Strike"],"picked":"SKIP","floor":12},{"not_picked":["Brutality","Limit Break"],"picked":"Double Tap","floor":16},{"not_picked":["Feel No Pain+1","Sword Boomerang+1"],"picked":"Headbutt","floor":18},{"not_picked":["Clothesline+1","Disarm"],"picked":"Cleave","floor":20},{"not_picked":["Combust","Flex"],"picked":"Iron Wave","floor":21},{"not_picked":["True Grit+1","Clash"],"picked":"Rampage","floor":24},{"not_picked":["Rupture","Wild Strike","Twin Strike+1"],"picked":"SKIP","floor":25},{"not_picked":["Perfected Strike","Pommel Strike"],"picked":"Clothesline","floor":27},{"not_picked":["Demon Form","Havoc"],"picked":"True Grit","floor":29},{"not_picked":["Havoc+1","Clothesline"],"picked":"Seeing Red","floor":30},{"not_picked":["Immolate","Barricade"],"picked":"Reaper","floor":33},{"not_picked":["Dual Wield","Body Slam+1","Perfected Strike+1"],"picked":"SKIP","floor":35},{"not_picked":["Dual Wield","Sever Soul+1","Wild Strike+1"],"picked":"SKIP","floor":37},{"not_picked":["Headbutt+1","Searing Blow+1"],"picked":"True Grit+1","floor":38},{"not_picked":["Clothesline+1","Intimidate"],"picked":"Metallicize","floor":41},{"not_picked":["Panache","Impatience"],"picked":"Purity","floor":44},{"not_picked":["Rampage+1","Sword Boomerang","Ghostly Armor"],"picked":"SKIP","floor":46},{"not_picked":["Thunderclap","Warcry","Anger+1"],"picked":"SKIP","floor":47},{"not_picked":["Havoc","Armaments+1"],"picked":"Sentinel","floor":48}],"player_experience":174763,"relics_obtained":[{"floor":8,"key":"Calipers"},{"floor":9,"key":"Mercury Hourglass"},{"floor":24,"key":"Bag of Preparation"},{"floor":41,"key":"Bird Faced Urn"},{"floor":43,"key":"Oddly Smooth Stone"},{"floor":45,"key":"Self Forming Clay"}],"event_choices":[{"damage_healed":0,"gold_gain":0,"player_choice":"Bought 0 Potions","damage_taken":0,"max_hp_gain":0,"max_hp_loss":0,"event_name":"The Woman in Blue","floor":2,"gold_loss":0},{"cards_removed":["Strike_R"],"damage_healed":0,"gold_gain":0,"player_choice":"Card Removal","damage_taken":7,"max_hp_gain":0,"max_hp_loss":0,"event_name":"Golden Wing","floor":7,"gold_loss":0},{"damage_healed":0,"gold_gain":0,"player_choice":"Upgraded","damage_taken":0,"max_hp_gain":0,"max_hp_loss":0,"event_name":"Upgrade Shrine","floor":13,"gold_loss":0,"cards_upgraded":["Armaments"]},{"damage_healed":0,"gold_gain":0,"player_choice":"Got Potions","damage_taken":0,"max_hp_gain":0,"max_hp_loss":0,"event_name":"Lab","floor":22,"gold_loss":0},{"damage_healed":0,"gold_gain":0,"player_choice":"Ignored","damage_taken":0,"max_hp_gain":0,"max_hp_loss":0,"event_name":"Ghosts","floor":31,"gold_loss":0},{"cards_removed":["Strike_R"],"damage_healed":0,"gold_gain":0,"player_choice":"Purged","damage_taken":0,"max_hp_gain":0,"max_hp_loss":0,"event_name":"Purifier","floor":36,"gold_loss":0},{"damage_healed":0,"gold_gain":0,"player_choice":"Fight","damage_taken":0,"max_hp_gain":0,"max_hp_loss":0,"event_name":"MindBloom","floor":41,"gold_loss":0},{"damage_healed":0,"gold_gain":0,"player_choice":"Max HP","damage_taken":0,"max_hp_gain":0,"max_hp_loss":6,"event_name":"Winding Halls","floor":42,"gold_loss":0},{"damage_healed":0,"gold_gain":0,"player_choice":"Memory 1","damage_taken":0,"max_hp_gain":0,"max_hp_loss":0,"event_name":"SensoryStone","floor":44,"gold_loss":0}],"is_beta":false,"boss_relics":[{"not_picked":["Sozu","Empty Cage"],"picked":"Runic Pyramid"},{"not_picked":["Mark of Pain","Snecko Eye"],"picked":"Black Blood"}],"items_purged_floors":[19],"is_endless":false,"potions_floor_spawned":[1,8,11,12,16,21,30,33,37,38,48],"killed_by":"Donu and Deca","ascension_level":0}