{"gold_per_floor":[113,63,15,15,28,60,60,60,60,60,60,60,103,123,123,253,253,274,454,10,23,46,80,99,99,122,145,159,159,195,195,195,326,326,340,340,356,22,147,147,163,194,221,284,87,87,87,128,128,128,128,128,77,117,117],"floor_reached":56,"playtime":3567,"items_purged":["Fire Breathing","Regret"],"score":1439,"play_id":"d78bf1ed-8fdf-4038-a645-e094eafed97e","local_time":"20190511025051","is_ascension_mode":true,"campfire_choices":[{"data":"Armaments","floor":7,"key":"SMITH"},{"floor":10,"key":"REST"},{"data":"True Grit","floor":12,"key":"SMITH"},{"data":"Anger","floor":15,"key":"SMITH"},{"floor":25,"key":"REST"},{"floor":32,"key":"REST"},{"data":"Limit Break","floor":40,"key":"SMITH"},{"floor":47,"key":"RECALL"},{"floor":49,"key":"REST"},{"data":"Feel No Pain","floor":52,"key":"SMITH"}],"neow_cost":"NONE","seed_source_timestamp":369956860064165,"circlet_count":0,"master_deck":["Bash+1","True Grit+1","Ghostly Armor","Armaments+1","Anger+1","Evolve","Reaper","Inflame","Sever Soul+1","Wild Strike+1","Flame Barrier+1","Offering+1","Dual Wield","Pommel Strike+1","Immolate","Second Wind+1","Dark Embrace","Clothesline+1","Inflame","Shrug It Off+1","Demon Form+1","Heavy Blade+1","Limit Break+1","Feel No Pain+1","Feel No Pain+1"],"relics":["Burning Blood","Bronze Scales","Incense Burner","Golden Idol","Champion Belt","Dead Branch","Pandora\u0027s Box","Calipers","PreservedInsect","War Paint","Ancient Tea Set","Cursed Key","Medical Kit","Torii","Pantograph","Prayer Wheel","Whetstone","Art of War"],"potions_floor_usage":[6,21,22,23,23,28,33,44,48,48,54,55,55],"damage_taken":[{"damage":9,"enemies":"2 Louse","floor":1,"turns":3},{"damage":5,"enemies":"Small Slimes","floor":5,"turns":3},{"damage":11,"enemies":"Gremlin Nob","floor":6,"turns":4},{"damage":31,"enemies":"3 Sentries","floor":13,"turns":9},{"damage":0,"enemies":"Jaw Worm","floor":14,"turns":2},{"damage":1,"enemies":"The Guardian","floor":16,"turns":10},{"damage":3,"enemies":"3 Byrds","floor":18,"turns":3},{"damage":18,"enemies":"2 Thieves","floor":21,"turns":2},{"damage":15,"enemies":"Centurion and Healer","floor":22,"turns":6},{"damage":15,"enemies":"Gremlin Leader","floor":23,"turns":7},{"damage":57,"enemies":"Shelled Parasite and Fungi","floor":24,"turns":7},{"damage":9,"enemies":"3 Cultists","floor":27,"turns":4},{"damage":16,"enemies":"Centurion and Healer","floor":28,"turns":7},{"damage":35,"enemies":"Slavers","floor":30,"turns":3},{"damage":36,"enemies":"Champ","floor":33,"turns":7},{"damage":9,"enemies":"Orb Walker","floor":35,"turns":3},{"damage":13,"enemies":"3 Darklings","floor":37,"turns":6},{"damage":3,"enemies":"Mind Bloom Boss Battle","floor":39,"turns":7},{"damage":9,"enemies":"Transient","floor":41,"turns":5},{"damage":20,"enemies":"Reptomancer","floor":42,"turns":6},{"damage":50,"enemies":"2 Orb Walkers","floor":44,"turns":5},{"damage":9,"enemies":"Giant Head","floor":48,"turns":6},{"damage":39,"enemies":"Donu and Deca","floor":50,"turns":7},{"damage":63,"enemies":"Shield and Spear","floor":54,"turns":7},{"damage":40,"enemies":"The Heart","floor":55,"turns":8}],"seed_played":"-871863103095808167","potions_obtained":[{"floor":6,"key":"Weak Potion"},{"floor":13,"key":"SteroidPotion"},{"floor":14,"key":"SpeedPotion"},{"floor":21,"key":"EssenceOfSteel"},{"floor":22,"key":"SteroidPotion"},{"floor":24,"key":"AttackPotion"},{"floor":30,"key":"AttackPotion"},{"floor":33,"key":"SpeedPotion"},{"floor":37,"key":"SkillPotion"},{"floor":41,"key":"Swift Potion"},{"floor":44,"key":"Swift Potion"},{"floor":48,"key":"Fire Potion"},{"floor":54,"key":"EssenceOfSteel"}],"is_trial":false,"path_per_floor":["M","?","$","?","M","E","R","?","T","R","$","R","E","M","R","B",null,"M","?","$","M","M","E","M","R","T","M","M","?","E","?","R","B",null,"M","?","M","$","?","R","M","E","T","?","$","?","R","E","R","B",null,"R","$","E","B",null],"character_chosen":"IRONCLAD","items_purchased":["Strength Potion","Calipers","Immolate","Medical Kit","Limit Break","Fruit Juice","Dexterity Potion"],"campfire_rested":4,"item_purchase_floors":[3,20,20,38,38,45,53],"current_hp_per_floor":[77,77,77,65,66,61,61,41,41,65,65,65,40,46,46,51,80,80,56,56,44,43,80,29,53,53,62,58,58,39,39,63,46,80,77,77,70,70,80,80,80,80,80,36,36,36,36,38,63,85,85,85,85,28,19],"gold":117,"neow_bonus":"UPGRADE_CARD","is_prod":false,"is_daily":false,"chose_seed":false,"campfire_upgraded":5,"win_rate":0,"timestamp":1557557451,"path_taken":["M","?","$","?","M","E","R","?","T","R","?","R","E","?","R","BOSS","M","?","$","?","M","E","M","R","T","M","M","?","E","?","R","BOSS","M","?","M","$","?","R","M","E","T","?","$","?","R","E","R","BOSS","R","$","E","BOSS"],"build_version":"2019-01-23","purchased_purges":2,"victory":true,"max_hp_per_floor":[80,80,80,80,80,80,80,80,80,80,80,80,80,80,80,80,80,80,80,80,80,80,80,80,80,80,80,80,80,80,80,80,80,80,80,80,80,80,80,80,80,80,80,80,80,80,80,85,85,85,85,85,85,85,85],"card_choices":[{"not_picked":["Wild Strike","Pommel Strike"],"picked":"True Grit","floor":1},{"not_picked":["Sword Boomerang","Blood for Blood"],"picked":"Ghostly Armor","floor":5},{"not_picked":["Metallicize","Power Through"],"picked":"Armaments","floor":6},{"not_picked":["True Grit","Blood for Blood"],"picked":"Anger","floor":13},{"not_picked":["Anger","Double Tap"],"picked":"Evolve","floor":14},{"not_picked":["Brutality","Exhume"],"picked":"Reaper","floor":16},{"not_picked":["Wild Strike+1","Second Wind"],"picked":"Pommel Strike+1","floor":18},{"not_picked":["Combust","Heavy Blade","Carnage"],"picked":"SKIP","floor":21},{"not_picked":["Anger+1","Clash"],"picked":"Second Wind+1","floor":22},{"not_picked":["Wild Strike","Dropkick"],"picked":"Dark Embrace","floor":23},{"not_picked":["Body Slam","Armaments","Second Wind+1"],"picked":"SKIP","floor":24},{"not_picked":["Clash","Evolve","Twin Strike"],"picked":"SKIP","floor":27},{"not_picked":["Sever Soul","Havoc"],"picked":"Clothesline+1","floor":28},{"not_picked":["Reckless Charge","Iron Wave"],"picked":"Shrug It Off+1","floor":30},{"not_picked":["Bludgeon","Fiend Fire"],"picked":"Demon Form","floor":33},{"not_picked":["True Grit","Havoc+1","Hemokinesis+1"],"picked":"SKIP","floor":35},{"not_picked":["Perfected Strike","Pommel Strike+1"],"picked":"Heavy Blade+1","floor":37},{"not_picked":["Dropkick+1","Thunderclap","Dual Wield+1"],"picked":"SKIP","floor":41},{"not_picked":["Evolve+1","Clothesline","Armaments"],"picked":"SKIP","floor":42},{"not_picked":["Clash+1","Wild Strike+1"],"picked":"Feel No Pain+1","floor":44},{"not_picked":["Dark Embrace","Havoc+1"],"picked":"Feel No Pain","floor":48},{"not_picked":["Burning Pact+1","Warcry+1","Thunderclap+1"],"picked":"SKIP","floor":54}],"player_experience":115755,"relics_obtained":[{"floor":6,"key":"Incense Burner"},{"floor":9,"key":"Champion Belt"},{"floor":13,"key":"Dead Branch"},{"floor":23,"key":"PreservedInsect"},{"floor":26,"key":"War Paint"},{"floor":30,"key":"Ancient Tea Set"},{"floor":39,"key":"Torii"},{"floor":42,"key":"Pantograph"},{"floor":44,"key":"Prayer Wheel"},{"floor":48,"key":"Whetstone"},{"floor":54,"key":"Art of War"}],"event_choices":[{"cards_removed":["Strike_R"],"damage_healed":0,"gold_gain":0,"player_choice":"Card Removal","damage_taken":0,"max_hp_gain":0,"max_hp_loss":0,"event_name":"The Cleric","floor":2,"gold_loss":50},{"damage_healed":0,"gold_gain":0,"player_choice":"Success","damage_taken":12,"relics_obtained":["Bronze Scales"],"max_hp_gain":0,"max_hp_loss":0,"event_name":"Scrap Ooze","floor":4,"gold_loss":0},{"damage_healed":0,"gold_gain":0,"player_choice":"Take Damage","damage_taken":20,"relics_obtained":["Golden Idol"],"max_hp_gain":0,"max_hp_loss":0,"event_name":"Golden Idol","floor":8,"gold_loss":0},{"damage_healed":0,"gold_gain":180,"player_choice":"GOLD GOLD ","damage_taken":24,"max_hp_gain":0,"max_hp_loss":0,"event_name":"Knowing Skull","floor":19,"potions_obtained":[],"gold_loss":0,"cards_obtained":[]},{"damage_healed":0,"gold_gain":0,"player_choice":"Read","damage_taken":0,"max_hp_gain":0,"max_hp_loss":0,"event_name":"The Library","floor":29,"gold_loss":0,"cards_obtained":["Inflame"]},{"cards_removed":["Rupture"],"damage_healed":0,"gold_gain":0,"player_choice":"Elegance","damage_taken":0,"max_hp_gain":0,"max_hp_loss":0,"event_name":"Back to Basics","floor":31,"gold_loss":0},{"damage_healed":0,"gold_gain":0,"player_choice":"Ignored","damage_taken":0,"max_hp_gain":0,"max_hp_loss":0,"event_name":"Tomb of Lord Red Mask","floor":36,"gold_loss":0},{"damage_healed":0,"gold_gain":0,"player_choice":"Fight","damage_taken":0,"max_hp_gain":0,"max_hp_loss":0,"event_name":"MindBloom","floor":39,"gold_loss":0},{"damage_healed":0,"gold_gain":0,"player_choice":"Fight","damage_taken":0,"max_hp_gain":0,"max_hp_loss":0,"event_name":"Mysterious Sphere","floor":44,"gold_loss":0},{"damage_healed":0,"gold_gain":0,"player_choice":"Forge","damage_taken":0,"max_hp_gain":0,"max_hp_loss":0,"event_name":"Accursed Blacksmith","floor":46,"gold_loss":0,"cards_upgraded":["Demon Form"]}],"is_beta":false,"boss_relics":[{"not_picked":["Empty Cage","Lizard Tail"],"picked":"Pandora\u0027s Box"},{"not_picked":["Black Blood","Runic Cube"],"picked":"Cursed Key"}],"items_purged_floors":[20,45],"is_endless":false,"potions_floor_spawned":[6,13,14,21,22,24,30,33,37,41,44,48,54],"ascension_level":4}