{"path_per_floor":["M","M","M","M","?","E","R","E","T","?","M","?","$","M","R","B",null,"M","?","M","?","M","R","M","R","T","E","R","M","M","M","R","B",null,"M","$","M","M","M","R","?","?","T","R","M","?","M","$","R","B"],"character_chosen":"THE_SILENT","items_purchased":["Bane","Anchor","Die Die Die","Shuriken","Blur","SpeedPotion"],"gold_per_floor":[113,130,140,157,157,191,191,223,223,223,235,235,112,129,129,233,233,252,252,269,419,430,430,445,445,445,476,476,492,508,526,526,631,631,648,256,275,292,309,309,309,309,332,332,344,344,364,23,23,23],"floor_reached":51,"campfire_rested":3,"playtime":5693,"item_purchase_floors":[],"current_hp_per_floor":[68,68,68,68,73,66,66,49,49,49,39,32,32,30,52,43,75,64,85,85,85,73,73,71,71,71,55,55,55,48,48,73,27,85,72,72,62,32,12,49,44,44,44,58,62,83,74,74,85,19],"items_purged":["Strike_G","Doubt"],"gold":23,"score":708,"play_id":"4af5eb1f-9ba4-4845-baa2-0c07a0804ee3","local_time":"20180609113232","is_prod":false,"is_daily":false,"chose_seed":false,"is_ascension_mode":false,"campfire_upgraded":6,"win_rate":0,"timestamp":1528561952,"campfire_choices":[{"data":"Envenom","floor":7.0,"key":"SMITH"},{"floor":15.0,"key":"REST"},{"data":"Phantasmal Killer","floor":23,"key":"SMITH"},{"data":"Catalyst","floor":25,"key":"SMITH"},{"data":"Crippling Poison","floor":28,"key":"SMITH"},{"floor":32,"key":"REST"},{"floor":40,"key":"REST"},{"data":"Night Terror","floor":44,"key":"SMITH"},{"data":"Terror","floor":49,"key":"SMITH"}],"path_taken":["M","M","M","M","?","E","R","E","T","?","M","?","$","?","R","BOSS","M","?","?","?","M","R","M","R","T","E","R","M","M","M","R","BOSS","M","$","M","M","M","R","?","?","T","R","M","?","M","?","R","BOSS"],"build_version":"2018-06-07v3","seed_source_timestamp":0,"purchased_purges":2,"victory":true,"master_deck":["Defend_G","Defend_G","Defend_G","Defend_G","Strike_G","Strike_G","Strike_G","Strike_G","Survivor","Neutralize","Skewer","Malaise","Crippling Poison+1","Sucker Punch","Envenom+1","Slice","Leg Sweep","Bane","Catalyst+1","Bane","Poisoned Stab","Phantasmal Killer+1","Cloak And Dagger+1","Poisoned Stab","Dagger Throw+1","Venomology","Terror+1","Calculated Gamble+1","Night Terror+1","Poisoned Stab+1","Die Die Die","Prepared+1","Flash of Steel","Bandage Up","Injury","Dagger Spray+1","Writhe","Dodge and Roll+1","Blur"],"max_hp_per_floor":[70,70,70,70,75,75,75,75,75,75,75,75,75,75,75,75,75,75,85,85,85,85,85,85,85,85,85,85,85,85,85,85,85,85,85,85,85,85,85,85,85,85,85,85,85,85,85,85,85,85],"relics":["Runic Pyramid","Du-Vu Doll","Toolbox","Bottled Flame","Cursed Key","Letter Opener","Juzu Bracelet","Eternal Feather","Anchor","Boot","Shuriken"],"card_choices":[{"not_picked":["Dodge and Roll","Well Laid Plans"],"picked":"Skewer","floor":1.0},{"not_picked":["Bane","Expertise"],"picked":"Malaise","floor":2.0},{"not_picked":["Backflip","Dagger Spray"],"picked":"Crippling Poison","floor":3.0},{"not_picked":["Backflip","Quick Slash"],"picked":"Sucker Punch","floor":4.0},{"not_picked":["Outmaneuver","Dash"],"picked":"Envenom","floor":6.0},{"not_picked":["Distraction","Reflex"],"picked":"Slice","floor":8.0},{"not_picked":["Distraction","Underhanded Strike"],"picked":"Catalyst","floor":11.0},{"not_picked":["Dagger Spray","A Thousand Cuts"],"picked":"Poisoned Stab","floor":14.0},{"not_picked":["Venomology","Tools of the Trade"],"picked":"Phantasmal Killer","floor":16.0},{"not_picked":["Eviscerate+1","Prepared","Quick Slash"],"picked":"SKIP","floor":18},{"not_picked":["Outmaneuver","Dagger Throw"],"picked":"Cloak And Dagger+1","floor":20},{"not_picked":["Expertise","Outmaneuver"],"picked":"Poisoned Stab","floor":22},{"not_picked":["Acrobatics","Bane"],"picked":"Dagger Throw+1","floor":24},{"not_picked":["Dodge and Roll","Sucker Punch"],"picked":"Venomology","floor":27},{"not_picked":["Underhanded Strike","Flechettes"],"picked":"Terror","floor":29},{"not_picked":["Dagger Spray","Escape Plan","Prepared"],"picked":"SKIP","floor":30},{"not_picked":["Backflip+1","Eviscerate"],"picked":"Calculated Gamble+1","floor":31},{"not_picked":["Burst","Doppelganger"],"picked":"Night Terror","floor":33},{"not_picked":["Deadly Poison","Well Laid Plans+1"],"picked":"Poisoned Stab+1","floor":35},{"not_picked":["Outmaneuver+1","Riddle With Holes","Dagger Spray"],"picked":"SKIP","floor":37},{"not_picked":["Escape Plan+1","Cloak And Dagger","Dagger Spray+1"],"picked":"SKIP","floor":38},{"not_picked":["Outmaneuver+1","Malaise+1"],"picked":"Prepared+1","floor":39},{"not_picked":["Swift Strike","Madness"],"picked":"Flash of Steel","floor":41},{"not_picked":["Swift Strike","Sadistic Nature"],"picked":"Bandage Up","floor":41},{"not_picked":["Deadly Poison","Flying Knee+1"],"picked":"Dagger Spray+1","floor":45},{"not_picked":["Prepared","Underhanded Strike+1"],"picked":"Dodge and Roll+1","floor":47}],"player_experience":93484,"potions_floor_usage":[22,22,24,27,30,31,31,33,33,38,38,38,39,47,50,50],"damage_taken":[{"damage":2.0,"enemies":"Jaw Worm","floor":1.0,"turns":4.0},{"damage":0.0,"enemies":"2 Louse","floor":2.0,"turns":2.0},{"damage":0.0,"enemies":"Small Slimes","floor":3.0,"turns":4.0},{"damage":0.0,"enemies":"Gremlin Gang","floor":4.0,"turns":5.0},{"damage":7.0,"enemies":"3 Sentries","floor":6.0,"turns":7.0},{"damage":17.0,"enemies":"Lagavulin","floor":8.0,"turns":8.0},{"damage":10.0,"enemies":"Exordium Wildlife","floor":11.0,"turns":5.0},{"damage":2.0,"enemies":"3 Louse","floor":14.0,"turns":3.0},{"damage":9.0,"enemies":"Slime Boss","floor":16.0,"turns":11.0},{"damage":11,"enemies":"Shell Parasite","floor":18,"turns":4},{"damage":3,"enemies":"Chosen","floor":20,"turns":5},{"damage":12,"enemies":"Slaver and Parasite","floor":22,"turns":4},{"damage":2,"enemies":"3 Cultists","floor":24,"turns":5},{"damage":16,"enemies":"Slavers","floor":27,"turns":4},{"damage":0,"enemies":"Snake Plant","floor":29,"turns":3},{"damage":7,"enemies":"Slaver and Parasite","floor":30,"turns":4},{"damage":0,"enemies":"Cultist and Chosen","floor":31,"turns":5},{"damage":46,"enemies":"Champ","floor":33,"turns":9},{"damage":13,"enemies":"Orb Walker","floor":35,"turns":4},{"damage":10,"enemies":"3 Shapes","floor":37,"turns":3},{"damage":30,"enemies":"Sphere and 2 Shapes","floor":38,"turns":4},{"damage":20,"enemies":"3 Darklings","floor":39,"turns":5},{"damage":0,"enemies":"4 Shapes","floor":45,"turns":2},{"damage":13,"enemies":"Sphere and 2 Shapes","floor":47,"turns":3},{"damage":70,"enemies":"Awakened One","floor":50,"turns":9}],"relics_obtained":[{"floor":6.0,"key":"Du-Vu Doll"},{"floor":8.0,"key":"Toolbox"},{"floor":9.0,"key":"Bottled Flame"},{"floor":26,"key":"Letter Opener"},{"floor":27,"key":"Juzu Bracelet"},{"floor":43,"key":"Boot"}],"event_choices":[{"event_name":"Big Fish","player_choice":"Donut","floor":5.0,"damage_taken":0.0},{"event_name":"Match and Keep!","player_choice":"3 cards matched","floor":10.0,"damage_taken":0.0},{"event_name":"Wheel of Change","player_choice":"Damage","floor":12.0,"damage_taken":0.0},{"event_name":"Bonfire Elementals","player_choice":"RARE","floor":19,"damage_taken":0},{"event_name":"Nest","player_choice":"Stole From Cult","floor":21,"damage_taken":0},{"event_name":"SensoryStone","player_choice":"Memory 2","floor":41,"damage_taken":0},{"event_name":"Falling","player_choice":"Removed Skill","floor":42,"damage_taken":0},{"event_name":"Winding Halls","player_choice":"Writhe","floor":46,"damage_taken":0}],"boss_relics":[{"not_picked":["Orrery","Philosopher\u0027s Stone"],"picked":"Cursed Key"},{"not_picked":["Astrolabe","Tiny House"],"picked":"Eternal Feather"}],"items_purged_floors":[],"potions_floor_spawned":[2,4,8,14,18,20,22,30,31,35,45],"seed_played":"-4793716410250522795","ascension_level":0,"potions_obtained":[{"floor":2.0,"key":"Poison Potion"},{"floor":4.0,"key":"Energy Potion"},{"floor":8.0,"key":"Swift Potion"},{"floor":14.0,"key":"FearPotion"},{"floor":18,"key":"AttackPotion"},{"floor":20,"key":"SteroidPotion"},{"floor":22,"key":"FearPotion"},{"floor":30,"key":"Strength Potion"},{"floor":31,"key":"Block Potion"},{"floor":35,"key":"Energy Potion"},{"floor":45,"key":"SteroidPotion"}],"is_trial":false}