{"gold_per_floor":[118,8,26,26,98,125,125,125,125,145,145,179,179,179,179,279,279,298,72,85,105,60,60,80,80,80,106,106,119,119,135,135,135],"floor_reached":33,"playtime":1578,"items_purged":["Strike_B","Strike_B"],"score":412,"play_id":"7aa870f8-e92a-4a59-815c-883dc2a72b43","local_time":"20190219141234","is_ascension_mode":true,"campfire_choices":[{"data":"Loop","floor":8,"key":"SMITH"},{"data":"Storm","floor":11,"key":"SMITH"},{"data":"Dualcast","floor":13,"key":"SMITH"},{"data":"Gash","floor":15,"key":"SMITH"},{"data":"Self Repair","floor":23,"key":"SMITH"},{"data":"Auto Shields","floor":25,"key":"SMITH"},{"floor":32,"key":"REST"}],"neow_cost":"NONE","seed_source_timestamp":513576774119857,"circlet_count":0,"master_deck":["Strike_B","Strike_B","Defend_B","Defend_B","Defend_B","Zap","Dualcast+1","Gash+1","Loop+1","Storm+1","Auto Shields+1","Ball Lightning+1","Gash+1","Gash+1","Heatsinks","Gash+1","Self Repair+1","Coolheaded","Steam+1","Decay","Glacier+1","Glacier","Storm+1"],"relics":["Cracked Core","NeowsBlessing","Molten Egg 2","FossilizedHelix","Singing Bowl","Anchor","Bottled Lightning","Cursed Key","Pen Nib","Ginger"],"potions_floor_usage":[12,16,33,33],"damage_taken":[{"damage":0,"enemies":"Jaw Worm","floor":1,"turns":1},{"damage":0,"enemies":"Small Slimes","floor":3,"turns":1},{"damage":0,"enemies":"Lagavulin","floor":6,"turns":1},{"damage":0,"enemies":"Cultist","floor":10,"turns":3},{"damage":12,"enemies":"Gremlin Nob","floor":12,"turns":4},{"damage":37,"enemies":"Hexaghost","floor":16,"turns":8},{"damage":0,"enemies":"Spheric Guardian","floor":18,"turns":4},{"damage":1,"enemies":"Chosen","floor":20,"turns":4},{"damage":15,"enemies":"Centurion and Healer","floor":21,"turns":4},{"damage":0,"enemies":"Cultist and Chosen","floor":24,"turns":5},{"damage":26,"enemies":"Book of Stabbing","floor":27,"turns":5},{"damage":27,"enemies":"Snake Plant","floor":29,"turns":3},{"damage":10,"enemies":"Snecko","floor":31,"turns":6},{"damage":55,"enemies":"Collector","floor":33,"turns":7}],"seed_played":"484271722141012695","potions_obtained":[{"floor":3,"key":"Explosive Potion"},{"floor":12,"key":"SpeedPotion"},{"floor":24,"key":"SmokeBomb"},{"floor":29,"key":"Swift Potion"},{"floor":31,"key":"Energy Potion"}],"is_trial":false,"path_per_floor":["M","$","M","?","T","E","?","R","T","M","R","E","R","T","R","B",null,"M","$","M","M","$","R","M","R","T","E","?","M","?","M","R","B"],"character_chosen":"DEFECT","items_purchased":["Loop","Gash+1","Heatsinks","Coolheaded"],"campfire_rested":1,"item_purchase_floors":[2,19,19,22],"current_hp_per_floor":[68,68,68,68,68,68,68,68,68,70,70,58,58,58,58,23,65,65,65,64,49,49,49,59,59,59,43,43,26,26,28,52,0],"gold":135,"neow_bonus":"THREE_ENEMY_KILL","is_prod":false,"is_daily":false,"chose_seed":false,"campfire_upgraded":6,"win_rate":0,"timestamp":1550581954,"path_taken":["M","$","M","?","?","E","?","R","T","?","R","E","R","?","R","BOSS","M","$","?","M","$","R","M","R","T","E","?","M","?","?","R","BOSS"],"build_version":"2019-01-23","purchased_purges":2,"victory":false,"max_hp_per_floor":[75,75,75,75,75,75,75,75,75,77,77,77,77,77,77,79,79,79,79,79,79,79,79,79,79,79,79,79,79,79,81,81,81],"card_choices":[{"not_picked":["Conserve Battery","Steam Power"],"picked":"Gash","floor":1},{"not_picked":["Turbo","Steam"],"picked":"Storm","floor":3},{"not_picked":["Double Energy","Beam Cell+1"],"picked":"Auto Shields","floor":6},{"not_picked":["Sweeping Beam+1","Rip and Tear+1","Recycle"],"picked":"Singing Bowl","floor":10},{"not_picked":["Leap","Tempest"],"picked":"Ball Lightning+1","floor":12},{"not_picked":["Core Surge+1","Amplify","Fission"],"picked":"Singing Bowl","floor":16},{"not_picked":["Heatsinks","Streamline+1"],"picked":"Gash+1","floor":18},{"not_picked":["Capacitor","Beam Cell+1"],"picked":"Gash+1","floor":20},{"not_picked":["Lockon+1","Redo"],"picked":"Self Repair","floor":21},{"not_picked":["Skim","Hologram"],"picked":"Steam+1","floor":24},{"not_picked":["Turbo+1","Gash+1"],"picked":"Glacier+1","floor":27},{"not_picked":["Double Energy","Chaos"],"picked":"Glacier","floor":29},{"not_picked":["Loop","Fusion+1","Streamline+1"],"picked":"Singing Bowl","floor":31}],"player_experience":327633,"relics_obtained":[{"floor":5,"key":"Molten Egg 2"},{"floor":6,"key":"FossilizedHelix"},{"floor":9,"key":"Singing Bowl"},{"floor":12,"key":"Anchor"},{"floor":14,"key":"Bottled Lightning"},{"floor":26,"key":"Pen Nib"},{"floor":27,"key":"Ginger"}],"event_choices":[{"damage_healed":0,"gold_gain":0,"player_choice":"Ignored","damage_taken":0,"max_hp_gain":0,"max_hp_loss":0,"event_name":"Golden Idol","floor":4,"gold_loss":0},{"cards_removed":["Defend_B"],"damage_healed":0,"gold_gain":0,"player_choice":"Forget","damage_taken":0,"max_hp_gain":0,"max_hp_loss":0,"event_name":"Living Wall","floor":7,"gold_loss":0},{"damage_healed":0,"gold_gain":0,"player_choice":"Ignored","damage_taken":0,"max_hp_gain":0,"max_hp_loss":0,"event_name":"The Mausoleum","floor":28,"gold_loss":0},{"damage_healed":0,"gold_gain":0,"player_choice":"Copied","damage_taken":0,"max_hp_gain":0,"max_hp_loss":0,"event_name":"Duplicator","floor":30,"gold_loss":0,"cards_obtained":["Storm"]}],"is_beta":false,"boss_relics":[{"not_picked":["Runic Pyramid","Runic Dome"],"picked":"Cursed Key"}],"items_purged_floors":[2,19],"is_endless":false,"potions_floor_spawned":[3,12,24,29,31],"killed_by":"Collector","ascension_level":6}