{"gold_per_floor":[115,115,190,190,23,23,49,49,49,49,63,63,75,107,107,181,181,193,212,212,212],"floor_reached":21,"playtime":421,"items_purged":[],"score":420,"play_id":"9d7fc1cb-38bf-43c0-bf68-8e18cc820634","local_time":"20190429010654","is_ascension_mode":true,"campfire_choices":[{"data":"Noxious Fumes","floor":6,"key":"SMITH"},{"floor":12,"key":"REST"},{"data":"Bouncing Flask","floor":15,"key":"SMITH"}],"neow_cost":"NONE","seed_source_timestamp":268418156611900,"circlet_count":0,"master_deck":["AscendersBane","Defend_G+1","Defend_G","Defend_G+1","Defend_G","Defend_G","Strike_G","Strike_G","Strike_G","Survivor","Neutralize","Flying Knee","Noxious Fumes+1","Bouncing Flask+1","Crippling Poison","Burst","Catalyst","Acrobatics","Outmaneuver"],"relics":["Ring of the Snake","NeowsBlessing","Bag of Preparation","Happy Flower","Sundial","Pantograph","Black Star"],"potions_floor_usage":[21,21],"damage_taken":[{"damage":0,"enemies":"Small Slimes","floor":1,"turns":1},{"damage":0,"enemies":"3 Sentries","floor":7,"turns":1},{"damage":0,"enemies":"Jaw Worm","floor":11,"turns":1},{"damage":0,"enemies":"Cultist","floor":13,"turns":3},{"damage":10,"enemies":"Lagavulin","floor":14,"turns":7},{"damage":17,"enemies":"Hexaghost","floor":16,"turns":7},{"damage":27,"enemies":"2 Thieves","floor":18,"turns":5},{"damage":11,"enemies":"Spheric Guardian","floor":19,"turns":3},{"damage":36,"enemies":"Cultist and Chosen","floor":21,"turns":3}],"seed_played":"-4161741814907590596","potions_obtained":[{"floor":11,"key":"EssenceOfSteel"},{"floor":19,"key":"Weak Potion"}],"is_trial":false,"path_per_floor":["M","?","?","?","$","R","E","?","T","$","M","R","M","E","R","B",null,"M","M","?","M"],"character_chosen":"THE_SILENT","items_purchased":["Noxious Fumes","Bouncing Flask"],"campfire_rested":1,"item_purchase_floors":[5,5],"current_hp_per_floor":[59,48,37,17,17,17,17,10,10,10,10,29,29,19,19,27,56,29,18,18,0],"gold":212,"neow_bonus":"THREE_ENEMY_KILL","is_prod":false,"is_daily":false,"chose_seed":false,"campfire_upgraded":2,"win_rate":0,"timestamp":1556492814,"path_taken":["M","?","?","?","?","R","E","?","T","$","M","R","M","E","R","BOSS","M","M","?","?"],"build_version":"2019-01-23","purchased_purges":0,"victory":false,"max_hp_per_floor":[66,66,66,66,66,66,66,66,66,66,66,66,66,66,66,66,66,66,66,66,66],"card_choices":[{"not_picked":["Deflect","Escape Plan"],"picked":"Flying Knee","floor":1},{"not_picked":["Backflip","Prepared"],"picked":"Crippling Poison","floor":7},{"not_picked":["Masterful Stab","Tactician","Infinite Blades"],"picked":"SKIP","floor":11},{"not_picked":["Dodge and Roll","Crippling Poison","Sucker Punch"],"picked":"SKIP","floor":13},{"not_picked":["Riddle With Holes","Slice","Blur"],"picked":"SKIP","floor":14},{"not_picked":["Envenom","After Image"],"picked":"Burst","floor":16},{"not_picked":["Flying Knee+1","Crippling Poison"],"picked":"Catalyst","floor":18},{"not_picked":["Accuracy","Poisoned Stab"],"picked":"Acrobatics","floor":19}],"player_experience":614748,"relics_obtained":[{"floor":7,"key":"Happy Flower"},{"floor":9,"key":"Sundial"},{"floor":14,"key":"Pantograph"}],"event_choices":[{"damage_healed":0,"gold_gain":0,"player_choice":"Success","damage_taken":11,"relics_obtained":["Bag of Preparation"],"max_hp_gain":0,"max_hp_loss":0,"event_name":"Scrap Ooze","floor":2,"gold_loss":0},{"damage_healed":0,"gold_gain":75,"player_choice":"Gather Gold","damage_taken":11,"max_hp_gain":0,"max_hp_loss":0,"event_name":"World of Goop","floor":3,"gold_loss":0},{"damage_healed":0,"gold_gain":0,"player_choice":"Entered Light","damage_taken":20,"max_hp_gain":0,"max_hp_loss":0,"event_name":"Shining Light","floor":4,"gold_loss":0,"cards_upgraded":["Defend_G","Defend_G"]},{"cards_removed":["Strike_G"],"damage_healed":0,"gold_gain":0,"player_choice":"Card Removal","damage_taken":7,"max_hp_gain":0,"max_hp_loss":0,"event_name":"Golden Wing","floor":8,"gold_loss":0},{"damage_healed":0,"gold_gain":0,"cards_transformed":["Strike_G"],"player_choice":"Transformed","damage_taken":0,"max_hp_gain":0,"max_hp_loss":0,"event_name":"Transmorgrifier","floor":20,"gold_loss":0,"cards_obtained":["Outmaneuver"]}],"is_beta":false,"boss_relics":[{"not_picked":["Tiny House","WristBlade"],"picked":"Black Star"}],"items_purged_floors":[],"is_endless":false,"potions_floor_spawned":[11,19],"killed_by":"Cultist and Chosen","ascension_level":20}