{"gold_per_floor":[368,388,388,403,422,422,434,434],"floor_reached":8,"playtime":690,"items_purged":[],"score":83,"play_id":"bd863b0b-4560-4e1b-b9f9-d5a6374aadfe","local_time":"20190511080430","is_ascension_mode":true,"campfire_choices":[{"data":"Neutralize","floor":6.0,"key":"SMITH"}],"neow_cost":"PERCENT_DAMAGE","seed_source_timestamp":540323015086903,"circlet_count":0,"master_deck":["AscendersBane","Defend_G","Defend_G","Defend_G","Defend_G","Defend_G","Strike_G","Strike_G","Strike_G","Strike_G","Strike_G","Survivor","Neutralize+1","Bouncing Flask","Backflip","Bane","Caltrops","Dagger Spray"],"special_seed":0,"relics":["Ring of the Snake"],"potions_floor_usage":[7,7],"damage_taken":[{"damage":3.0,"enemies":"Cultist","floor":1.0,"turns":5.0},{"damage":9.0,"enemies":"2 Louse","floor":2.0,"turns":3.0},{"damage":2.0,"enemies":"Small Slimes","floor":4.0,"turns":3.0},{"damage":15.0,"enemies":"Looter","floor":5.0,"turns":4.0},{"damage":0,"enemies":"Exordium Wildlife","floor":7,"turns":5},{"damage":1,"enemies":"Gremlin Nob","floor":8,"turns":3}],"seed_played":"3177737623761082793","potions_obtained":[{"floor":2.0,"key":"Ancient Potion"},{"floor":5.0,"key":"EssenceOfSteel"}],"is_trial":false,"path_per_floor":["M","M","?","M","M","R","M","E"],"character_chosen":"THE_SILENT","items_purchased":[],"campfire_rested":0,"item_purchase_floors":[],"current_hp_per_floor":[42,33,33,31,16,16,16,15],"gold":434,"neow_bonus":"TWO_FIFTY_GOLD","is_prod":false,"is_daily":false,"chose_seed":false,"campfire_upgraded":1,"win_rate":0,"timestamp":1557579870,"path_taken":["M","?","?","M","M","R","M","E"],"build_version":"2019-01-23","purchased_purges":0,"victory":false,"max_hp_per_floor":[70,70,70,70,70,70,70,70],"card_choices":[{"not_picked":["Deadly Poison","Deflect"],"picked":"Bouncing Flask","floor":1.0},{"not_picked":["Blade Dance","Quick Slash"],"picked":"Backflip","floor":2.0},{"not_picked":["Dodge and Roll","Sucker Punch"],"picked":"Bane","floor":4.0},{"not_picked":["Outmaneuver","Blade Dance"],"picked":"Caltrops","floor":5.0},{"not_picked":["Crippling Poison","Escape Plan"],"picked":"Dagger Spray","floor":7}],"player_experience":423474,"relics_obtained":[],"event_choices":[{"damage_healed":0.0,"max_hp_gain":0.0,"max_hp_loss":0.0,"gold_gain":0.0,"event_name":"Golden Idol","player_choice":"Ignored","floor":3.0,"gold_loss":0.0,"damage_taken":0.0}],"is_beta":false,"boss_relics":[],"items_purged_floors":[],"is_endless":false,"potions_floor_spawned":[2,5],"killed_by":"Gremlin Nob","ascension_level":13}