{"gold_per_floor":[111,73,87,102,102,102,177,157,225,243,259,275,275,292,292,396,396,414,426,315,327,327,327,346,361,361,361,377,129,129,129,129,224,224,243,243,118,128,140,140,160,160,160,177,192,192,243,253,253,253],"floor_reached":50,"playtime":2094,"items_purged":["Strike_R","Strike_R","Strike_R"],"score":465,"play_id":"70f64aa7-9d73-49bf-8751-4c53a25c1c42","local_time":"20181215103143","is_ascension_mode":false,"campfire_choices":[{"floor":6,"key":"REST"},{"floor":15,"key":"REST"},{"floor":23,"key":"REST"},{"floor":27,"key":"REST"},{"floor":32,"key":"REST"},{"floor":40,"key":"REST"},{"floor":42,"key":"REST"},{"floor":46,"key":"REST"},{"floor":49,"key":"REST"}],"neow_cost":"NONE","seed_source_timestamp":1414474586676734,"circlet_count":0,"master_deck":["Strike_R","Strike_R","Defend_R","Defend_R","Defend_R","Defend_R","Bash+1","Sever Soul","Shrug It Off","Carnage","Ghostly Armor","Bludgeon","Demon Form","Rampage","Blood for Blood+1","Heavy Blade","Infernal Blade+1","Fiend Fire","Ghostly","Ghostly","Ghostly","Ghostly","Ghostly","Double Tap","Shockwave","Heavy Blade+1","Thunderclap+1","Whirlwind+1"],"relics":["Fusion Hammer"],"potions_floor_usage":[24,24,25,33,33,50,50,50],"damage_taken":[{"damage":2,"enemies":"2 Louse","floor":1,"turns":3},{"damage":5,"enemies":"Small Slimes","floor":3,"turns":3},{"damage":0,"enemies":"Cultist","floor":4,"turns":2},{"damage":11,"enemies":"3 Louse","floor":10,"turns":2},{"damage":12,"enemies":"Gremlin Gang","floor":11,"turns":3},{"damage":0,"enemies":"Blue Slaver","floor":12,"turns":2},{"damage":10,"enemies":"Exordium Wildlife","floor":14,"turns":4},{"damage":24,"enemies":"The Guardian","floor":16,"turns":9},{"damage":15,"enemies":"Chosen","floor":18,"turns":4},{"damage":5,"enemies":"Spheric Guardian","floor":19,"turns":3},{"damage":24,"enemies":"Cultist and Chosen","floor":21,"turns":5},{"damage":12,"enemies":"Chosen and Byrds","floor":24,"turns":5},{"damage":21,"enemies":"Sentry and Sphere","floor":25,"turns":4},{"damage":16,"enemies":"3 Cultists","floor":28,"turns":4},{"damage":30,"enemies":"Champ","floor":33,"turns":9},{"damage":2,"enemies":"3 Shapes","floor":35,"turns":6},{"damage":11,"enemies":"3 Darklings","floor":38,"turns":6},{"damage":14,"enemies":"Sphere and 2 Shapes","floor":39,"turns":7},{"damage":3,"enemies":"4 Shapes","floor":41,"turns":4},{"damage":2,"enemies":"Transient","floor":44,"turns":5},{"damage":3,"enemies":"Jaw Worm Horde","floor":45,"turns":6},{"damage":40,"enemies":"Writhing Mass","floor":48,"turns":8},{"damage":18,"enemies":"Awakened One","floor":50,"turns":8}],"seed_played":"5231639610928486932","potions_obtained":[{"floor":1,"key":"BloodPotion"},{"floor":4,"key":"BloodPotion"},{"floor":8,"key":"AttackPotion"},{"floor":16,"key":"Weak Potion"},{"floor":28,"key":"PowerPotion"},{"floor":33,"key":"Dexterity Potion"},{"floor":35,"key":"Dexterity Potion"},{"floor":39,"key":"EssenceOfSteel"}],"is_trial":false,"path_per_floor":["M","$","M","M","?","R","?","?","T","M","M","M","?","M","R","B",null,"M","M","$","M","?","R","M","M","T","R","M","$","?","T","R","B",null,"M","?","$","M","M","R","M","R","T","M","M","R","T","M","R","B"],"character_chosen":"IRONCLAD","items_purchased":["Sever Soul","Rampage","Fiend Fire","GamblersBrew"],"campfire_rested":9,"item_purchase_floors":[2,20,29,29],"current_hp_per_floor":[78,78,73,73,78,85,74,74,74,63,51,51,51,41,66,42,85,70,65,65,41,25,52,49,28,28,55,39,39,39,39,45,15,45,43,43,43,32,18,31,28,41,41,39,36,45,45,5,18,0],"gold":253,"neow_bonus":"BOSS_RELIC","is_prod":false,"is_daily":false,"chose_seed":false,"campfire_upgraded":0,"win_rate":0,"timestamp":1544837503,"path_taken":["M","$","M","M","?","R","?","?","T","M","?","M","?","M","R","BOSS","M","?","$","M","?","R","M","M","T","R","M","$","?","?","R","BOSS","M","?","$","M","M","R","M","R","T","M","?","R","?","?","R","BOSS"],"build_version":"2018-12-13","purchased_purges":3,"victory":false,"max_hp_per_floor":[80,80,80,80,85,85,85,85,85,85,85,85,85,85,85,85,85,85,85,85,85,90,90,90,90,90,90,90,90,45,45,45,45,45,45,45,45,45,45,45,45,45,45,45,45,45,45,45,45,45],"card_choices":[{"not_picked":["Fire Breathing","Searing Blow","Iron Wave"],"picked":"SKIP","floor":1},{"not_picked":["Iron Wave","Headbutt"],"picked":"Shrug It Off","floor":3},{"not_picked":["Wild Strike","Perfected Strike","Combust"],"picked":"SKIP","floor":4},{"not_picked":["Flame Barrier","Shrug It Off"],"picked":"Carnage","floor":10},{"not_picked":["Clothesline","Shrug It Off"],"picked":"Ghostly Armor","floor":11},{"not_picked":["Infernal Blade","Havoc"],"picked":"Bludgeon","floor":12},{"not_picked":["Sword Boomerang","Pommel Strike","Shrug It Off"],"picked":"SKIP","floor":14},{"not_picked":["Berserk","Juggernaut"],"picked":"Demon Form","floor":16},{"not_picked":["Headbutt+1","Cleave","Combust"],"picked":"SKIP","floor":18},{"not_picked":["Anger+1","Shrug It Off","Pommel Strike"],"picked":"SKIP","floor":19},{"not_picked":["Reckless Charge","Metallicize+1"],"picked":"Blood for Blood+1","floor":21},{"not_picked":["Fire Breathing","Pommel Strike"],"picked":"Heavy Blade","floor":24},{"not_picked":["Twin Strike+1","Shrug It Off"],"picked":"Infernal Blade+1","floor":25},{"not_picked":["Wild Strike","Dropkick","Warcry+1"],"picked":"SKIP","floor":28},{"not_picked":["Reaper","Bludgeon"],"picked":"Double Tap","floor":33},{"not_picked":["Corruption","Flame Barrier","Second Wind+1"],"picked":"SKIP","floor":35},{"not_picked":["Shrug It Off","Intimidate+1"],"picked":"Shockwave","floor":38},{"not_picked":["Fire Breathing+1","Sword Boomerang","Entrench"],"picked":"SKIP","floor":39},{"not_picked":["Corruption+1","Intimidate"],"picked":"Heavy Blade+1","floor":41},{"not_picked":["Uppercut+1","Reckless Charge+1"],"picked":"Thunderclap+1","floor":44},{"not_picked":["Searing Blow","Entrench+1"],"picked":"Whirlwind+1","floor":45},{"not_picked":["Wild Strike+1","Infernal Blade","Dual Wield"],"picked":"SKIP","floor":48}],"player_experience":201502,"relics_obtained":[],"event_choices":[{"damage_healed":0,"gold_gain":0,"player_choice":"Donut","damage_taken":0,"max_hp_gain":5,"max_hp_loss":0,"event_name":"Big Fish","floor":5,"gold_loss":0},{"damage_healed":0,"gold_gain":75,"player_choice":"Gather Gold","damage_taken":11,"max_hp_gain":0,"max_hp_loss":0,"event_name":"World of Goop","floor":7,"gold_loss":0},{"damage_healed":0,"gold_gain":0,"player_choice":"Bought 1 Potion","damage_taken":0,"max_hp_gain":0,"max_hp_loss":0,"event_name":"The Woman in Blue","floor":8,"gold_loss":0},{"damage_healed":0,"gold_gain":0,"player_choice":"Forge","damage_taken":0,"max_hp_gain":0,"max_hp_loss":0,"event_name":"Accursed Blacksmith","floor":13,"gold_loss":0,"cards_upgraded":["Bash"]},{"damage_healed":0,"gold_gain":0,"player_choice":"Shed Blood","damage_taken":21,"max_hp_gain":5,"max_hp_loss":0,"event_name":"Forgotten Altar","floor":22,"gold_loss":0},{"damage_healed":0,"gold_gain":0,"player_choice":"Became a Ghost","damage_taken":0,"max_hp_gain":0,"max_hp_loss":45,"event_name":"Ghosts","floor":30,"gold_loss":0,"cards_obtained":["Ghostly","Ghostly","Ghostly","Ghostly","Ghostly"]},{"damage_healed":0,"gold_gain":0,"player_choice":"Ignored","damage_taken":0,"max_hp_gain":0,"max_hp_loss":0,"event_name":"NoteForYourself","floor":36,"gold_loss":0}],"is_beta":false,"boss_relics":[{"not_picked":["Empty Cage","Pandora\u0027s Box","Velvet Choker"]},{"not_picked":["Busted Crown","Cursed Key","Runic Pyramid"]}],"items_purged_floors":[20,29,37],"is_endless":false,"potions_floor_spawned":[1,4,16,19,21,28,33,35,39],"killed_by":"Awakened One","ascension_level":0}