{"gold_per_floor":[109,121,196,208,93,93,123,134,134,134,150,150,170,182,182,283,283,296,323,71,87,100,100,130,230,254,254,287,307,307,327,327,427,427,445,498,508,86,86,86,115,130,156,180,292,99,99,116,116,116,116,116,45,77,77],"floor_reached":55,"playtime":2881,"items_purged":["Strike_B","Steam","Parasite"],"score":826,"play_id":"3b11f874-9dde-40eb-b626-ecc77784615b","local_time":"20190407224925","is_ascension_mode":true,"campfire_choices":[{"data":"Defragment","floor":6,"key":"SMITH"},{"data":"Defragment","floor":10,"key":"SMITH"},{"data":"Go for the Eyes","floor":12,"key":"SMITH"},{"floor":15,"key":"REST"},{"data":"Genetic Algorithm","floor":23,"key":"SMITH"},{"floor":27,"key":"REST"},{"floor":30,"key":"REST"},{"data":"Electrodynamics","floor":32,"key":"SMITH"},{"data":"Defragment","floor":40,"key":"SMITH"},{"floor":47,"key":"RECALL"},{"floor":49,"key":"REST"},{"data":"Defragment","floor":52,"key":"SMITH"}],"neow_cost":"NONE","seed_source_timestamp":173523592794619,"circlet_count":0,"master_deck":["Zap+1","Dualcast","Barrage","Defragment+1","Defragment+1","Go for the Eyes+1","Genetic Algorithm+1","Electrodynamics+1","Cold Snap","BootSequence","White Noise+1","Seek","Glacier","White Noise","Coolheaded","Machine Learning","Rebound","Compile Driver","Turbo","Static Discharge","FTL","Ball Lightning","Coolheaded+1","Hologram+1","Defragment+1","Capacitor+1","Defragment+1","Capacitor"],"relics":["Cracked Core","Bag of Marbles","Potion Belt","Sozu","Red Mask","Letter Opener","Calipers","Boot","War Paint","Pandora\u0027s Box","PreservedInsect","Gremlin Horn","Bottled Tornado","MawBank","Thread and Needle","Du-Vu Doll"],"potions_floor_usage":[13,14,16,24],"damage_taken":[{"damage":0,"enemies":"Small Slimes","floor":1,"turns":2},{"damage":0,"enemies":"Cultist","floor":2,"turns":4},{"damage":0,"enemies":"2 Louse","floor":4,"turns":2},{"damage":31,"enemies":"Lagavulin","floor":7,"turns":6},{"damage":4,"enemies":"Exordium Thugs","floor":8,"turns":5},{"damage":0,"enemies":"Exordium Wildlife","floor":11,"turns":2},{"damage":0,"enemies":"Blue Slaver","floor":13,"turns":4},{"damage":17,"enemies":"Lots of Slimes","floor":14,"turns":4},{"damage":30,"enemies":"The Guardian","floor":16,"turns":13},{"damage":5,"enemies":"Chosen","floor":18,"turns":3},{"damage":19,"enemies":"Masked Bandits","floor":19,"turns":3},{"damage":5,"enemies":"3 Byrds","floor":21,"turns":3},{"damage":16,"enemies":"Shelled Parasite and Fungi","floor":22,"turns":4},{"damage":2,"enemies":"Book of Stabbing","floor":24,"turns":7},{"damage":18,"enemies":"Gremlin Leader","floor":28,"turns":7},{"damage":14,"enemies":"Snake Plant","floor":29,"turns":4},{"damage":0,"enemies":"Snecko","floor":31,"turns":3},{"damage":0,"enemies":"Champ","floor":33,"turns":10},{"damage":0,"enemies":"3 Darklings","floor":35,"turns":3},{"damage":0,"enemies":"Orb Walker","floor":37,"turns":4},{"damage":31,"enemies":"Nemesis","floor":41,"turns":5},{"damage":0,"enemies":"Writhing Mass","floor":42,"turns":7},{"damage":0,"enemies":"Sphere and 2 Shapes","floor":44,"turns":3},{"damage":0,"enemies":"Mind Bloom Boss Battle","floor":45,"turns":3},{"damage":0,"enemies":"Transient","floor":48,"turns":5},{"damage":1,"enemies":"Donu and Deca","floor":50,"turns":7},{"damage":12,"enemies":"Shield and Spear","floor":54,"turns":6},{"damage":60,"enemies":"The Heart","floor":55,"turns":6}],"seed_played":"-2940654898769568674","potions_obtained":[{"floor":4,"key":"Poison Potion"},{"floor":8,"key":"Dexterity Potion"},{"floor":11,"key":"Swift Potion"},{"floor":14,"key":"Block Potion"}],"is_trial":false,"path_per_floor":["M","M","?","M","$","R","E","M","T","R","M","R","M","M","R","B",null,"M","?","$","M","M","R","E","?","T","R","E","M","R","M","R","B",null,"M","T","M","$","?","R","E","M","T","M","?","$","R","M","R","B",null,"R","$","E","B"],"character_chosen":"DEFECT","items_purchased":["Defragment","Letter Opener","Defragment","Gremlin Horn","Defragment","Capacitor"],"campfire_rested":4,"item_purchase_floors":[5,20,38,38,46,53],"current_hp_per_floor":[75,75,64,64,64,64,33,29,29,29,29,29,29,12,34,4,75,70,51,51,46,30,30,28,28,28,50,32,18,40,40,40,40,75,75,75,75,75,75,75,44,44,44,44,44,44,44,44,65,64,72,72,72,60,0],"gold":77,"neow_bonus":"RANDOM_COMMON_RELIC","is_prod":false,"is_daily":false,"chose_seed":false,"campfire_upgraded":7,"win_rate":0,"timestamp":1554670165,"path_taken":["M","M","?","M","$","R","E","M","T","R","M","R","M","M","R","BOSS","M","?","$","M","M","R","E","?","T","R","E","M","R","M","R","BOSS","M","?","M","$","?","R","E","?","T","M","?","?","R","M","R","BOSS","R","$","E","BOSS"],"build_version":"2019-01-23","purchased_purges":3,"victory":false,"max_hp_per_floor":[75,75,75,75,75,75,75,75,75,75,75,75,75,75,75,75,75,75,75,75,75,75,75,75,75,75,75,75,75,75,75,75,75,75,75,75,75,75,75,75,75,75,75,75,75,72,72,72,72,72,72,72,72,72,72],"card_choices":[{"not_picked":["Stack","Beam Cell"],"picked":"Barrage","floor":1},{"not_picked":["Gash","Steam Power","Melter"],"picked":"SKIP","floor":2},{"not_picked":["Steam","Self Repair"],"picked":"Defragment","floor":4},{"not_picked":["Static Discharge","Reprogram"],"picked":"Go for the Eyes","floor":7},{"not_picked":["Sweeping Beam","Rebound","Steam"],"picked":"SKIP","floor":8},{"not_picked":["Doom and Gloom","Blizzard","Barrage"],"picked":"SKIP","floor":11},{"not_picked":["Consume","Compile Driver","Redo"],"picked":"SKIP","floor":13},{"not_picked":["Self Repair","Beam Cell"],"picked":"Genetic Algorithm","floor":14},{"not_picked":["All For One","Echo Form"],"picked":"Electrodynamics","floor":16},{"not_picked":["Steam","Barrage"],"picked":"Cold Snap","floor":18},{"not_picked":["Barrage","Scrape+1"],"picked":"BootSequence","floor":19},{"not_picked":["Ball Lightning+1","Beam Cell+1"],"picked":"White Noise+1","floor":21},{"not_picked":["Rebound","Stack"],"picked":"Seek","floor":22},{"not_picked":["Leap","Electrodynamics"],"picked":"Glacier","floor":24},{"not_picked":["Redo","Compile Driver"],"picked":"White Noise","floor":28},{"not_picked":["Steam Power","Skim+1","Rebound"],"picked":"SKIP","floor":29},{"not_picked":["Stack","Darkness+1"],"picked":"Coolheaded","floor":31},{"not_picked":["Thunder Strike","Seek"],"picked":"Machine Learning","floor":33},{"not_picked":["Gash+1","Steam Power+1"],"picked":"Coolheaded+1","floor":35},{"not_picked":["Leap+1","Turbo+1"],"picked":"Hologram+1","floor":37},{"not_picked":["Hello World+1","Ball Lightning","Hyperbeam"],"picked":"SKIP","floor":41},{"not_picked":["Hello World+1","Ball Lightning","Hyperbeam"],"picked":"SKIP","floor":41},{"not_picked":["White Noise+1","Force Field"],"picked":"Capacitor+1","floor":42},{"not_picked":["Redo+1","Hologram","Undo"],"picked":"SKIP","floor":44},{"not_picked":["Coolheaded","Beam Cell","Compile Driver+1"],"picked":"SKIP","floor":48},{"not_picked":["Sunder","Genetic Algorithm","Skim"],"picked":"SKIP","floor":54}],"player_experience":458658,"relics_obtained":[{"floor":7,"key":"Potion Belt"},{"floor":19,"key":"Red Mask"},{"floor":24,"key":"Calipers"},{"floor":26,"key":"Boot"},{"floor":28,"key":"War Paint"},{"floor":36,"key":"PreservedInsect"},{"floor":41,"key":"Bottled Tornado"},{"floor":43,"key":"MawBank"},{"floor":45,"key":"Thread and Needle"},{"floor":54,"key":"Du-Vu Doll"}],"event_choices":[{"damage_healed":0,"gold_gain":75,"player_choice":"Gather Gold","damage_taken":11,"max_hp_gain":0,"max_hp_loss":0,"event_name":"World of Goop","floor":3,"gold_loss":0},{"damage_healed":0,"gold_gain":0,"player_choice":"Fought Bandits","damage_taken":0,"max_hp_gain":0,"max_hp_loss":0,"event_name":"Masked Bandits","floor":19,"gold_loss":0},{"damage_healed":0,"gold_gain":100,"player_choice":"Pray","damage_taken":0,"max_hp_gain":0,"max_hp_loss":0,"event_name":"Golden Shrine","floor":25,"gold_loss":0},{"damage_healed":0,"gold_gain":0,"player_choice":"Ignored","damage_taken":0,"max_hp_gain":0,"max_hp_loss":0,"event_name":"SecretPortal","floor":39,"gold_loss":0},{"damage_healed":0,"gold_gain":0,"player_choice":"Fight","damage_taken":0,"max_hp_gain":0,"max_hp_loss":0,"event_name":"MindBloom","floor":45,"gold_loss":0}],"is_beta":false,"boss_relics":[{"not_picked":["Black Star","Runic Pyramid"],"picked":"Sozu"},{"not_picked":["Tiny House","Fusion Hammer"],"picked":"Pandora\u0027s Box"}],"items_purged_floors":[5,38,46],"is_endless":false,"potions_floor_spawned":[4,8,11,14,19,22,29,31,33,41,42,54],"killed_by":"The Heart","ascension_level":1}