{"gold_per_floor":[111,111,40,60,6,39,39,51,51,86,98,110,149,178,190,305,317,341,370,382,394,420,459,471,501,540,578,590,365,365,384,384,489,489,507,522,58,78,78,78,92,52,106,106],"floor_reached":44,"playtime":4126,"items_purged":["Regret","Strike_G"],"score":750,"play_id":"8729556a-541b-4eb9-b0cd-df110cab7671","local_time":"20190329223715","is_ascension_mode":true,"campfire_choices":[{"data":"Cloak And Dagger","floor":12.0,"key":"SMITH"},{"data":"Dagger Spray","floor":15.0,"key":"SMITH"},{"floor":24.0,"key":"REST"},{"data":"Malaise","floor":28.0,"key":"SMITH"},{"data":"Mind Blast","floor":32.0,"key":"SMITH"},{"data":"Leg Sweep","floor":40.0,"key":"SMITH"}],"neow_cost":"NONE","seed_source_timestamp":0,"circlet_count":0,"master_deck":["AscendersBane","Defend_G","Defend_G","Defend_G","Defend_G","Defend_G+1","Strike_G","Strike_G","Strike_G","Strike_G","Survivor","Neutralize+1","Deadly Poison","Backstab","Cloak And Dagger+1","Flying Knee+1","Deflect","Dagger Spray+1","Well Laid Plans","Backflip","Dash","Malaise+1","Escape Plan+1","Sucker Punch+1","Noxious Fumes","Mind Blast+1","Glass Knife","Cloak And Dagger","Neutralize+1","Leg Sweep+1","Calculated Gamble","Deflect+1","PiercingWail+1","Predator","Pain"],"special_seed":0,"relics":["Ring of the Snake","NeowsBlessing","PreservedInsect","MawBank","Oddly Smooth Stone","Pantograph","Cursed Key","MutagenicStrength","Ancient Tea Set","Strawberry","Vajra","Sozu","DollysMirror","Boot"],"potions_floor_usage":[],"damage_taken":[{"damage":0.0,"enemies":"Cultist","floor":1.0,"turns":1.0},{"damage":0.0,"enemies":"Jaw Worm","floor":4.0,"turns":1.0},{"damage":0.0,"enemies":"3 Sentries","floor":6.0,"turns":1.0},{"damage":0.0,"enemies":"2 Louse","floor":7.0,"turns":3.0},{"damage":0.0,"enemies":"Exordium Wildlife","floor":8.0,"turns":3.0},{"damage":4.0,"enemies":"Lagavulin","floor":13.0,"turns":5.0},{"damage":2.0,"enemies":"Looter","floor":14.0,"turns":3.0},{"damage":19.0,"enemies":"Slime Boss","floor":16.0,"turns":11.0},{"damage":0.0,"enemies":"Shell Parasite","floor":18.0,"turns":6.0},{"damage":0.0,"enemies":"Chosen","floor":19.0,"turns":6.0},{"damage":24.0,"enemies":"3 Cultists","floor":22.0,"turns":5.0},{"damage":15.0,"enemies":"Gremlin Leader","floor":23.0,"turns":7.0},{"damage":0.0,"enemies":"Snake Plant","floor":25.0,"turns":7.0},{"damage":9.0,"enemies":"Slavers","floor":27.0,"turns":6.0},{"damage":7.0,"enemies":"Chosen and Byrds","floor":31.0,"turns":4.0},{"damage":62.0,"enemies":"Automaton","floor":33.0,"turns":13.0},{"damage":0.0,"enemies":"Orb Walker","floor":35.0,"turns":3.0},{"damage":23.0,"enemies":"3 Darklings","floor":36.0,"turns":6.0},{"damage":8.0,"enemies":"Sphere and 2 Shapes","floor":38.0,"turns":4.0},{"damage":7,"enemies":"Maw","floor":41,"turns":9},{"damage":16,"enemies":"Transient","floor":44,"turns":3}],"seed_played":"2665126483206606119","potions_obtained":[{"floor":6.0,"key":"Regen Potion"},{"floor":13.0,"key":"Swift Potion"},{"floor":14.0,"key":"PowerPotion"},{"floor":19.0,"key":"PowerPotion"},{"floor":23.0,"key":"SkillPotion"},{"floor":25.0,"key":"FearPotion"},{"floor":27.0,"key":"PowerPotion"},{"floor":33.0,"key":"Strength Potion"}],"is_trial":false,"path_per_floor":["M","?","$","M","$","E","M","M","T","T","?","R","E","M","R","B",null,"M","M","?","?","M","E","R","M","T","E","R","$","?","M","R","B",null,"M","M","$","M","$","R","M","$","T","M"],"character_chosen":"THE_SILENT","items_purchased":["Backstab","Flying Knee","Noxious Fumes","Mind Blast","DollysMirror","Leg Sweep","Calculated Gamble","Predator"],"campfire_rested":1,"item_purchase_floors":[3,5,29,29,37,37,37,42],"current_hp_per_floor":[63,63,63,63,63,63,63,63,63,63,49,49,59,57,57,51,65,65,65,65,65,41,26,47,47,54,45,45,45,45,38,38,1,58,58,35,35,27,27,27,20,20,20,4],"gold":106,"neow_bonus":"THREE_ENEMY_KILL","is_prod":false,"is_daily":false,"chose_seed":false,"campfire_upgraded":5,"win_rate":0,"timestamp":1553917035,"path_taken":["M","?","$","M","$","E","M","M","T","?","?","R","E","M","R","BOSS","M","M","?","?","M","E","R","M","T","E","R","$","?","M","R","BOSS","M","M","$","?","?","R","M","$","T","M"],"build_version":"2019-01-23","purchased_purges":2,"victory":false,"max_hp_per_floor":[70,70,70,70,70,70,70,70,70,70,70,70,70,70,70,70,70,70,70,70,70,70,70,70,70,77,77,77,77,77,77,77,77,77,77,77,77,77,77,77,77,77,77,77],"card_choices":[{"not_picked":["Blade Dance","Accuracy"],"picked":"Deadly Poison","floor":1.0},{"not_picked":["Outmaneuver","Blade Dance"],"picked":"Cloak And Dagger","floor":4.0},{"not_picked":["Crippling Poison","Masterful Stab"],"picked":"Deflect","floor":6.0},{"not_picked":["Dash","Catalyst"],"picked":"Dagger Spray","floor":7.0},{"not_picked":["Acrobatics","Prepared"],"picked":"Well Laid Plans","floor":8.0},{"not_picked":["Venomology","Escape Plan"],"picked":"Backflip","floor":13.0},{"not_picked":["Flying Knee","Deadly Poison"],"picked":"Dash","floor":14.0},{"not_picked":["Burst","Night Terror"],"picked":"Malaise","floor":16.0},{"not_picked":["Blade Dance","All Out Attack","Bane+1"],"picked":"SKIP","floor":18.0},{"not_picked":["Deadly Poison","Dagger Throw","Poisoned Stab"],"picked":"SKIP","floor":19.0},{"not_picked":["Poisoned Stab","Envenom","Well Laid Plans"],"picked":"SKIP","floor":22.0},{"not_picked":["Setup+1","Crippling Poison"],"picked":"Escape Plan+1","floor":23.0},{"not_picked":["Reflex+1","Dagger Throw+1"],"picked":"Sucker Punch+1","floor":25.0},{"not_picked":["Underhanded Strike","Blade Dance","Setup+1"],"picked":"SKIP","floor":27.0},{"not_picked":["Deflect","Sucker Punch","Setup"],"picked":"SKIP","floor":31.0},{"not_picked":["Venomology","Burst"],"picked":"Glass Knife","floor":33.0},{"not_picked":["PiercingWail","Catalyst"],"picked":"Cloak And Dagger","floor":35.0},{"not_picked":["Finisher+1","Dodge and Roll","Bane"],"picked":"SKIP","floor":36.0},{"not_picked":["Bane","Well Laid Plans+1"],"picked":"Deflect+1","floor":38.0},{"not_picked":["Bane+1","All Out Attack"],"picked":"PiercingWail+1","floor":41}],"player_experience":337280,"relics_obtained":[{"floor":6.0,"key":"PreservedInsect"},{"floor":9.0,"key":"MawBank"},{"floor":10.0,"key":"Oddly Smooth Stone"},{"floor":13.0,"key":"Pantograph"},{"floor":23.0,"key":"Ancient Tea Set"},{"floor":26.0,"key":"Strawberry"},{"floor":27.0,"key":"Vajra"},{"floor":43,"key":"Boot"}],"event_choices":[{"damage_healed":0.0,"max_hp_gain":0.0,"max_hp_loss":0.0,"gold_gain":0.0,"event_name":"Living Wall","player_choice":"Grow","floor":2.0,"gold_loss":0.0,"damage_taken":0.0,"cards_upgraded":["Neutralize"]},{"damage_healed":0.0,"max_hp_gain":0.0,"max_hp_loss":0.0,"gold_gain":0.0,"event_name":"Shining Light","player_choice":"Entered Light","floor":11.0,"gold_loss":0.0,"damage_taken":14.0,"cards_upgraded":["Flying Knee","Defend_G"]},{"damage_healed":0.0,"max_hp_gain":0.0,"max_hp_loss":0.0,"gold_gain":0.0,"event_name":"Drug Dealer","player_choice":"Inject Mutagens","floor":20.0,"gold_loss":0.0,"damage_taken":0.0,"relics_obtained":["MutagenicStrength"]},{"damage_healed":0.0,"max_hp_gain":0.0,"max_hp_loss":0.0,"gold_gain":0.0,"event_name":"Cursed Tome","player_choice":"Ignored","floor":21.0,"gold_loss":0.0,"damage_taken":0.0},{"damage_healed":0.0,"max_hp_gain":0.0,"max_hp_loss":0.0,"gold_gain":0.0,"event_name":"Transmorgrifier","player_choice":"Ignored","floor":30.0,"gold_loss":0.0,"damage_taken":0.0}],"is_beta":false,"boss_relics":[{"not_picked":["Astrolabe","Orrery"],"picked":"Cursed Key"},{"not_picked":["Runic Dome","Pandora\u0027s Box"],"picked":"Sozu"}],"items_purged_floors":[29,37],"is_endless":false,"potions_floor_spawned":[6,13,14,19,23,25,27,33,35,41],"killed_by":"Transient","ascension_level":10}