{"gold_per_floor":[116,116,127,12,30,60,78,89,89,122,122,122,135,145,145,221,221,234,254,254,272,272,272,272],"floor_reached":24,"playtime":712,"items_purged":["Strike_R"],"score":399,"play_id":"39c2fa18-e1c5-4f27-86c2-8a351938ac8c","local_time":"20190311013333","is_ascension_mode":true,"campfire_choices":[{"data":"Metallicize","floor":12,"key":"SMITH"},{"floor":15,"key":"REST"},{"data":"Disarm","floor":23,"key":"SMITH"}],"neow_cost":"TEN_PERCENT_HP_LOSS","seed_source_timestamp":114910500529700,"circlet_count":0,"master_deck":["AscendersBane","Strike_R","Strike_R","Strike_R","Strike_R","Defend_R","Defend_R","Defend_R","Defend_R","Bash","Bludgeon+1","Cleave","Exhume","Metallicize+1","Shrug It Off","Reaper","Disarm+1","Offering","Shrug It Off","Writhe"],"relics":["Burning Blood","Bronze Scales","Ornamental Fan","Mercury Hourglass","Runic Pyramid","Toxic Egg 2"],"potions_floor_usage":[10,24],"damage_taken":[{"damage":7,"enemies":"Jaw Worm","floor":1,"turns":2},{"damage":0,"enemies":"Cultist","floor":3,"turns":2},{"damage":0,"enemies":"2 Louse","floor":5,"turns":3},{"damage":37,"enemies":"Lagavulin","floor":6,"turns":9},{"damage":13,"enemies":"2 Fungi Beasts","floor":7,"turns":4},{"damage":0,"enemies":"Blue Slaver","floor":8,"turns":2},{"damage":5,"enemies":"Gremlin Nob","floor":10,"turns":3},{"damage":14,"enemies":"Red Slaver","floor":13,"turns":2},{"damage":9,"enemies":"3 Louse","floor":14,"turns":2},{"damage":9,"enemies":"The Guardian","floor":16,"turns":13},{"damage":7,"enemies":"Chosen","floor":18,"turns":5},{"damage":36,"enemies":"2 Thieves","floor":19,"turns":4},{"damage":19,"enemies":"Snake Plant","floor":21,"turns":5},{"damage":44,"enemies":"Gremlin Leader","floor":24,"turns":9}],"seed_played":"-3798338188266342098","potions_obtained":[{"floor":3,"key":"SpeedPotion"},{"floor":7,"key":"SmokeBomb"},{"floor":8,"key":"AttackPotion"},{"floor":10,"key":"GamblersBrew"},{"floor":16,"key":"BloodPotion"}],"is_trial":false,"path_per_floor":["M","?","M","$","M","E","M","M","T","E","?","R","M","M","R","B",null,"M","M","?","M","?","R","E"],"character_chosen":"IRONCLAD","items_purchased":["Metallicize"],"campfire_rested":1,"item_purchase_floors":[4],"current_hp_per_floor":[67,67,68,68,68,37,30,36,36,37,37,37,29,26,46,47,63,66,46,27,17,17,17,0],"gold":272,"neow_bonus":"THREE_RARE_CARDS","is_prod":false,"is_daily":false,"chose_seed":false,"campfire_upgraded":2,"win_rate":0,"timestamp":1552264413,"path_taken":["M","?","M","$","?","E","M","M","T","E","?","R","M","M","R","BOSS","M","?","?","M","?","R","E"],"build_version":"2019-01-23","purchased_purges":1,"victory":false,"max_hp_per_floor":[68,68,68,68,68,68,68,68,68,68,68,68,68,68,68,68,68,68,68,73,73,73,73,73],"card_choices":[{"not_picked":["Offering","Dark Embrace"],"picked":"Bludgeon","floor":0},{"not_picked":["Pommel Strike","Searing Blow"],"picked":"Cleave","floor":1},{"not_picked":["Body Slam","Warcry"],"picked":"Exhume","floor":3},{"not_picked":["Cleave","Flex"],"picked":"Shrug It Off","floor":5},{"not_picked":["Iron Wave","Heavy Blade","Cleave"],"picked":"SKIP","floor":6},{"not_picked":["Pommel Strike","Dual Wield","Perfected Strike"],"picked":"SKIP","floor":7},{"not_picked":["Perfected Strike","Body Slam","Clothesline"],"picked":"SKIP","floor":8},{"not_picked":["Wild Strike","Heavy Blade"],"picked":"Reaper","floor":10},{"not_picked":["Thunderclap","Heavy Blade","Iron Wave"],"picked":"SKIP","floor":13},{"not_picked":["Bloodletting","Armaments"],"picked":"Disarm","floor":14},{"not_picked":["Feed","Immolate"],"picked":"Offering","floor":16},{"not_picked":["Twin Strike","Flex"],"picked":"Shrug It Off","floor":18},{"not_picked":["Clash","Whirlwind","Iron Wave"],"picked":"SKIP","floor":19},{"not_picked":["Body Slam","Headbutt","Wild Strike"],"picked":"SKIP","floor":21}],"player_experience":470734,"relics_obtained":[{"floor":6,"key":"Bronze Scales"},{"floor":9,"key":"Ornamental Fan"},{"floor":10,"key":"Mercury Hourglass"}],"event_choices":[{"damage_healed":0,"gold_gain":0,"player_choice":"Upgraded","damage_taken":0,"max_hp_gain":0,"max_hp_loss":0,"event_name":"Upgrade Shrine","floor":2,"gold_loss":0,"cards_upgraded":["Bludgeon"]},{"damage_healed":0,"gold_gain":0,"player_choice":"Got Potions","damage_taken":0,"max_hp_gain":0,"max_hp_loss":0,"event_name":"Lab","floor":11,"gold_loss":0},{"damage_healed":0,"gold_gain":0,"player_choice":"Shed Blood","damage_taken":24,"max_hp_gain":5,"max_hp_loss":0,"event_name":"Forgotten Altar","floor":20,"gold_loss":0},{"damage_healed":0,"gold_gain":0,"player_choice":"Opened","damage_taken":0,"relics_obtained":["Toxic Egg 2"],"max_hp_gain":0,"max_hp_loss":0,"event_name":"The Mausoleum","floor":22,"gold_loss":0,"cards_obtained":["Writhe"]}],"is_beta":false,"boss_relics":[{"not_picked":["Velvet Choker","Calling Bell"],"picked":"Runic Pyramid"}],"items_purged_floors":[4],"is_endless":false,"potions_floor_spawned":[3,7,8,10,13,16],"killed_by":"Gremlin Leader","ascension_level":18}