{"gold_per_floor":[109,34,49,49,49,80,90,90,172,172,172,172,206,216,216,317,317,306,322,144,164,164,164,174,174,174,80,95,109,119,138,138,234,234,247,247,122,141,115,115,115,115,115,115,115,129,129,129,129,129],"floor_reached":50,"playtime":4043,"items_purged":["Strike_G","Regret","Strike_G"],"score":479,"play_id":"ba9ff711-608b-41ac-af48-7ca1d3094781","local_time":"20181119190838","is_ascension_mode":false,"campfire_choices":[{"data":"Neutralize","floor":8,"key":"SMITH"},{"data":"Survivor","floor":10,"key":"SMITH"},{"data":"Backflip","floor":15,"key":"SMITH"},{"data":"Tools of the Trade","floor":23,"key":"SMITH"},{"data":"Venomology","floor":25,"key":"SMITH"},{"data":"Blade Dance","floor":32,"key":"SMITH"},{"data":"Backflip","floor":40,"key":"SMITH"}],"neow_cost":"NONE","seed_source_timestamp":431154845834785,"circlet_count":0,"master_deck":["Defend_G+1","Defend_G+1","Defend_G+1","Defend_G+1","Defend_G+1","Strike_G+1","Survivor+1","Neutralize+1","Masterful Stab+1","Flying Knee+1","Flying Knee+1","Infinite Blades+1","Backflip+1","Tools of the Trade+1","Blur+1","Well Laid Plans+1","Infinite Blades+1","Venomology+1","Infinite Blades+1","Backflip+1","Backflip+1","Blade Dance+1","Venomology+1","Outmaneuver+1","Underhanded Strike+1","Underhanded Strike+1","Bouncing Flask+1"],"relics":["Ring of the Snake","NeowsBlessing","Bag of Marbles","Shuriken","Bronze Scales","Darkstone Periapt","Coffee Dripper","CultistMask","Bottled Tornado","Empty Cage","Mark of the Bloom","WingedGreaves"],"potions_floor_usage":[13,13,18,21,24,29,31,33,33,33,33,38,38,38,42,46,46,48,50,50,50,50],"damage_taken":[{"damage":0,"enemies":"Cultist","floor":1,"turns":1},{"damage":0,"enemies":"Small Slimes","floor":3,"turns":1},{"damage":0,"enemies":"Gremlin Nob","floor":6,"turns":1},{"damage":0,"enemies":"2 Louse","floor":7,"turns":1},{"damage":3,"enemies":"Lagavulin","floor":13,"turns":3},{"damage":5,"enemies":"Lots of Slimes","floor":14,"turns":3},{"damage":7,"enemies":"Slime Boss","floor":16,"turns":7},{"damage":3,"enemies":"2 Thieves","floor":18,"turns":4},{"damage":0,"enemies":"3 Byrds","floor":19,"turns":3},{"damage":3,"enemies":"Snake Plant","floor":21,"turns":5},{"damage":4,"enemies":"Snecko","floor":24,"turns":5},{"damage":14,"enemies":"Centurion and Healer","floor":28,"turns":5},{"damage":4,"enemies":"Cultist and Chosen","floor":29,"turns":5},{"damage":0,"enemies":"Snake Plant","floor":30,"turns":5},{"damage":3,"enemies":"Snecko","floor":31,"turns":5},{"damage":16,"enemies":"Collector","floor":33,"turns":7},{"damage":0,"enemies":"3 Shapes","floor":35,"turns":5},{"damage":9,"enemies":"3 Darklings","floor":38,"turns":5},{"damage":0,"enemies":"Writhing Mass","floor":42,"turns":2},{"damage":7,"enemies":"4 Shapes","floor":46,"turns":6},{"damage":0,"enemies":"Transient","floor":48,"turns":1},{"damage":64,"enemies":"Time Eater","floor":50,"turns":8}],"seed_played":"7955570095250976706","potions_obtained":[{"floor":1,"key":"AttackPotion"},{"floor":6,"key":"Block Potion"},{"floor":12,"key":"Strength Potion"},{"floor":13,"key":"GhostInAJar"},{"floor":16,"key":"Dexterity Potion"},{"floor":28,"key":"GhostInAJar"},{"floor":29,"key":"Weak Potion"},{"floor":31,"key":"LiquidBronze"},{"floor":33,"key":"SmokeBomb"},{"floor":38,"key":"GamblersBrew"}],"is_trial":false,"path_per_floor":["M","$","M","$","$","E","M","R","T","R","?","?","E","M","R","B",null,"M","M","$","M","?","R","M","R","T","$","M","M","M","M","R","B",null,"M","?","$","M","$","R","?","M","T","?","R","M","?","M","R","B"],"character_chosen":"THE_SILENT","items_purchased":["Infinite Blades","Infinite Blades","Backflip","Underhanded Strike"],"campfire_rested":0,"item_purchase_floors":[20,27,27,39],"current_hp_per_floor":[70,70,70,70,70,70,70,70,70,70,70,70,67,62,62,55,70,67,67,67,64,64,64,60,60,60,60,46,42,42,39,39,23,70,70,70,70,61,61,61,61,61,61,61,61,54,54,54,54,0],"gold":129,"neow_bonus":"THREE_ENEMY_KILL","is_prod":false,"is_daily":false,"chose_seed":false,"campfire_upgraded":7,"win_rate":0.0,"timestamp":1542672518,"path_taken":["M","$","M","?","$","E","M","R","T","R","?","?","E","M","R","BOSS","M","?","$","M","?","R","?","R","T","$","M","M","M","M","R","BOSS","M","?","$","M","$","R","?","M","T","?","R","?","?","M","R","BOSS"],"build_version":"2018-11-15","purchased_purges":3,"victory":false,"max_hp_per_floor":[70,70,70,70,70,70,70,70,70,70,70,70,70,70,70,70,70,70,70,70,70,70,70,70,70,70,70,70,70,70,70,70,70,70,70,70,70,70,70,70,70,70,70,70,70,70,70,70,70,70],"card_choices":[{"not_picked":["Heel Hook","PiercingWail"],"picked":"Masterful Stab","floor":1},{"not_picked":["Poisoned Stab","Blade Dance"],"picked":"Flying Knee","floor":3},{"not_picked":["Crippling Poison","Sucker Punch"],"picked":"Flying Knee","floor":6},{"not_picked":["Outmaneuver","Dagger Throw","Terror"],"picked":"SKIP","floor":7},{"not_picked":["Quick Slash","Heel Hook"],"picked":"Infinite Blades","floor":13},{"not_picked":["Deflect","Flying Knee"],"picked":"Backflip","floor":14},{"not_picked":["Night Terror","Envenom"],"picked":"Tools of the Trade","floor":16},{"not_picked":["Underhanded Strike","Acrobatics"],"picked":"Blur","floor":18},{"not_picked":["Outmaneuver+1","Flying Knee"],"picked":"Well Laid Plans","floor":19},{"not_picked":["Dagger Throw","Skewer","Slice+1"],"picked":"SKIP","floor":21},{"not_picked":["Prepared+1","Reflex"],"picked":"Venomology","floor":24},{"not_picked":["Acrobatics+1","Dagger Throw+1","Slice"],"picked":"SKIP","floor":28},{"not_picked":["Deadly Poison","PiercingWail"],"picked":"Backflip+1","floor":29},{"not_picked":["Poisoned Stab+1","Quick Slash"],"picked":"Blade Dance","floor":30},{"not_picked":["Deadly Poison","Riddle With Holes","Deflect"],"picked":"SKIP","floor":31},{"not_picked":["Malaise","Wraith Form v2"],"picked":"Venomology","floor":33},{"not_picked":["Bouncing Flask","Flying Knee+1","Dagger Throw+1"],"picked":"SKIP","floor":35},{"not_picked":["Backstab+1","Predator"],"picked":"Outmaneuver+1","floor":38},{"not_picked":["Blade Dance","Acrobatics+1"],"picked":"Bouncing Flask+1","floor":46}],"player_experience":7742,"relics_obtained":[{"floor":6,"key":"Bag of Marbles"},{"floor":9,"key":"Shuriken"},{"floor":13,"key":"Darkstone Periapt"},{"floor":26,"key":"Bottled Tornado"},{"floor":43,"key":"WingedGreaves"}],"event_choices":[{"damage_healed":0,"gold_gain":0,"player_choice":"Box","damage_taken":0,"relics_obtained":["Bronze Scales"],"max_hp_gain":0,"max_hp_loss":0,"event_name":"Big Fish","floor":11,"gold_loss":0,"cards_obtained":["Regret"]},{"damage_healed":0,"gold_gain":0,"player_choice":"Got Potions","damage_taken":0,"max_hp_gain":0,"max_hp_loss":0,"event_name":"Lab","floor":12,"gold_loss":0},{"damage_healed":0,"gold_gain":0,"player_choice":"Trade","damage_taken":0,"relics_obtained":["CultistMask"],"max_hp_gain":0,"max_hp_loss":0,"event_name":"FaceTrader","floor":22,"gold_loss":0},{"damage_healed":0,"gold_gain":0,"player_choice":"Ignored","damage_taken":0,"max_hp_gain":0,"max_hp_loss":0,"event_name":"Tomb of Lord Red Mask","floor":36,"gold_loss":0},{"damage_healed":0,"gold_gain":0,"player_choice":"Upgrade","damage_taken":0,"relics_obtained":["Mark of the Bloom"],"max_hp_gain":0,"max_hp_loss":0,"event_name":"MindBloom","floor":41,"gold_loss":0,"cards_upgraded":["Defend_G","Defend_G","Defend_G","Defend_G","Defend_G","Strike_G","Masterful Stab","Flying Knee","Flying Knee","Infinite Blades","Blur","Well Laid Plans","Infinite Blades","Infinite Blades","Venomology","Underhanded Strike"]},{"damage_healed":0,"gold_gain":0,"player_choice":"Copied","damage_taken":0,"max_hp_gain":0,"max_hp_loss":0,"event_name":"Duplicator","floor":44,"gold_loss":0,"cards_obtained":["Underhanded Strike"]},{"damage_healed":0,"gold_gain":0,"player_choice":"Ignored","damage_taken":0,"max_hp_gain":0,"max_hp_loss":0,"event_name":"Mysterious Sphere","floor":47,"gold_loss":0}],"is_beta":false,"boss_relics":[{"not_picked":["Astrolabe","Runic Dome"],"picked":"Coffee Dripper"},{"not_picked":["Snecko Eye","Philosopher\u0027s Stone"],"picked":"Empty Cage"}],"items_purged_floors":[2,20,37],"is_endless":false,"potions_floor_spawned":[1,6,13,16,28,29,31,33,38,42],"killed_by":"Time Eater","ascension_level":0}