{"gold_per_floor":[118,135,146,162,162,193,193,272,272,49,49,61,74,90,90,168,168,180,180],"floor_reached":19,"playtime":661,"items_purged":[],"score":325,"play_id":"bde641b2-d3c9-48a4-b25c-1fb66cc021db","local_time":"20190328200830","is_ascension_mode":true,"campfire_choices":[{"floor":7,"key":"REST"},{"floor":15,"key":"REST"}],"neow_cost":"NONE","seed_source_timestamp":94120783496405,"circlet_count":0,"master_deck":["AscendersBane","Strike_B","Strike_B","Strike_B+1","Strike_B","Defend_B","Defend_B","Defend_B","Defend_B","Zap","Dualcast","Doom and Gloom","Leap","Sweeping Beam","Conserve Battery+1","Fission","Ball Lightning+1","Self Repair","Steam Power","Coolheaded","Sweeping Beam+1","Auto Shields","Echo Form","Injury","Pain","Pain","FTL+1"],"relics":["Cracked Core","Strawberry","Pen Nib","Molten Egg 2","Pocketwatch","Calling Bell","Ancient Tea Set","Pantograph","Gambling Chip"],"potions_floor_usage":[3,13,19],"damage_taken":[{"damage":1,"enemies":"Cultist","floor":1,"turns":3},{"damage":5,"enemies":"2 Louse","floor":2,"turns":2},{"damage":4,"enemies":"Small Slimes","floor":3,"turns":3},{"damage":13,"enemies":"Blue Slaver","floor":4,"turns":4},{"damage":47,"enemies":"Lagavulin","floor":6,"turns":9},{"damage":0,"enemies":"Red Slaver","floor":12,"turns":3},{"damage":4,"enemies":"Exordium Thugs","floor":13,"turns":4},{"damage":0,"enemies":"Gremlin Gang","floor":14,"turns":2},{"damage":12,"enemies":"The Guardian","floor":16,"turns":12},{"damage":29,"enemies":"2 Thieves","floor":18,"turns":3},{"damage":9,"enemies":"Shell Parasite","floor":19,"turns":2}],"seed_played":"-6990531048417256925","potions_obtained":[{"floor":1,"key":"FairyPotion"},{"floor":2,"key":"Fire Potion"},{"floor":12,"key":"FocusPotion"},{"floor":14,"key":"Weak Potion"},{"floor":18,"key":"PowerPotion"}],"is_trial":false,"path_per_floor":["M","M","M","M","?","E","R","?","T","$","?","M","M","M","R","B",null,"M","M"],"character_chosen":"DEFECT","items_purchased":["Ball Lightning+1","Self Repair","Steam Power"],"campfire_rested":2,"item_purchase_floors":[10,10,10],"current_hp_per_floor":[70,65,61,48,25,1,24,24,24,24,6,6,2,2,25,20,64,35,26],"gold":180,"neow_bonus":"RANDOM_COMMON_RELIC","is_prod":false,"is_daily":false,"chose_seed":false,"campfire_upgraded":0,"win_rate":0,"timestamp":1553821710,"path_taken":["M","M","M","?","?","E","R","?","T","$","?","M","M","M","R","BOSS","M","M"],"build_version":"2019-01-23","purchased_purges":0,"victory":false,"max_hp_per_floor":[78,78,78,78,78,78,78,78,78,78,78,78,78,78,78,78,78,78,78],"card_choices":[{"not_picked":["Force Field","Capacitor"],"picked":"Doom and Gloom","floor":1},{"not_picked":["Melter","Stack"],"picked":"Leap","floor":2},{"not_picked":["Hologram","Hello World"],"picked":"Sweeping Beam","floor":3},{"not_picked":["Loop","Cold Snap"],"picked":"Conserve Battery","floor":4},{"not_picked":["Barrage","Beam Cell"],"picked":"Fission","floor":6},{"not_picked":["Force Field","Tempest"],"picked":"Coolheaded","floor":12},{"not_picked":["Hello World","Hologram"],"picked":"Sweeping Beam+1","floor":13},{"not_picked":["Gash+1","Doom and Gloom+1"],"picked":"Auto Shields","floor":14},{"not_picked":["Rainbow","Creative AI"],"picked":"Echo Form","floor":16},{"not_picked":["Sweeping Beam+1","Recycle"],"picked":"FTL+1","floor":18}],"player_experience":1178717,"relics_obtained":[{"floor":6,"key":"Pen Nib"},{"floor":9,"key":"Molten Egg 2"},{"floor":17,"key":"Ancient Tea Set"},{"floor":17,"key":"Pantograph"},{"floor":17,"key":"Gambling Chip"}],"event_choices":[{"damage_healed":0,"gold_gain":0,"player_choice":"Entered Light","damage_taken":23,"max_hp_gain":0,"max_hp_loss":0,"event_name":"Shining Light","floor":5,"gold_loss":0,"cards_upgraded":["Strike_B","Conserve Battery"]},{"damage_healed":0,"gold_gain":79,"player_choice":"Gained Gold","damage_taken":0,"max_hp_gain":0,"max_hp_loss":0,"event_name":"Golden Wing","floor":8,"gold_loss":0},{"damage_healed":0,"gold_gain":0,"player_choice":"Success","damage_taken":18,"relics_obtained":["Pocketwatch"],"max_hp_gain":0,"max_hp_loss":0,"event_name":"Scrap Ooze","floor":11,"gold_loss":0}],"is_beta":false,"boss_relics":[{"not_picked":["Coffee Dripper","Velvet Choker"],"picked":"Calling Bell"}],"items_purged_floors":[],"is_endless":false,"potions_floor_spawned":[1,2,12,14,18],"killed_by":"Shell Parasite","ascension_level":18}