{"gold_per_floor":[211,226,151,151,170,170,243,271,271,271],"floor_reached":10,"playtime":371,"items_purged":[],"score":132,"play_id":"31284577-2d11-4e92-b6ab-25392f3ded03","local_time":"20190512015748","is_ascension_mode":true,"campfire_choices":[{"data":"Inflame","floor":6,"key":"SMITH"}],"neow_cost":"NONE","seed_source_timestamp":267703536641700,"circlet_count":0,"master_deck":["AscendersBane","Strike_R","Strike_R","Strike_R","Strike_R","Defend_R","Defend_R","Defend_R","Defend_R","Bash","Metallicize","Sword Boomerang","Feel No Pain","Twin Strike","Inflame+1","Flame Barrier"],"relics":["Burning Blood","Paper Frog","Frozen Egg 2","Happy Flower"],"potions_floor_usage":[10],"damage_taken":[{"damage":14,"enemies":"Jaw Worm","floor":1,"turns":4},{"damage":9,"enemies":"2 Louse","floor":2,"turns":4},{"damage":8,"enemies":"Cultist","floor":5,"turns":5},{"damage":19,"enemies":"3 Sentries","floor":8,"turns":10},{"damage":44,"enemies":"Exordium Thugs","floor":10,"turns":5}],"seed_played":"4208188229822696020","potions_obtained":[{"floor":1,"key":"FearPotion"},{"floor":5,"key":"Ancient Potion"}],"is_trial":false,"path_per_floor":["M","M","?","?","M","R","T","E","T","M"],"character_chosen":"IRONCLAD","items_purchased":[],"campfire_rested":0,"item_purchase_floors":[],"current_hp_per_floor":[60,57,57,57,55,55,55,42,42,0],"gold":271,"neow_bonus":"HUNDRED_GOLD","is_prod":false,"is_daily":false,"chose_seed":false,"campfire_upgraded":1,"win_rate":0,"timestamp":1557619068,"path_taken":["M","M","?","?","?","R","?","E","T","M"],"build_version":"2019-01-23","purchased_purges":0,"victory":false,"max_hp_per_floor":[75,75,75,75,75,75,75,75,75,75],"card_choices":[{"not_picked":["Thunderclap","Combust"],"picked":"Metallicize","floor":1},{"not_picked":["Thunderclap","True Grit"],"picked":"Sword Boomerang","floor":2},{"not_picked":["Burning Pact","Heavy Blade"],"picked":"Inflame","floor":5},{"not_picked":["Dual Wield","Double Tap"],"picked":"Flame Barrier","floor":8}],"player_experience":658636,"relics_obtained":[{"floor":7,"key":"Paper Frog"},{"floor":8,"key":"Frozen Egg 2"},{"floor":9,"key":"Happy Flower"}],"event_choices":[{"cards_removed":["Strike_R"],"damage_healed":0,"gold_gain":0,"player_choice":"Card Removal","damage_taken":0,"max_hp_gain":0,"max_hp_loss":0,"event_name":"The Cleric","floor":3,"gold_loss":75},{"damage_healed":0,"gold_gain":0,"player_choice":"2 cards matched","damage_taken":0,"max_hp_gain":0,"max_hp_loss":0,"event_name":"Match and Keep!","floor":4,"gold_loss":0,"cards_obtained":["Feel No Pain","Twin Strike"]}],"is_beta":false,"boss_relics":[],"items_purged_floors":[],"is_endless":false,"potions_floor_spawned":[1,5],"killed_by":"Exordium Thugs","ascension_level":20}