{"gold_per_floor":[109,122,74,74,74,109,109,125,125,125],"floor_reached":10,"playtime":364,"items_purged":[],"score":102,"play_id":"0d4d16b1-ebb6-48d9-9224-f53769008c4f","local_time":"20190428211501","is_ascension_mode":true,"campfire_choices":[{"floor":7,"key":"REST"}],"neow_cost":"NONE","seed_source_timestamp":178165576815658,"circlet_count":0,"master_deck":["AscendersBane","Defend_G","Defend_G","Defend_G","Defend_G","Defend_G","Strike_G","Strike_G","Strike_G","Strike_G","Strike_G","Survivor","Neutralize","Deadly Poison","Catalyst","Deadly Poison","Blur"],"relics":["Ring of the Snake","Golden Idol","Bottled Lightning","Toxic Egg 2"],"potions_floor_usage":[6,10],"damage_taken":[{"damage":11,"enemies":"Small Slimes","floor":1,"turns":6},{"damage":2,"enemies":"Jaw Worm","floor":2,"turns":5},{"damage":32,"enemies":"Lagavulin","floor":6,"turns":7},{"damage":0,"enemies":"2 Louse","floor":8,"turns":3},{"damage":39,"enemies":"3 Sentries","floor":10,"turns":7}],"seed_played":"7811882362326428849","potions_obtained":[{"floor":1,"key":"SpeedPotion"},{"floor":8,"key":"Strength Potion"}],"is_trial":false,"path_per_floor":["M","M","$","?","?","E","R","M","T","E"],"character_chosen":"THE_SILENT","items_purchased":["Deadly Poison"],"campfire_rested":1,"item_purchase_floors":[3],"current_hp_per_floor":[59,57,57,57,50,18,41,41,41,2],"gold":125,"neow_bonus":"TEN_PERCENT_HP_BONUS","is_prod":false,"is_daily":false,"chose_seed":false,"campfire_upgraded":0,"win_rate":0,"timestamp":1556478901,"path_taken":["M","M","$","?","?","E","R","M","T","E"],"build_version":"2019-01-23","purchased_purges":0,"victory":false,"max_hp_per_floor":[77,77,77,77,77,77,77,77,77,77],"card_choices":[{"not_picked":["Tactician","Dagger Spray"],"picked":"Deadly Poison","floor":1},{"not_picked":["Backflip","Dodge and Roll"],"picked":"Catalyst","floor":2},{"not_picked":["Tactician","Flying Knee"],"picked":"Blur","floor":6},{"not_picked":["Storm of Steel","Backstab","Endless Agony"],"picked":"SKIP","floor":8}],"player_experience":505816,"relics_obtained":[{"floor":6,"key":"Bottled Lightning"},{"floor":9,"key":"Toxic Egg 2"}],"event_choices":[{"damage_healed":0,"gold_gain":0,"player_choice":"Take Wound","damage_taken":0,"relics_obtained":["Golden Idol"],"max_hp_gain":0,"max_hp_loss":0,"event_name":"Golden Idol","floor":4,"gold_loss":0,"cards_obtained":["Injury"]},{"cards_removed":["Injury"],"damage_healed":0,"gold_gain":0,"player_choice":"Card Removal","damage_taken":7,"max_hp_gain":0,"max_hp_loss":0,"event_name":"Golden Wing","floor":5,"gold_loss":0}],"is_beta":false,"boss_relics":[],"items_purged_floors":[],"is_endless":false,"potions_floor_spawned":[1,8],"killed_by":"3 Sentries","ascension_level":11}