{"gold_per_floor":[113,113,130,142,162,162,172,172,224,51,66,99,109,126,126,198,198,149,165,184,200,232,232,245,245,245,245,264,274,309,8,8,86,86,103,325,325,51,67,101,101,115,115,150,164,164,35,48,48,48,48,48,48,48,83,83],"floor_reached":56,"playtime":4564,"items_purged":["Pain","Strike_B","Gash"],"score":1945,"play_id":"1bbf53bf-6a42-4a87-94e4-5f23b6034ba0","local_time":"20190508232451","is_ascension_mode":true,"campfire_choices":[{"data":"Zap","floor":6,"key":"SMITH"},{"data":"Buffer","floor":8,"key":"SMITH"},{"data":"Go for the Eyes","floor":15,"key":"SMITH"},{"data":"Biased Cognition","floor":23,"key":"SMITH"},{"data":"Creative AI","floor":27,"key":"SMITH"},{"data":"Loop","floor":32,"key":"SMITH"},{"floor":41,"key":"RECALL"},{"data":"Reboot","floor":46,"key":"SMITH"},{"data":"Capacitor","floor":49,"key":"SMITH"},{"data":"Coolheaded","floor":53,"key":"SMITH"}],"neow_cost":"NONE","seed_source_timestamp":216967536360500,"circlet_count":0,"master_deck":["AscendersBane","Defend_B","Defend_B","Defend_B","Defend_B","Zap+1","Dualcast","Buffer+1","Glacier","Go for the Eyes+1","Steam","Self Repair","Rebound","Cold Snap","Barrage","Sweeping Beam","Ball Lightning","Biased Cognition+1","Fusion+1","Reinforced Body+1","Echo Form+1","Ball Lightning+1","Leap","Hologram","Creative AI+1","FTL","Coolheaded+1","Loop+1","Loop","Reboot+1","Force Field+1","Capacitor+1"],"relics":["Cracked Core","WarpedTongs","Ancient Tea Set","Symbiotic Virus","Astrolabe","Red Mask","Gremlin Horn","Smiling Mask","Coffee Dripper","OrangePellets","Happy Flower","Darkstone Periapt","Vajra"],"potions_floor_usage":[12,16,19,20,22,22,30,33,33,44,44,51],"damage_taken":[{"damage":0,"enemies":"Small Slimes","floor":1,"turns":4},{"damage":6,"enemies":"Cultist","floor":3,"turns":4},{"damage":2,"enemies":"Jaw Worm","floor":4,"turns":3},{"damage":10,"enemies":"Exordium Wildlife","floor":5,"turns":5},{"damage":11,"enemies":"Large Slime","floor":7,"turns":7},{"damage":0,"enemies":"3 Louse","floor":11,"turns":5},{"damage":0,"enemies":"Lagavulin","floor":12,"turns":7},{"damage":9,"enemies":"Looter","floor":13,"turns":3},{"damage":4,"enemies":"Lots of Slimes","floor":14,"turns":4},{"damage":25,"enemies":"Hexaghost","floor":16,"turns":9},{"damage":10,"enemies":"2 Thieves","floor":18,"turns":5},{"damage":0,"enemies":"Spheric Guardian","floor":19,"turns":4},{"damage":0,"enemies":"Chosen and Byrds","floor":20,"turns":5},{"damage":6,"enemies":"Shelled Parasite and Fungi","floor":21,"turns":6},{"damage":1,"enemies":"Masked Bandits","floor":22,"turns":4},{"damage":0,"enemies":"Snecko","floor":24,"turns":5},{"damage":0,"enemies":"Sentry and Sphere","floor":28,"turns":6},{"damage":1,"enemies":"Chosen and Byrds","floor":29,"turns":7},{"damage":28,"enemies":"Book of Stabbing","floor":30,"turns":7},{"damage":31,"enemies":"Automaton","floor":33,"turns":13},{"damage":0,"enemies":"Orb Walker","floor":35,"turns":4},{"damage":1,"enemies":"3 Shapes","floor":39,"turns":6},{"damage":21,"enemies":"Nemesis","floor":40,"turns":13},{"damage":7,"enemies":"Jaw Worm Horde","floor":42,"turns":6},{"damage":0,"enemies":"Reptomancer","floor":44,"turns":8},{"damage":0,"enemies":"4 Shapes","floor":45,"turns":9},{"damage":5,"enemies":"Transient","floor":48,"turns":6},{"damage":1,"enemies":"Time Eater","floor":50,"turns":17},{"damage":12,"enemies":"Donu and Deca","floor":51,"turns":11},{"damage":59,"enemies":"Shield and Spear","floor":55,"turns":8},{"damage":18,"enemies":"The Heart","floor":56,"turns":2}],"seed_played":"-8024860687838011676","potions_obtained":[{"floor":1,"key":"PowerPotion"},{"floor":3,"key":"Swift Potion"},{"floor":11,"key":"Weak Potion"},{"floor":12,"key":"Ancient Potion"},{"floor":18,"key":"Swift Potion"},{"floor":20,"key":"FearPotion"},{"floor":21,"key":"Fire Potion"},{"floor":22,"key":"Swift Potion"},{"floor":33,"key":"FocusPotion"},{"floor":45,"key":"Block Potion"}],"is_trial":false,"path_per_floor":["M","?","M","M","M","R","M","R","T","$","M","E","M","M","R","B",null,"M","M","M","M","?","R","M","?","T","R","M","M","E","$","R","B",null,"M","?","?","$","M","E","R","M","T","E","M","R","$","M","R","B","B",null,"R","$","E","B"],"character_chosen":"DEFECT","items_purchased":["Self Repair","Rebound","Loop","Fruit Juice","Strength Potion","OrangePellets","Energy Potion","Capacitor"],"campfire_rested":0,"item_purchase_floors":[10,10,31,31,31,38,38,47],"current_hp_per_floor":[64,64,58,56,46,46,35,35,35,35,42,52,43,46,46,28,60,57,71,71,65,71,71,71,71,71,71,71,71,50,50,50,31,65,72,72,72,72,76,75,75,68,68,68,75,75,75,70,70,76,76,76,76,76,17,0],"gold":83,"neow_bonus":"ONE_RANDOM_RARE_CARD","is_prod":false,"is_daily":false,"chose_seed":false,"campfire_upgraded":9,"win_rate":0,"timestamp":1557325491,"path_taken":["M","?","M","M","M","R","M","R","T","$","M","E","M","M","R","BOSS","M","M","?","M","?","R","M","?","T","R","M","?","E","$","R","BOSS","M","?","?","$","M","E","R","M","T","E","M","R","$","M","R","BOSS","BOSS","R","$","E","BOSS"],"build_version":"2019-01-23","purchased_purges":3,"victory":false,"max_hp_per_floor":[71,71,71,71,71,71,71,71,71,71,71,71,71,71,71,71,71,71,71,71,71,71,71,71,71,71,71,71,71,71,71,71,76,76,76,76,76,76,76,76,76,76,76,76,76,76,76,76,76,76,76,76,76,76,76,76],"card_choices":[{"not_picked":["Rebound","Static Discharge"],"picked":"Glacier","floor":1},{"not_picked":["Leap","Tempest"],"picked":"Go for the Eyes","floor":3},{"not_picked":["Compile Driver","Static Discharge","Double Energy"],"picked":"SKIP","floor":4},{"not_picked":["Leap","Darkness"],"picked":"Gash","floor":5},{"not_picked":["Barrage","Echo Form"],"picked":"Steam","floor":7},{"not_picked":["Beam Cell","Undo"],"picked":"Cold Snap","floor":11},{"not_picked":["Sunder","Steam"],"picked":"Barrage","floor":12},{"not_picked":["Steam Power","Redo"],"picked":"Sweeping Beam","floor":13},{"not_picked":["Rip and Tear","Conserve Battery"],"picked":"Ball Lightning","floor":14},{"not_picked":["Hyperbeam","All For One"],"picked":"Biased Cognition","floor":16},{"not_picked":["Turbo","Double Energy","Sunder"],"picked":"SKIP","floor":18},{"not_picked":["Genetic Algorithm","Force Field"],"picked":"Ball Lightning+1","floor":19},{"not_picked":["Steam Power","Beam Cell"],"picked":"Leap","floor":20},{"not_picked":["Leap","Blizzard","Redo"],"picked":"SKIP","floor":21},{"not_picked":["Rip and Tear","Stack"],"picked":"Hologram","floor":22},{"not_picked":["Coolheaded","Cold Snap+1"],"picked":"Creative AI","floor":24},{"not_picked":["Heatsinks+1","Reprogram","Rebound"],"picked":"SKIP","floor":28},{"not_picked":["Scrape","Streamline"],"picked":"Coolheaded","floor":29},{"not_picked":["White Noise","Reinforced Body"],"picked":"Loop","floor":30},{"not_picked":["Echo Form","Hyperbeam"],"picked":"Reboot","floor":33},{"not_picked":["Compile Driver","Loop","Redo"],"picked":"SKIP","floor":35},{"not_picked":["Streamline","Coolheaded+1","Rebound"],"picked":"SKIP","floor":39},{"not_picked":["Reboot","Steam"],"picked":"Force Field+1","floor":40},{"not_picked":["Double Energy+1","Conserve Battery+1","Reprogram"],"picked":"SKIP","floor":42},{"not_picked":["Rebound","Sweeping Beam","Chill"],"picked":"SKIP","floor":44},{"not_picked":["Conserve Battery+1","Blizzard","Redo"],"picked":"SKIP","floor":45},{"not_picked":["Ball Lightning+1","Lockon","Streamline"],"picked":"SKIP","floor":48},{"not_picked":["Redo","White Noise","Steam"],"picked":"SKIP","floor":55}],"player_experience":1296239,"relics_obtained":[{"floor":9,"key":"Ancient Tea Set"},{"floor":12,"key":"Symbiotic Virus"},{"floor":22,"key":"Red Mask"},{"floor":26,"key":"Gremlin Horn"},{"floor":30,"key":"Smiling Mask"},{"floor":40,"key":"Happy Flower"},{"floor":44,"key":"Darkstone Periapt"},{"floor":55,"key":"Vajra"}],"event_choices":[{"damage_healed":0,"gold_gain":0,"player_choice":"Rummage","damage_taken":0,"relics_obtained":["WarpedTongs"],"max_hp_gain":0,"max_hp_loss":0,"event_name":"Accursed Blacksmith","floor":2,"gold_loss":0,"cards_obtained":["Pain"]},{"damage_healed":0,"gold_gain":0,"player_choice":"Fought Bandits","damage_taken":0,"max_hp_gain":0,"max_hp_loss":0,"event_name":"Masked Bandits","floor":22,"gold_loss":0},{"damage_healed":0,"gold_gain":0,"player_choice":"1 cards matched","damage_taken":0,"max_hp_gain":0,"max_hp_loss":0,"event_name":"Match and Keep!","floor":25,"gold_loss":0,"cards_obtained":["FTL"]},{"damage_healed":0,"gold_gain":222,"player_choice":"Wore Mask","damage_taken":0,"max_hp_gain":0,"max_hp_loss":0,"event_name":"Tomb of Lord Red Mask","floor":36,"gold_loss":0},{"damage_healed":0,"gold_gain":0,"player_choice":"Ignored","damage_taken":0,"max_hp_gain":0,"max_hp_loss":0,"event_name":"Mysterious Sphere","floor":37,"gold_loss":0}],"is_beta":false,"boss_relics":[{"not_picked":["Snecko Eye","Nuclear Battery"],"picked":"Astrolabe"},{"not_picked":["Eternal Feather","Tiny House"],"picked":"Coffee Dripper"}],"items_purged_floors":[10,31,47],"is_endless":false,"potions_floor_spawned":[1,3,11,12,18,20,21,22,33,45],"killed_by":"The Heart","ascension_level":20}