{"gold_per_floor":[112,129,304,2,77,77,95,95,95,111,129,145,145,157,157,253,253,265,280,23,43,43,43,43,43,43,56,75,75,75,94,94,190,190,206,6,6,6,20,54,54,89,89,89,89,104,104,119,119,119],"floor_reached":51,"playtime":3377,"items_purged":["Doubt","Blade Dance","Strike_G"],"score":789,"play_id":"dbecbcd4-a6d4-4a2f-b8d4-ac845dfd92b2","local_time":"20181004173709","is_ascension_mode":true,"campfire_choices":[{"data":"Noxious Fumes","floor":6.0,"key":"SMITH"},{"data":"Neutralize","floor":8.0,"key":"SMITH"},{"floor":15.0,"key":"REST"},{"data":"Noxious Fumes","floor":23.0,"key":"SMITH"},{"data":"Noxious Fumes","floor":25.0,"key":"SMITH"},{"data":"Strike_G","floor":30.0,"key":"PURGE"},{"data":"Strike_G","floor":32.0,"key":"PURGE"},{"floor":41,"key":"REST"},{"floor":44,"key":"REST"},{"data":"Strike_G","floor":47,"key":"PURGE"},{"data":"Strike_G","floor":49,"key":"PURGE"}],"neow_cost":"PERCENT_DAMAGE","seed_source_timestamp":0,"circlet_count":0,"master_deck":["Defend_G","Defend_G","Defend_G","Defend_G","Defend_G","Survivor","Neutralize+1","Backflip","Backflip","Noxious Fumes+1","PiercingWail","Deadly Poison","Dash","Deadly Poison","Dagger Spray","Noxious Fumes+1","PiercingWail","Neutralize","Malaise","Dodge and Roll","Envenom","Deflect","Noxious Fumes+1","Blur","Flying Knee","Footwork+1","Dash+1","Noxious Fumes+1","Dodge and Roll","Die Die Die","Deflect+1","Footwork+1","Deflect+1","Noxious Fumes+1"],"special_seed":0,"relics":["Ring of the Snake","Ninja Scroll","Eternal Feather","Peace Pipe","Pantograph","Runic Pyramid","Molten Egg 2","Dream Catcher","Mercury Hourglass"],"potions_floor_usage":[40,50,50,50],"damage_taken":[{"damage":0.0,"enemies":"Small Slimes","floor":1.0,"turns":4.0},{"damage":0.0,"enemies":"Jaw Worm","floor":2.0,"turns":5.0},{"damage":0.0,"enemies":"Cultist","floor":7.0,"turns":4.0},{"damage":1.0,"enemies":"Looter","floor":10.0,"turns":4.0},{"damage":3.0,"enemies":"Exordium Thugs","floor":11.0,"turns":5.0},{"damage":16.0,"enemies":"3 Louse","floor":12.0,"turns":3.0},{"damage":14.0,"enemies":"Gremlin Gang","floor":14.0,"turns":4.0},{"damage":2.0,"enemies":"The Guardian","floor":16.0,"turns":9.0},{"damage":11.0,"enemies":"Spheric Guardian","floor":18.0,"turns":5.0},{"damage":9.0,"enemies":"Shell Parasite","floor":19.0,"turns":6.0},{"damage":24.0,"enemies":"Snake Plant","floor":21.0,"turns":5.0},{"damage":5.0,"enemies":"Centurion and Healer","floor":27.0,"turns":8.0},{"damage":0.0,"enemies":"3 Cultists","floor":28.0,"turns":4.0},{"damage":18.0,"enemies":"Snecko","floor":31.0,"turns":5.0},{"damage":64.0,"enemies":"Champ","floor":33.0,"turns":12.0},{"damage":0,"enemies":"3 Shapes","floor":35,"turns":5},{"damage":7,"enemies":"Orb Walker","floor":39,"turns":6},{"damage":72,"enemies":"Giant Head","floor":40,"turns":13},{"damage":27,"enemies":"Nemesis","floor":42,"turns":9},{"damage":17,"enemies":"Maw","floor":46,"turns":8},{"damage":34,"enemies":"Spire Growth","floor":48,"turns":6},{"damage":51,"enemies":"Donu and Deca","floor":50,"turns":10}],"seed_played":"5652391852408074137","potions_obtained":[{"floor":2.0,"key":"Weak Potion"},{"floor":10.0,"key":"Strength Potion"},{"floor":16.0,"key":"AttackPotion"},{"floor":27.0,"key":"Block Potion"},{"floor":31.0,"key":"AttackPotion"},{"floor":35,"key":"SpeedPotion"},{"floor":42,"key":"Block Potion"},{"floor":48,"key":"Ancient Potion"}],"is_trial":false,"path_per_floor":["M","M","?","$","?","R","M","R","T","M","M","M","?","M","R","B",null,"M","M","$","M","?","R","$","R","T","M","M","T","R","M","R","B",null,"M","$","?","$","M","E","R","E","T","R","$","M","R","M","R","B"],"character_chosen":"THE_SILENT","items_purchased":["Noxious Fumes","PiercingWail","Deadly Poison","Dash","Noxious Fumes","Blur","Flying Knee","Footwork"],"campfire_rested":3,"item_purchase_floors":[4,4,4,4,20,20,20,36],"current_hp_per_floor":[60,60,60,60,49,49,49,49,49,48,45,29,29,15,40,38,84,73,64,64,40,24,42,42,60,60,55,55,55,73,55,73,25,89,89,89,89,89,82,10,54,27,27,71,71,54,75,41,62,36],"gold":119,"neow_bonus":"TWENTY_PERCENT_HP_BONUS","is_prod":false,"is_daily":false,"chose_seed":false,"campfire_upgraded":4,"win_rate":0,"timestamp":1538667429,"path_taken":["M","M","?","$","?","R","?","R","T","M","M","M","?","M","R","BOSS","M","?","$","M","?","R","?","R","T","M","M","?","R","?","R","BOSS","M","?","?","$","?","E","R","E","T","R","$","M","R","M","R","BOSS"],"build_version":"2018-09-27","purchased_purges":3,"victory":true,"max_hp_per_floor":[84,84,84,84,84,84,84,84,84,84,84,84,84,84,84,84,84,84,84,84,84,89,89,89,89,89,89,89,89,89,89,89,89,89,89,89,89,89,89,89,89,89,89,89,89,89,89,89,89,89],"card_choices":[{"not_picked":["Prepared","Bane"],"picked":"Backflip","floor":1.0},{"not_picked":["Prepared","Cloak And Dagger"],"picked":"Backflip","floor":2.0},{"not_picked":["Unload","Quick Slash"],"picked":"Deadly Poison","floor":7.0},{"not_picked":["Bane","Backflip"],"picked":"Dagger Spray","floor":10.0},{"not_picked":["Acrobatics","Deflect"],"picked":"Noxious Fumes","floor":11.0},{"not_picked":["Underhanded Strike","Backflip"],"picked":"PiercingWail","floor":12.0},{"not_picked":["Endless Agony","Quick Slash"],"picked":"Dodge and Roll","floor":14.0},{"not_picked":["Glass Knife","Phantasmal Killer"],"picked":"Envenom","floor":16.0},{"not_picked":["Acrobatics","Eviscerate","Cloak And Dagger"],"picked":"SKIP","floor":18.0},{"not_picked":["Flying Knee","Prepared"],"picked":"Deflect","floor":19.0},{"not_picked":["Cloak And Dagger+1","Poisoned Stab"],"picked":"Footwork+1","floor":21.0},{"not_picked":["Sucker Punch","Bullet Time"],"picked":"Dash+1","floor":27.0},{"not_picked":["Terror+1","Bane"],"picked":"Noxious Fumes+1","floor":28.0},{"not_picked":["Noxious Fumes+1","Leg Sweep"],"picked":"Dodge and Roll","floor":31.0},{"not_picked":["Tools of the Trade","Adrenaline"],"picked":"Die Die Die","floor":33.0},{"not_picked":["Prepared","Tactician"],"picked":"Deflect+1","floor":35},{"not_picked":["Dagger Spray+1","Deadly Poison+1","Sucker Punch"],"picked":"SKIP","floor":39},{"not_picked":["Reflex","Prepared+1","Backstab+1"],"picked":"SKIP","floor":40},{"not_picked":["Storm of Steel","Riddle With Holes+1","Skewer+1"],"picked":"SKIP","floor":42},{"not_picked":["Distraction+1","Finisher+1"],"picked":"Deflect+1","floor":44},{"not_picked":["Accuracy+1","Deflect"],"picked":"Noxious Fumes+1","floor":46},{"not_picked":["Acrobatics","Dodge and Roll","Choke+1"],"picked":"SKIP","floor":48}],"player_experience":136315,"relics_obtained":[{"floor":9.0,"key":"Ninja Scroll"},{"floor":26.0,"key":"Peace Pipe"},{"floor":29.0,"key":"Pantograph"},{"floor":40,"key":"Molten Egg 2"},{"floor":42,"key":"Dream Catcher"},{"floor":43,"key":"Mercury Hourglass"}],"event_choices":[{"event_name":"Liars Game","player_choice":"agreed","floor":3.0,"damage_taken":0.0},{"event_name":"World of Goop","player_choice":"Gather Gold","floor":5.0,"damage_taken":0.0},{"event_name":"Match and Keep!","player_choice":"3 cards matched","floor":13.0,"damage_taken":0.0},{"event_name":"Forgotten Altar","player_choice":"Shed Blood","floor":22.0,"damage_taken":0.0},{"event_name":"Accursed Blacksmith","player_choice":"Forge","floor":37,"damage_taken":0}],"is_beta":false,"boss_relics":[{"not_picked":["Busted Crown","Black Star"],"picked":"Eternal Feather"},{"not_picked":["Calling Bell","Sozu"],"picked":"Runic Pyramid"}],"items_purged_floors":[4,20,36],"is_endless":false,"potions_floor_spawned":[2,10,16,27,31,35,42,48],"ascension_level":2}