{"gold_per_floor":[218,218,393,77,91,91,102,102,102,120,138,150,50,50,50,50],"floor_reached":16,"playtime":587,"items_purged":["Doubt","Strike_R"],"score":92,"play_id":"2c144a0a-83d6-4425-98ff-8edd50b6a439","local_time":"20190511103531","is_ascension_mode":false,"campfire_choices":[{"data":"Shrug It Off","floor":6,"key":"SMITH"},{"data":"Body Slam","floor":15,"key":"SMITH"}],"neow_cost":"NONE","seed_source_timestamp":400836536108797,"circlet_count":0,"master_deck":["Strike_R","Strike_R","Strike_R","Strike_R+1","Defend_R+1","Defend_R","Defend_R","Defend_R","Bash","Shrug It Off+1","Body Slam+1","Shrug It Off","Decay"],"relics":["Burning Blood","OrangePellets","Mummified Hand"],"potions_floor_usage":[11],"damage_taken":[{"damage":7,"enemies":"Small Slimes","floor":1,"turns":4},{"damage":12,"enemies":"Jaw Worm","floor":5,"turns":4},{"damage":0,"enemies":"Cultist","floor":7,"turns":3},{"damage":3,"enemies":"Lots of Slimes","floor":10,"turns":6},{"damage":12,"enemies":"Exordium Thugs","floor":11,"turns":5},{"damage":11,"enemies":"3 Louse","floor":12,"turns":4},{"damage":55,"enemies":"Hexaghost","floor":16,"turns":14}],"seed_played":"2479336726510729926","potions_obtained":[{"floor":7,"key":"Fire Potion"}],"is_trial":false,"path_per_floor":["M","?","?","$","M","R","M","?","T","M","M","M","$","?","R","B"],"character_chosen":"IRONCLAD","items_purchased":["Body Slam","OrangePellets"],"campfire_rested":0,"item_purchase_floors":[4,4],"current_hp_per_floor":[79,63,63,63,57,57,63,63,63,66,60,55,55,55,55,0],"gold":50,"neow_bonus":"HUNDRED_GOLD","is_prod":false,"is_daily":false,"chose_seed":false,"campfire_upgraded":2,"win_rate":0,"timestamp":1557585331,"path_taken":["M","?","?","$","M","R","M","?","T","M","?","?","$","?","R","BOSS"],"build_version":"2019-01-23","purchased_purges":2,"victory":false,"max_hp_per_floor":[80,80,80,80,80,80,80,80,80,80,80,80,80,80,80,80],"card_choices":[{"not_picked":["Iron Wave","Thunderclap"],"picked":"Shrug It Off","floor":1},{"not_picked":["Iron Wave","Shrug It Off","Burning Pact"],"picked":"SKIP","floor":5},{"not_picked":["Anger","Headbutt","Sword Boomerang"],"picked":"SKIP","floor":7},{"not_picked":["Evolve","Heavy Blade","Disarm"],"picked":"SKIP","floor":10},{"not_picked":["Flame Barrier","Heavy Blade"],"picked":"Shrug It Off","floor":11},{"not_picked":["Wild Strike","True Grit","Havoc"],"picked":"SKIP","floor":12}],"player_experience":119322,"relics_obtained":[{"floor":9,"key":"Mummified Hand"}],"event_choices":[{"damage_healed":0,"gold_gain":0,"player_choice":"Entered Light","damage_taken":16,"max_hp_gain":0,"max_hp_loss":0,"event_name":"Shining Light","floor":2,"gold_loss":0,"cards_upgraded":["Defend_R","Strike_R"]},{"damage_healed":0,"gold_gain":175,"player_choice":"AGREE","damage_taken":0,"max_hp_gain":0,"max_hp_loss":0,"event_name":"Liars Game","floor":3,"gold_loss":0,"cards_obtained":["Doubt"]},{"damage_healed":0,"gold_gain":0,"player_choice":"Ignored","damage_taken":0,"max_hp_gain":0,"max_hp_loss":0,"event_name":"NoteForYourself","floor":8,"gold_loss":0},{"damage_healed":0,"gold_gain":0,"player_choice":"Cursed","damage_taken":0,"max_hp_gain":0,"max_hp_loss":0,"event_name":"Wheel of Change","floor":14,"gold_loss":0,"cards_obtained":["Decay"]}],"is_beta":false,"boss_relics":[],"items_purged_floors":[4,13],"is_endless":false,"potions_floor_spawned":[7],"killed_by":"Hexaghost","ascension_level":0}