{"gold_per_floor":[115,5,16,16,16,16,16,32,32,32,32,50,16,33,33,106,106,119,99,24,40,40,40,70,82,162,193,193,203,228,228,228,300,300,320,339,339],"floor_reached":37,"playtime":2119,"items_purged":[],"score":852,"play_id":"8794c6e0-248c-4b75-bc56-c719b72d0bd0","local_time":"20190512145249","is_ascension_mode":true,"campfire_choices":[{"data":"All Out Attack","floor":6,"key":"SMITH"},{"data":"Leg Sweep","floor":11,"key":"SMITH"},{"floor":15,"key":"REST"},{"floor":23,"key":"REST"},{"floor":28,"key":"REST"},{"floor":32,"key":"REST"}],"neow_cost":"CURSE","seed_source_timestamp":534295200137699,"circlet_count":0,"master_deck":["AscendersBane","Defend_G","Defend_G","Defend_G","Defend_G","Defend_G","Strike_G","Strike_G","Strike_G","Strike_G","Strike_G","Survivor","Neutralize","Footwork+1","Poisoned Stab+1","Noxious Fumes+1","Sucker Punch","All Out Attack+1","Blur","Leg Sweep+1","Cloak And Dagger","PiercingWail","Noxious Fumes","Backflip","Dagger Throw","After Image","Well Laid Plans","Dagger Spray","PiercingWail","After Image","Calculated Gamble","Bouncing Flask+1","PiercingWail","Corpse Explosion","Backflip","PiercingWail+1"],"relics":["Ring of the Snake","Prayer Wheel","Sundial","White Beast Statue","Tiny Chest","Mercury Hourglass","Bronze Scales","Regal Pillow","Happy Flower","Sozu"],"potions_floor_usage":[18,19,25,27,30,30,33],"damage_taken":[{"damage":0,"enemies":"Cultist","floor":1,"turns":4},{"damage":9,"enemies":"2 Louse","floor":3,"turns":3},{"damage":4,"enemies":"Jaw Worm","floor":8,"turns":4},{"damage":4,"enemies":"Large Slime","floor":12,"turns":6},{"damage":13,"enemies":"Exordium Thugs","floor":13,"turns":5},{"damage":0,"enemies":"3 Louse","floor":14,"turns":2},{"damage":12,"enemies":"Hexaghost","floor":16,"turns":9},{"damage":16,"enemies":"Spheric Guardian","floor":18,"turns":7},{"damage":10,"enemies":"2 Thieves","floor":19,"turns":4},{"damage":2,"enemies":"Centurion and Healer","floor":21,"turns":9},{"damage":13,"enemies":"3 Cultists","floor":25,"turns":4},{"damage":18,"enemies":"Slavers","floor":27,"turns":4},{"damage":8,"enemies":"Sentry and Sphere","floor":29,"turns":10},{"damage":12,"enemies":"Book of Stabbing","floor":30,"turns":6},{"damage":60,"enemies":"Collector","floor":33,"turns":13},{"damage":2,"enemies":"Orb Walker","floor":35,"turns":5},{"damage":39,"enemies":"3 Darklings","floor":36,"turns":5},{"damage":25,"enemies":"Writhing Mass","floor":37,"turns":2}],"seed_played":"2874200477060324754","potions_obtained":[{"floor":3,"key":"GamblersBrew"},{"floor":8,"key":"FairyPotion"},{"floor":13,"key":"AttackPotion"},{"floor":18,"key":"PowerPotion"},{"floor":19,"key":"PowerPotion"},{"floor":25,"key":"Explosive Potion"},{"floor":27,"key":"SkillPotion"},{"floor":29,"key":"Regen Potion"},{"floor":30,"key":"SpeedPotion"},{"floor":33,"key":"FearPotion"}],"is_trial":false,"path_per_floor":["M","$","M","?","?","R","?","M","T","$","R","M","M","M","R","B",null,"M","M","?","M","$","R","?","M","T","E","R","M","E","T","R","B",null,"M","M","M"],"character_chosen":"THE_SILENT","items_purchased":["Noxious Fumes","Sucker Punch"],"campfire_rested":4,"item_purchase_floors":[2,2],"current_hp_per_floor":[59,59,50,50,55,55,34,30,30,30,30,26,13,13,34,22,59,43,33,33,31,31,52,52,39,39,21,42,34,37,37,71,11,56,54,15,0],"gold":339,"neow_bonus":"ONE_RARE_RELIC","is_prod":false,"is_daily":false,"chose_seed":false,"campfire_upgraded":2,"win_rate":0,"timestamp":1557640369,"path_taken":["M","$","M","?","?","R","?","M","T","?","R","M","M","M","R","BOSS","M","M","?","M","$","R","?","M","T","E","R","?","E","?","R","BOSS","M","M","?"],"build_version":"2019-01-23","purchased_purges":0,"victory":false,"max_hp_per_floor":[66,66,66,66,71,71,71,71,71,71,71,71,71,71,71,71,71,71,71,71,71,71,71,71,71,71,71,71,71,71,71,71,71,71,71,71,71],"card_choices":[{"not_picked":["Acrobatics","Bane"],"picked":"Footwork","floor":1},{"not_picked":["Quick Slash","Heel Hook"],"picked":"Poisoned Stab","floor":1},{"not_picked":["Endless Agony","Flying Knee"],"picked":"All Out Attack","floor":3},{"not_picked":["Underhanded Strike","Blade Dance"],"picked":"Blur","floor":3},{"not_picked":["Dagger Throw","Doppelganger"],"picked":"Leg Sweep","floor":8},{"not_picked":["Deflect","Slice"],"picked":"Cloak And Dagger","floor":8},{"not_picked":["Endless Agony","Setup"],"picked":"PiercingWail","floor":12},{"not_picked":["Sucker Punch","Deflect"],"picked":"Noxious Fumes","floor":12},{"not_picked":["Eviscerate","Backstab"],"picked":"Backflip","floor":13},{"not_picked":["Sucker Punch","Quick Slash","Underhanded Strike"],"picked":"SKIP","floor":13},{"not_picked":["Prepared","Poisoned Stab"],"picked":"Dagger Throw","floor":14},{"not_picked":["Flying Knee","Reflex","Setup"],"picked":"SKIP","floor":14},{"not_picked":["A Thousand Cuts","Phantasmal Killer"],"picked":"After Image","floor":16},{"not_picked":["Deflect","Distraction"],"picked":"Well Laid Plans","floor":18},{"not_picked":["Cloak And Dagger","Blade Dance"],"picked":"Dagger Spray","floor":18},{"not_picked":["Terror","Outmaneuver"],"picked":"PiercingWail","floor":19},{"not_picked":["Outmaneuver","Cloak And Dagger","Poisoned Stab+1"],"picked":"SKIP","floor":19},{"not_picked":["Dodge and Roll","Dagger Spray","Outmaneuver"],"picked":"SKIP","floor":21},{"not_picked":["Sucker Punch","Choke","Bane"],"picked":"SKIP","floor":21},{"not_picked":["Well Laid Plans","Catalyst"],"picked":"After Image","floor":25},{"not_picked":["Poisoned Stab","Backstab","Acrobatics"],"picked":"SKIP","floor":25},{"not_picked":["All Out Attack","Outmaneuver"],"picked":"Calculated Gamble","floor":27},{"not_picked":["Prepared","Poisoned Stab"],"picked":"Bouncing Flask+1","floor":29},{"not_picked":["Footwork+1","Terror"],"picked":"PiercingWail","floor":29},{"not_picked":["Blade Dance+1","Grand Finale"],"picked":"Corpse Explosion","floor":30},{"not_picked":["Prepared","Quick Slash"],"picked":"Backflip","floor":35},{"not_picked":["Heel Hook","Flying Knee+1","Acrobatics"],"picked":"SKIP","floor":35},{"not_picked":["All Out Attack","Finisher+1"],"picked":"PiercingWail+1","floor":36},{"not_picked":["Flying Knee","Die Die Die","Bane"],"picked":"SKIP","floor":36}],"player_experience":1353180,"relics_obtained":[{"floor":9,"key":"Sundial"},{"floor":26,"key":"Mercury Hourglass"},{"floor":27,"key":"Bronze Scales"},{"floor":30,"key":"Regal Pillow"},{"floor":31,"key":"Happy Flower"}],"event_choices":[{"damage_healed":0,"gold_gain":0,"player_choice":"Grow","damage_taken":0,"max_hp_gain":0,"max_hp_loss":0,"event_name":"Living Wall","floor":4,"gold_loss":0,"cards_upgraded":["Noxious Fumes"]},{"damage_healed":0,"gold_gain":0,"player_choice":"Donut","damage_taken":0,"max_hp_gain":5,"max_hp_loss":0,"event_name":"Big Fish","floor":5,"gold_loss":0},{"damage_healed":0,"gold_gain":0,"player_choice":"Entered Light","damage_taken":21,"max_hp_gain":0,"max_hp_loss":0,"event_name":"Shining Light","floor":7,"gold_loss":0,"cards_upgraded":["Footwork","Poisoned Stab"]},{"cards_removed":["Injury"],"damage_healed":0,"gold_gain":0,"player_choice":"Gave Gold","damage_taken":0,"max_hp_gain":0,"max_hp_loss":0,"event_name":"Beggar","floor":20,"gold_loss":75},{"damage_healed":0,"gold_gain":0,"player_choice":"Gave Potion","damage_taken":0,"relics_obtained":["Tiny Chest"],"max_hp_gain":0,"max_hp_loss":0,"event_name":"WeMeetAgain","floor":24,"gold_loss":0}],"is_beta":false,"boss_relics":[{"not_picked":["Runic Dome","HoveringKite"],"picked":"White Beast Statue"},{"not_picked":["Calling Bell","Philosopher\u0027s Stone"],"picked":"Sozu"}],"items_purged_floors":[],"is_endless":false,"potions_floor_spawned":[3,8,13,18,19,21,25,27,29,30,33,35,36],"killed_by":"Writhing Mass","ascension_level":20}