{"gold_per_floor":[111,121,121,271,271,305,46,46,46,46,78,98,98,108,108,180,180,169,184,184,184,28,61,76,94,94,94,109,109,143,157,157,157],"floor_reached":33,"playtime":2113,"items_purged":[],"score":516,"play_id":"aca08859-4ab8-471d-a676-b32613605c04","local_time":"20190430192854","is_ascension_mode":true,"campfire_choices":[{"floor":10.0,"key":"REST"},{"floor":13.0,"key":"REST"},{"floor":15.0,"key":"REST"},{"floor":27,"key":"REST"},{"floor":32,"key":"REST"}],"neow_cost":"NONE","seed_source_timestamp":90961837308839,"circlet_count":0,"master_deck":["AscendersBane","Strike_B","Strike_B","Strike_B","Defend_B","Defend_B","Defend_B","Defend_B","Zap","Dualcast+1","Coolheaded","Ball Lightning","Rainbow","Doubt","Melter","Defragment+1","Chill","Defragment","Reinforced Body","Machine Learning","Sweeping Beam","Conserve Battery","Ghostly","Ghostly","Ghostly","Cold Snap","Streamline+1","Ball Lightning","Melter"],"special_seed":0,"relics":["Fusion Hammer","Bottled Flame","Happy Flower","Darkstone Periapt","StoneCalendar","Black Star","Anchor","Art of War","Omamori","Turnip","Singing Bowl","Bird Faced Urn"],"potions_floor_usage":[23,25,30,30,33,33],"damage_taken":[{"damage":0.0,"enemies":"2 Louse","floor":1.0,"turns":3.0},{"damage":3.0,"enemies":"Small Slimes","floor":2.0,"turns":4.0},{"damage":11.0,"enemies":"Lagavulin","floor":6.0,"turns":6.0},{"damage":11.0,"enemies":"3 Sentries","floor":11.0,"turns":7.0},{"damage":7.0,"enemies":"Jaw Worm","floor":12.0,"turns":3.0},{"damage":0.0,"enemies":"2 Fungi Beasts","floor":14.0,"turns":3.0},{"damage":30.0,"enemies":"Hexaghost","floor":16.0,"turns":8.0},{"damage":9.0,"enemies":"2 Thieves","floor":18.0,"turns":4.0},{"damage":0.0,"enemies":"Spheric Guardian","floor":19.0,"turns":3.0},{"damage":9,"enemies":"Slavers","floor":23,"turns":7},{"damage":0,"enemies":"Cultist and Chosen","floor":24,"turns":7},{"damage":2,"enemies":"Chosen and Byrds","floor":25,"turns":6},{"damage":12,"enemies":"Centurion and Healer","floor":28,"turns":7},{"damage":2,"enemies":"Gremlin Leader","floor":30,"turns":7},{"damage":9,"enemies":"Sentry and Sphere","floor":31,"turns":4},{"damage":43,"enemies":"Collector","floor":33,"turns":7}],"seed_played":"-4529533883826895825","potions_obtained":[{"floor":6.0,"key":"Weak Potion"},{"floor":16.0,"key":"LiquidBronze"},{"floor":19.0,"key":"Dexterity Potion"},{"floor":25,"key":"LiquidBronze"},{"floor":28,"key":"EntropicBrew"},{"floor":30,"key":"Explosive Potion"}],"is_trial":false,"path_per_floor":["M","M","?","?","?","E","$","?","T","R","E","M","R","M","R","B",null,"M","M","?","?","$","E","M","M","T","R","M","?","E","M","R","B"],"character_chosen":"DEFECT","items_purchased":["Happy Flower","Defragment","Chill","Anchor"],"campfire_rested":5,"item_purchase_floors":[7,7,7,22],"current_hp_per_floor":[64,61,61,61,66,55,55,32,32,54,43,36,58,58,76,46,69,60,60,38,38,38,29,29,27,27,39,27,25,25,24,37,0],"gold":157,"neow_bonus":"BOSS_RELIC","is_prod":false,"is_daily":false,"chose_seed":false,"campfire_upgraded":0,"win_rate":0,"timestamp":1556677734,"path_taken":["M","M","?","?","?","E","$","?","T","R","E","M","R","M","R","BOSS","M","M","?","?","$","E","M","M","T","R","M","?","E","M","R","BOSS"],"build_version":"2019-01-23","purchased_purges":0,"victory":false,"max_hp_per_floor":[71,71,71,71,76,76,76,76,76,76,76,76,76,76,76,76,76,76,76,81,40,40,40,40,40,40,40,40,40,42,44,44,44],"card_choices":[{"not_picked":["Heatsinks","Barrage"],"picked":"Coolheaded","floor":1.0},{"not_picked":["Turbo","Heatsinks"],"picked":"Ball Lightning","floor":2.0},{"not_picked":["Consume","Aggregate"],"picked":"Melter","floor":6.0},{"not_picked":["Gash","Turbo","Redo"],"picked":"SKIP","floor":11.0},{"not_picked":["Go for the Eyes","Rip and Tear"],"picked":"Defragment","floor":12.0},{"not_picked":["Gash","Storm"],"picked":"Reinforced Body","floor":14.0},{"not_picked":["Fission","All For One"],"picked":"Machine Learning","floor":16.0},{"not_picked":["Turbo","Redo"],"picked":"Sweeping Beam","floor":18.0},{"not_picked":["Chaos","Streamline"],"picked":"Conserve Battery","floor":19.0},{"not_picked":["Conserve Battery","Auto Shields"],"picked":"Cold Snap","floor":23},{"not_picked":["White Noise","Fusion"],"picked":"Streamline+1","floor":24},{"not_picked":["Force Field","Redo"],"picked":"Ball Lightning","floor":25},{"not_picked":["Hyperbeam","Ball Lightning"],"picked":"Melter","floor":28},{"not_picked":["Coolheaded","White Noise","Genetic Algorithm"],"picked":"Singing Bowl","floor":30},{"not_picked":["Leap","Sweeping Beam","Stack"],"picked":"Singing Bowl","floor":31}],"player_experience":617730,"relics_obtained":[{"floor":6.0,"key":"Bottled Flame"},{"floor":9.0,"key":"Darkstone Periapt"},{"floor":11.0,"key":"StoneCalendar"},{"floor":23,"key":"Art of War"},{"floor":23,"key":"Omamori"},{"floor":26,"key":"Turnip"},{"floor":30,"key":"Singing Bowl"},{"floor":30,"key":"Bird Faced Urn"}],"event_choices":[{"damage_healed":0.0,"max_hp_gain":0.0,"max_hp_loss":0.0,"gold_gain":0.0,"cards_transformed":["Strike_B"],"event_name":"Living Wall","player_choice":"Change","floor":3.0,"gold_loss":0.0,"damage_taken":0.0,"cards_obtained":["Rainbow"]},{"damage_healed":0.0,"max_hp_gain":0.0,"max_hp_loss":0.0,"gold_gain":150.0,"event_name":"Liars Game","player_choice":"AGREE","floor":4.0,"gold_loss":0.0,"damage_taken":0.0,"cards_obtained":["Doubt"]},{"damage_healed":0.0,"max_hp_gain":5.0,"max_hp_loss":0.0,"gold_gain":0.0,"event_name":"Big Fish","player_choice":"Donut","floor":5.0,"gold_loss":0.0,"damage_taken":0.0},{"damage_healed":0.0,"max_hp_gain":0.0,"max_hp_loss":0.0,"gold_gain":0.0,"event_name":"Shining Light","player_choice":"Entered Light","floor":8.0,"gold_loss":0.0,"damage_taken":23.0,"cards_upgraded":["Defragment","Dualcast"]},{"damage_healed":0.0,"max_hp_gain":5.0,"max_hp_loss":0.0,"gold_gain":0.0,"event_name":"Forgotten Altar","player_choice":"Shed Blood","floor":20.0,"gold_loss":0.0,"damage_taken":27.0},{"damage_healed":0.0,"max_hp_gain":0.0,"max_hp_loss":41.0,"gold_gain":0.0,"event_name":"Ghosts","player_choice":"Became a Ghost","floor":21.0,"gold_loss":0.0,"damage_taken":0.0,"cards_obtained":["Ghostly","Ghostly","Ghostly"]},{"damage_healed":0,"gold_gain":0,"player_choice":"Bought 0 Potions","damage_taken":0,"max_hp_gain":0,"max_hp_loss":0,"event_name":"The Woman in Blue","floor":29,"gold_loss":0}],"is_beta":false,"boss_relics":[{"not_picked":["Velvet Choker","Ectoplasm"],"picked":"Black Star"}],"items_purged_floors":[],"is_endless":false,"potions_floor_spawned":[6,16,19,25,28,30],"killed_by":"Collector","ascension_level":15}