{"gold_per_floor":[119,44,44,44,44,82,161,161,187,220,261,281,43,58,58,184,184,198,223,239,239,264,264,264],"floor_reached":24,"playtime":677,"items_purged":["Strike_B"],"score":229,"play_id":"5c9407c0-d8be-41ce-9cef-75af1c3b39cf","local_time":"20190418220411","is_ascension_mode":false,"campfire_choices":[{"data":"Hologram","floor":8,"key":"SMITH"},{"data":"Defragment","floor":15,"key":"SMITH"},{"floor":23,"key":"REST"}],"neow_cost":"NONE","seed_source_timestamp":1377813077883,"circlet_count":0,"master_deck":["Strike_B","Strike_B","Strike_B","Defend_B+1","Defend_B","Defend_B","Defend_B","Zap+1","Dualcast+1","Streamline","Hologram+1","Defragment+1","Gash","Scrape+1","Echo Form","Rebound+1","Gash+1","White Noise"],"relics":["Cracked Core","NeowsBlessing","Centennial Puzzle","Golden Idol","Juzu Bracelet","War Paint","Odd Mushroom","Symbiotic Virus","Molten Egg 2","Sozu"],"potions_floor_usage":[11,24],"damage_taken":[{"damage":0,"enemies":"Cultist","floor":1,"turns":1},{"damage":0,"enemies":"3 Sentries","floor":6,"turns":1},{"damage":0,"enemies":"The Mushroom Lair","floor":10,"turns":1},{"damage":10,"enemies":"Gremlin Nob","floor":11,"turns":3},{"damage":7,"enemies":"Jaw Worm","floor":12,"turns":2},{"damage":2,"enemies":"2 Louse","floor":14,"turns":2},{"damage":36,"enemies":"Hexaghost","floor":16,"turns":6},{"damage":20,"enemies":"Shell Parasite","floor":18,"turns":4},{"damage":10,"enemies":"Chosen","floor":19,"turns":3},{"damage":13,"enemies":"Snake Plant","floor":20,"turns":4},{"damage":14,"enemies":"Sentry and Sphere","floor":22,"turns":3},{"damage":41,"enemies":"Slavers","floor":24,"turns":4}],"seed_played":"238737489467148624","potions_obtained":[{"floor":1,"key":"Block Potion"},{"floor":6,"key":"Energy Potion"},{"floor":10,"key":"AttackPotion"}],"is_trial":false,"path_per_floor":["M","$","?","?","?","E","T","R","T","?","E","M","$","M","R","B",null,"M","M","M","?","M","R","E"],"character_chosen":"DEFECT","items_purchased":["Molten Egg 2"],"campfire_rested":1,"item_purchase_floors":[13],"current_hp_per_floor":[75,75,75,75,75,75,75,75,75,75,65,58,58,56,56,20,75,55,45,32,32,18,40,0],"gold":264,"neow_bonus":"THREE_ENEMY_KILL","is_prod":false,"is_daily":false,"chose_seed":false,"campfire_upgraded":2,"win_rate":0,"timestamp":1555596251,"path_taken":["M","$","?","?","?","E","?","R","T","?","E","M","$","M","R","BOSS","M","M","M","?","M","R","E"],"build_version":"2019-01-23","purchased_purges":1,"victory":false,"max_hp_per_floor":[75,75,75,75,75,75,75,75,75,75,75,75,75,75,75,75,75,75,75,75,75,75,75,75],"card_choices":[{"not_picked":["Heatsinks","Coolheaded"],"picked":"Streamline","floor":1},{"not_picked":["Redo","Go for the Eyes"],"picked":"Hologram","floor":6},{"not_picked":["Leap","Darkness"],"picked":"Defragment","floor":10},{"not_picked":["Steam","Barrage","Skim"],"picked":"SKIP","floor":11},{"not_picked":["Beam Cell","Compile Driver"],"picked":"Gash","floor":12},{"not_picked":["Lockon+1","Redo"],"picked":"Scrape+1","floor":14},{"not_picked":["All For One+1","Fission"],"picked":"Echo Form","floor":16},{"not_picked":["Stack+1","Sweeping Beam+1"],"picked":"Rebound+1","floor":18},{"not_picked":["Ball Lightning+1","Turbo"],"picked":"Gash+1","floor":19},{"not_picked":["Steam","Stack","Static Discharge"],"picked":"SKIP","floor":20},{"not_picked":["Recycle+1","Conserve Battery"],"picked":"White Noise","floor":22}],"player_experience":447079,"relics_obtained":[{"floor":6,"key":"Juzu Bracelet"},{"floor":9,"key":"War Paint"},{"floor":10,"key":"Odd Mushroom"},{"floor":11,"key":"Symbiotic Virus"}],"event_choices":[{"damage_healed":0,"gold_gain":0,"player_choice":"Grow","damage_taken":0,"max_hp_gain":0,"max_hp_loss":0,"event_name":"Living Wall","floor":3,"gold_loss":0,"cards_upgraded":["Zap"]},{"damage_healed":0,"gold_gain":0,"player_choice":"Box","damage_taken":0,"relics_obtained":["Centennial Puzzle"],"max_hp_gain":0,"max_hp_loss":0,"event_name":"Big Fish","floor":4,"gold_loss":0,"cards_obtained":["Regret"]},{"damage_healed":0,"gold_gain":0,"player_choice":"Take Wound","damage_taken":0,"relics_obtained":["Golden Idol"],"max_hp_gain":0,"max_hp_loss":0,"event_name":"Golden Idol","floor":5,"gold_loss":0,"cards_obtained":["Injury"]},{"damage_healed":0,"gold_gain":0,"player_choice":"Fought Mushrooms","damage_taken":0,"max_hp_gain":0,"max_hp_loss":0,"event_name":"Mushrooms","floor":10,"gold_loss":0},{"cards_removed":["Injury","Regret"],"damage_healed":0,"gold_gain":0,"player_choice":"Removed Curses","damage_taken":0,"max_hp_gain":0,"max_hp_loss":0,"event_name":"Fountain of Cleansing","floor":21,"gold_loss":0}],"is_beta":false,"boss_relics":[{"not_picked":["Coffee Dripper","Fusion Hammer"],"picked":"Sozu"}],"items_purged_floors":[2],"is_endless":false,"potions_floor_spawned":[1,6,10,20],"killed_by":"Slavers","ascension_level":0}