{"gold_per_floor":[15,26,36,53,26,88,100,100],"floor_reached":8,"playtime":388,"items_purged":[],"score":87,"play_id":"8899186a-f37f-4874-8765-4de29671390b","local_time":"20190502201652","is_ascension_mode":true,"campfire_choices":[],"neow_cost":"NO_GOLD","seed_source_timestamp":1033586694714391,"circlet_count":0,"master_deck":["Defend_G","Defend_G","Defend_G","Defend_G","Defend_G","Strike_G","Strike_G","Strike_G","Strike_G","Strike_G","Survivor","Neutralize","Sucker Punch","Noxious Fumes","Backflip","Riddle With Holes","Footwork","PiercingWail"],"relics":["Ring of the Snake","Girya","Tiny Chest"],"potions_floor_usage":[],"damage_taken":[{"damage":2,"enemies":"2 Louse","floor":1,"turns":4},{"damage":0,"enemies":"Small Slimes","floor":2,"turns":3},{"damage":0,"enemies":"Jaw Worm","floor":3,"turns":5},{"damage":0,"enemies":"2 Fungi Beasts","floor":4,"turns":4},{"damage":33,"enemies":"Gremlin Nob","floor":6,"turns":5},{"damage":13,"enemies":"3 Louse","floor":7,"turns":4},{"damage":5,"enemies":"3 Sentries","floor":8,"turns":5}],"seed_played":"81439727282657958","potions_obtained":[{"floor":3,"key":"Ancient Potion"},{"floor":4,"key":"Ancient Potion"}],"is_trial":false,"path_per_floor":["M","M","M","M","?","E","M","E"],"character_chosen":"THE_SILENT","items_purchased":[],"campfire_rested":0,"item_purchase_floors":[],"current_hp_per_floor":[61,61,61,61,61,28,15,10],"gold":100,"neow_bonus":"ONE_RARE_RELIC","is_prod":false,"is_daily":false,"chose_seed":false,"campfire_upgraded":0,"win_rate":0,"timestamp":1556842612,"path_taken":["M","M","M","M","?","E","M","E"],"build_version":"2019-01-23","purchased_purges":0,"victory":false,"max_hp_per_floor":[70,70,70,70,70,70,70,70],"card_choices":[{"not_picked":["Blur","Deflect"],"picked":"Sucker Punch","floor":1},{"not_picked":["Sucker Punch","Deflect"],"picked":"Noxious Fumes","floor":2},{"not_picked":["Flechettes","Bane"],"picked":"Backflip","floor":3},{"not_picked":["Sucker Punch","Dagger Throw"],"picked":"Riddle With Holes","floor":4},{"not_picked":["Dodge and Roll","Slice"],"picked":"Footwork","floor":6},{"not_picked":["Dodge and Roll","Setup"],"picked":"PiercingWail","floor":7}],"player_experience":226203,"relics_obtained":[{"floor":6,"key":"Tiny Chest"}],"event_choices":[{"damage_healed":0,"gold_gain":0,"player_choice":"Left Gold","damage_taken":0,"max_hp_gain":0,"max_hp_loss":0,"event_name":"World of Goop","floor":5,"gold_loss":27}],"is_beta":false,"boss_relics":[],"items_purged_floors":[],"is_endless":false,"potions_floor_spawned":[3,4],"killed_by":"3 Sentries","ascension_level":9}