{"gold_per_floor":[114,134,11,21,21,21,54,54,78,104,122,132,150,10,10,115,165,182,4,4,4,4,4],"floor_reached":23,"playtime":1628,"items_purged":["Bash","Strike_R","Strike_R"],"score":227,"play_id":"93f474be-f65c-44b4-a8d2-dc4364fa83f1","local_time":"20190219224327","is_ascension_mode":true,"campfire_choices":[{"data":"True Grit","floor":6,"key":"SMITH"},{"data":"Infernal Blade","floor":8,"key":"SMITH"},{"floor":15,"key":"REST"}],"neow_cost":"NONE","seed_source_timestamp":544194294341529,"circlet_count":0,"master_deck":["Strike_R+1","Strike_R","Strike_R","Defend_R","Defend_R","Defend_R","Defend_R","Barricade","Infernal Blade+1","True Grit+1","Flex","Second Wind","Twin Strike","Feel No Pain","Pommel Strike","Shockwave","Offering","Shrug It Off","True Grit"],"relics":["Burning Blood","Blood Vial","Happy Flower","Vajra","Tiny House"],"potions_floor_usage":[23,23,23],"damage_taken":[{"damage":6,"enemies":"Cultist","floor":1,"turns":4},{"damage":14,"enemies":"Jaw Worm","floor":2,"turns":3},{"damage":3,"enemies":"2 Louse","floor":4,"turns":3},{"damage":49,"enemies":"Lagavulin","floor":7,"turns":8},{"damage":0,"enemies":"Large Slime","floor":11,"turns":4},{"damage":12,"enemies":"2 Fungi Beasts","floor":12,"turns":2},{"damage":7,"enemies":"Red Slaver","floor":13,"turns":3},{"damage":24,"enemies":"Slime Boss","floor":16,"turns":13},{"damage":11,"enemies":"Shell Parasite","floor":18,"turns":4},{"damage":18,"enemies":"Colosseum Slavers","floor":22,"turns":4},{"damage":76,"enemies":"Gremlin Leader","floor":23,"turns":8}],"seed_played":"7345267829618332039","potions_obtained":[{"floor":1,"key":"FearPotion"},{"floor":11,"key":"Dexterity Potion"},{"floor":13,"key":"EssenceOfSteel"},{"floor":17,"key":"EssenceOfSteel"}],"is_trial":false,"path_per_floor":["M","M","$","M","?","R","E","R","T","T","M","M","M","$","R","B",null,"M","$","?","$","?","E"],"character_chosen":"IRONCLAD","items_purchased":["Flex","Shockwave","True Grit"],"campfire_rested":1,"item_purchase_floors":[3,14,19],"current_hp_per_floor":[80,72,72,75,75,75,32,32,32,32,40,36,37,37,61,45,85,80,80,80,80,70,0],"gold":4,"neow_bonus":"ONE_RANDOM_RARE_CARD","is_prod":false,"is_daily":false,"chose_seed":false,"campfire_upgraded":2,"win_rate":0,"timestamp":1550612607,"path_taken":["M","?","$","?","?","R","E","R","T","?","M","M","M","$","R","BOSS","M","$","?","?","?","E"],"build_version":"2019-01-23","purchased_purges":3,"victory":false,"max_hp_per_floor":[80,80,80,80,80,80,80,80,80,80,80,80,80,80,80,80,85,85,85,85,85,85,85],"card_choices":[{"not_picked":["Metallicize","Warcry"],"picked":"Infernal Blade","floor":1},{"not_picked":["Warcry","Shockwave"],"picked":"True Grit","floor":2},{"not_picked":["Shrug It Off","Armaments"],"picked":"Second Wind","floor":4},{"not_picked":["Bloodletting","Warcry"],"picked":"Twin Strike","floor":7},{"not_picked":["Infernal Blade","Anger"],"picked":"Feel No Pain","floor":11},{"not_picked":["Sword Boomerang","Perfected Strike"],"picked":"Pommel Strike","floor":12},{"not_picked":["Rage","Clash","Reckless Charge"],"picked":"SKIP","floor":13},{"not_picked":["Immolate","Reaper"],"picked":"Offering","floor":16},{"not_picked":["Perfected Strike","Anger+1"],"picked":"Shrug It Off","floor":18}],"player_experience":336434,"relics_obtained":[{"floor":7,"key":"Blood Vial"},{"floor":9,"key":"Happy Flower"},{"floor":10,"key":"Vajra"}],"event_choices":[{"damage_healed":0,"gold_gain":0,"player_choice":"Ignored","damage_taken":0,"max_hp_gain":0,"max_hp_loss":0,"event_name":"Liars Game","floor":5,"gold_loss":0},{"damage_healed":0,"gold_gain":0,"player_choice":"Ignored","damage_taken":0,"max_hp_gain":0,"max_hp_loss":0,"event_name":"Transmorgrifier","floor":20,"gold_loss":0},{"damage_healed":0,"gold_gain":0,"player_choice":"Fight","damage_taken":0,"max_hp_gain":0,"max_hp_loss":0,"event_name":"Colosseum","floor":22,"gold_loss":0},{"damage_healed":0,"gold_gain":0,"player_choice":"Fled From Nobs","damage_taken":0,"max_hp_gain":0,"max_hp_loss":0,"event_name":"Colosseum","floor":22,"gold_loss":0}],"is_beta":false,"boss_relics":[{"not_picked":["Mark of Pain","Calling Bell"],"picked":"Tiny House"}],"items_purged_floors":[3,14,19],"is_endless":false,"potions_floor_spawned":[1,11,13],"killed_by":"Gremlin Leader","ascension_level":4}