{"gold_per_floor":[112,125,135,60,73,73,99,24,24,24,43,43,56,71,71,149,149,161,111,126,22,40,40,68,68,94,114,114,149,162,175,175,248,248,263,263,1262,1275,87,87,107,124,124,124,139,165,0,82,82,82,82,82,82,14,40,40],"floor_reached":56,"playtime":3684,"items_purged":["Strike_R","Normality"],"score":1867,"play_id":"ebe2ae07-16e2-40ae-bbea-49671913a676","local_time":"20190509120915","is_ascension_mode":true,"campfire_choices":[{"data":"Shockwave","floor":6.0,"key":"SMITH"},{"data":"Whirlwind","floor":10.0,"key":"SMITH"},{"data":"Bash","floor":12.0,"key":"SMITH"},{"data":"Armaments","floor":15.0,"key":"SMITH"},{"data":"Spot Weakness","floor":23.0,"key":"SMITH"},{"data":"Clothesline","floor":25.0,"key":"SMITH"},{"floor":28.0,"key":"REST"},{"floor":32.0,"key":"REST"},{"floor":40.0,"key":"RECALL"},{"data":"Demon Form","floor":49.0,"key":"SMITH"},{"data":"True Grit","floor":53.0,"key":"SMITH"}],"neow_cost":"NONE","seed_source_timestamp":263580226026600,"circlet_count":0,"master_deck":["AscendersBane","Strike_R","Strike_R","Strike_R","Defend_R","Defend_R","Defend_R","Defend_R+1","Bash+1","Anger","Offering","Shockwave+1","Spot Weakness+1","Whirlwind+1","Seeing Red+1","Headbutt","Armaments+1","Reaper","Heavy Blade+1","Clothesline+1","Shrug It Off","Disarm","Impervious","Inflame","Demon Form+1","Normality","Inflame+1","Shrug It Off","Disarm","True Grit+1","Pommel Strike","Uppercut"],"special_seed":0,"relics":["Burning Blood","Anchor","Boot","Snecko Eye","The Courier","Oddly Smooth Stone","Matryoshka","Philosopher\u0027s Stone","Bag of Preparation","Shuriken","Happy Flower","Red Skull","War Paint","Pear","Tiny Chest","Bronze Scales","Toxic Egg 2","Red Mask","Ancient Tea Set","Bottled Tornado","Blue Candle"],"potions_floor_usage":[56],"damage_taken":[{"damage":18.0,"enemies":"Jaw Worm","floor":1.0,"turns":6.0},{"damage":4.0,"enemies":"2 Louse","floor":2.0,"turns":4.0},{"damage":1.0,"enemies":"Cultist","floor":3.0,"turns":3.0},{"damage":13.0,"enemies":"Looter","floor":5.0,"turns":3.0},{"damage":12.0,"enemies":"Gremlin Nob","floor":7.0,"turns":3.0},{"damage":6.0,"enemies":"3 Louse","floor":11.0,"turns":2.0},{"damage":8.0,"enemies":"Large Slime","floor":13.0,"turns":4.0},{"damage":16.0,"enemies":"Exordium Thugs","floor":14.0,"turns":5.0},{"damage":14.0,"enemies":"Hexaghost","floor":16.0,"turns":7.0},{"damage":2.0,"enemies":"3 Byrds","floor":18.0,"turns":3.0},{"damage":16.0,"enemies":"Chosen","floor":20.0,"turns":4.0},{"damage":0.0,"enemies":"Centurion and Healer","floor":22.0,"turns":5.0},{"damage":36.0,"enemies":"Gremlin Leader","floor":24.0,"turns":5.0},{"damage":16.0,"enemies":"Snecko","floor":27.0,"turns":5.0},{"damage":65.0,"enemies":"Book of Stabbing","floor":29.0,"turns":5.0},{"damage":13.0,"enemies":"3 Cultists","floor":30.0,"turns":4.0},{"damage":8.0,"enemies":"Snake Plant","floor":31.0,"turns":3.0},{"damage":58.0,"enemies":"Automaton","floor":33.0,"turns":9.0},{"damage":6.0,"enemies":"Orb Walker","floor":35.0,"turns":3.0},{"damage":0.0,"enemies":"3 Darklings","floor":38.0,"turns":1.0},{"damage":35.0,"enemies":"Writhing Mass","floor":41.0,"turns":9.0},{"damage":36.0,"enemies":"Sphere and 2 Shapes","floor":42.0,"turns":17.0},{"damage":0.0,"enemies":"3 Darklings","floor":45.0,"turns":4.0},{"damage":14.0,"enemies":"Reptomancer","floor":46.0,"turns":6.0},{"damage":62.0,"enemies":"Awakened One","floor":50.0,"turns":9.0},{"damage":54.0,"enemies":"Time Eater","floor":51.0,"turns":11.0},{"damage":97.0,"enemies":"Shield and Spear","floor":55.0,"turns":6.0},{"damage":53,"enemies":"The Heart","floor":56,"turns":5}],"seed_played":"-3251628752463761479","potions_obtained":[{"floor":0.0,"key":"Strength Potion"},{"floor":0.0,"key":"Dexterity Potion"},{"floor":2.0,"key":"Explosive Potion"},{"floor":7.0,"key":"Ancient Potion"},{"floor":13.0,"key":"Block Potion"},{"floor":27.0,"key":"LiquidBronze"},{"floor":30.0,"key":"GamblersBrew"},{"floor":33.0,"key":"Block Potion"},{"floor":35.0,"key":"SteroidPotion"},{"floor":38.0,"key":"GamblersBrew"},{"floor":46.0,"key":"EntropicBrew"}],"is_trial":false,"path_per_floor":["M","M","M","?","M","R","E","$","T","R","M","R","M","M","R","B",null,"M","?","M","$","M","R","E","R","T","M","R","E","M","M","R","B",null,"M","?","?","M","$","R","M","M","T","?","M","E","?","T","R","B","B",null,"R","$","E","B"],"character_chosen":"IRONCLAD","items_purchased":["Shrug It Off","Disarm","Bag of Preparation","Shrug It Off","Disarm","Shuriken","Happy Flower","Red Skull","War Paint","Pear","Tiny Chest","SkillPotion","Pommel Strike"],"campfire_rested":2,"item_purchase_floors":[21,21,39,39,39,39,39,39,39,39,39,54,54],"current_hp_per_floor":[56,58,63,63,56,56,50,50,50,50,50,50,48,38,38,30,64,74,74,75,75,75,75,45,45,45,40,62,9,29,27,49,23,62,62,62,62,68,78,78,85,85,85,81,81,73,73,73,73,63,50,73,73,73,39,0],"gold":40,"neow_bonus":"THREE_SMALL_POTIONS","is_prod":false,"is_daily":false,"chose_seed":false,"campfire_upgraded":8,"win_rate":0,"timestamp":1557371355,"path_taken":["M","M","M","?","M","R","E","$","T","R","M","R","M","M","R","BOSS","M","?","M","$","M","R","E","R","T","M","R","E","M","M","R","BOSS","M","?","?","M","$","R","M","M","T","?","M","E","?","?","R","BOSS","BOSS","R","$","E","BOSS"],"build_version":"2019-01-23","purchased_purges":2,"victory":false,"max_hp_per_floor":[75,75,75,75,75,75,75,75,75,75,75,75,75,75,75,75,75,75,75,75,75,75,75,75,75,75,75,75,75,75,75,75,75,75,75,75,75,75,85,85,85,85,85,81,81,81,81,81,81,81,81,81,81,81,81,81],"card_choices":[{"not_picked":["Flex","True Grit"],"picked":"Anger","floor":1.0},{"not_picked":["Warcry","Havoc"],"picked":"Offering","floor":2.0},{"not_picked":["Warcry","Battle Trance"],"picked":"Shockwave","floor":3.0},{"not_picked":["Body Slam","Intimidate"],"picked":"Spot Weakness","floor":5.0},{"not_picked":["Rampage","Sword Boomerang"],"picked":"Whirlwind","floor":7.0},{"not_picked":["Corruption","Clash"],"picked":"Seeing Red","floor":11.0},{"not_picked":["Cleave","Rupture"],"picked":"Headbutt","floor":13.0},{"not_picked":["Power Through","Iron Wave"],"picked":"Armaments","floor":14.0},{"not_picked":["Fiend Fire","Offering"],"picked":"Reaper","floor":16.0},{"not_picked":["Sword Boomerang","Warcry"],"picked":"Heavy Blade+1","floor":18.0},{"not_picked":["Headbutt+1","Carnage"],"picked":"Clothesline","floor":20.0},{"not_picked":["Cleave","Flex+1"],"picked":"Carnage","floor":22.0},{"not_picked":["Hemokinesis","Rupture","Intimidate"],"picked":"SKIP","floor":24.0},{"not_picked":["Pommel Strike","Sever Soul","Intimidate"],"picked":"SKIP","floor":27.0},{"not_picked":["True Grit","Pummel"],"picked":"Impervious","floor":29.0},{"not_picked":["Intimidate","Clothesline","Clash"],"picked":"SKIP","floor":30.0},{"not_picked":["Whirlwind+1","Pummel+1"],"picked":"Inflame","floor":31.0},{"not_picked":["Limit Break","Juggernaut"],"picked":"Demon Form","floor":33.0},{"not_picked":["Second Wind","Metallicize","Armaments"],"picked":"SKIP","floor":35.0},{"not_picked":["Seeing Red","Warcry"],"picked":"Inflame+1","floor":38.0},{"not_picked":["Havoc","Warcry","Headbutt"],"picked":"SKIP","floor":41.0},{"not_picked":["Sentinel","Rupture"],"picked":"True Grit","floor":42.0},{"not_picked":["Armaments","Pummel","Clothesline"],"picked":"SKIP","floor":45.0},{"not_picked":["Havoc","Intimidate+1","Cleave"],"picked":"SKIP","floor":46.0},{"not_picked":["Havoc","Intimidate+1","Cleave"],"picked":"SKIP","floor":46.0},{"not_picked":["Body Slam","Reckless Charge"],"picked":"Uppercut","floor":55.0}],"player_experience":1300803,"relics_obtained":[{"floor":7.0,"key":"Anchor"},{"floor":9.0,"key":"Boot"},{"floor":24.0,"key":"The Courier"},{"floor":26.0,"key":"Oddly Smooth Stone"},{"floor":29.0,"key":"Matryoshka"},{"floor":43.0,"key":"Bronze Scales"},{"floor":46.0,"key":"Toxic Egg 2"},{"floor":48.0,"key":"Ancient Tea Set"},{"floor":48.0,"key":"Bottled Tornado"},{"floor":55.0,"key":"Blue Candle"}],"event_choices":[{"cards_removed":["Strike_R"],"damage_healed":0.0,"max_hp_gain":0.0,"max_hp_loss":0.0,"gold_gain":0.0,"event_name":"The Cleric","player_choice":"Card Removal","floor":4.0,"gold_loss":75.0,"damage_taken":0.0},{"damage_healed":0.0,"max_hp_gain":0.0,"max_hp_loss":0.0,"gold_gain":0.0,"event_name":"The Joust","player_choice":"Bet on Murderer","floor":19.0,"gold_loss":50.0,"damage_taken":0.0},{"cards_removed":["Carnage"],"damage_healed":0.0,"max_hp_gain":0.0,"max_hp_loss":0.0,"gold_gain":0.0,"event_name":"Falling","player_choice":"Removed Attack","floor":36.0,"gold_loss":0.0,"damage_taken":0.0},{"damage_healed":0.0,"max_hp_gain":0.0,"max_hp_loss":0.0,"gold_gain":999.0,"event_name":"MindBloom","player_choice":"Gold","floor":37.0,"gold_loss":0.0,"damage_taken":0.0,"cards_obtained":["Normality","Normality"]},{"damage_healed":0.0,"max_hp_gain":0.0,"max_hp_loss":4.0,"gold_gain":0.0,"event_name":"Winding Halls","player_choice":"Max HP","floor":44.0,"gold_loss":0.0,"damage_taken":0.0},{"damage_healed":0.0,"max_hp_gain":0.0,"max_hp_loss":0.0,"gold_gain":0.0,"event_name":"Tomb of Lord Red Mask","player_choice":"Paid","floor":47.0,"gold_loss":165.0,"damage_taken":0.0,"relics_obtained":["Red Mask"]}],"is_beta":false,"boss_relics":[{"not_picked":["White Beast Statue","Astrolabe"],"picked":"Snecko Eye"},{"not_picked":["Runic Cube","Lizard Tail"],"picked":"Philosopher\u0027s Stone"}],"items_purged_floors":[8,39],"is_endless":false,"potions_floor_spawned":[2,3,7,13,14,20,27,30,33,35,38,41,46],"killed_by":"The Heart","ascension_level":20}