{"gold_per_floor":[15,33,33,52,65,90,90,102,151,76,76,95,114,127,127,231,231,244,254,254,254],"floor_reached":21,"playtime":1088,"items_purged":["Strike_G"],"score":222,"play_id":"b2a841f8-f6f8-4312-99fb-69b27afba5d8","local_time":"20190508212157","is_ascension_mode":true,"campfire_choices":[{"data":"Bouncing Flask","floor":7,"key":"SMITH"},{"data":"Adrenaline","floor":11,"key":"SMITH"},{"floor":15,"key":"REST"}],"neow_cost":"NO_GOLD","seed_source_timestamp":903885234932203,"circlet_count":0,"master_deck":["Survivor","Neutralize","Slice","Cloak And Dagger","Bouncing Flask+1","Backflip","Expertise","Backflip","Adrenaline+1","Deadly Poison","Footwork","Dash","Doppelganger","Night Terror","All Out Attack","Expertise","Doppelganger","Outmaneuver","Doppelganger","Noxious Fumes","Footwork","PiercingWail"],"special_seed":0,"relics":["Ring of the Snake","Bag of Marbles","Potion Belt","Pandora\u0027s Box","MutagenicStrength"],"potions_floor_usage":[5,5,6,13,18,19,19],"damage_taken":[{"damage":0,"enemies":"Small Slimes","floor":1,"turns":3},{"damage":0,"enemies":"Cultist","floor":2,"turns":3},{"damage":0,"enemies":"2 Louse","floor":4,"turns":2},{"damage":10,"enemies":"Exordium Wildlife","floor":5,"turns":4},{"damage":31,"enemies":"3 Sentries","floor":6,"turns":11},{"damage":4,"enemies":"Blue Slaver","floor":8,"turns":3},{"damage":0,"enemies":"Looter","floor":12,"turns":3},{"damage":2,"enemies":"Gremlin Gang","floor":13,"turns":5},{"damage":1,"enemies":"2 Fungi Beasts","floor":14,"turns":2},{"damage":24,"enemies":"The Guardian","floor":16,"turns":10},{"damage":56,"enemies":"3 Byrds","floor":18,"turns":4},{"damage":5,"enemies":"Shell Parasite","floor":19,"turns":4},{"damage":13,"enemies":"Cultist and Chosen","floor":21,"turns":4}],"seed_played":"4214856001953314419","potions_obtained":[{"floor":3,"key":"Block Potion"},{"floor":3,"key":"SmokeBomb"},{"floor":3,"key":"Weak Potion"},{"floor":4,"key":"Fire Potion"},{"floor":6,"key":"FearPotion"},{"floor":8,"key":"EssenceOfSteel"},{"floor":14,"key":"Explosive Potion"},{"floor":16,"key":"Dexterity Potion"},{"floor":18,"key":"PowerPotion"}],"is_trial":false,"path_per_floor":["M","M","?","M","M","E","R","M","T","$","R","M","M","M","R","B",null,"M","M","?","M"],"character_chosen":"THE_SILENT","items_purchased":[],"campfire_rested":1,"item_purchase_floors":[],"current_hp_per_floor":[70,70,70,70,60,29,29,25,25,25,25,25,23,22,43,19,70,14,9,9,0],"gold":254,"neow_bonus":"TRANSFORM_TWO_CARDS","is_prod":false,"is_daily":false,"chose_seed":false,"campfire_upgraded":2,"win_rate":0,"timestamp":1557364917,"path_taken":["M","M","?","M","M","E","R","?","T","?","R","?","M","?","R","BOSS","M","?","?","M"],"build_version":"2019-01-23","purchased_purges":1,"victory":false,"max_hp_per_floor":[70,70,70,70,70,70,70,70,70,70,70,70,70,70,70,70,70,70,70,70,70],"card_choices":[{"not_picked":["Flying Knee","Concentrate"],"picked":"Bouncing Flask","floor":1},{"not_picked":["Outmaneuver","Finisher","Masterful Stab"],"picked":"SKIP","floor":2},{"not_picked":["Heel Hook","Deflect"],"picked":"Backflip","floor":4},{"not_picked":["Accuracy","Prepared"],"picked":"Expertise","floor":5},{"not_picked":["Outmaneuver","Blade Dance"],"picked":"Backflip","floor":6},{"not_picked":["Slice","Dagger Spray"],"picked":"Adrenaline","floor":8},{"not_picked":["Deflect","Terror"],"picked":"Deadly Poison","floor":12},{"not_picked":["Slice","Flechettes"],"picked":"Footwork","floor":13},{"not_picked":["Slice","Dagger Spray"],"picked":"Dash","floor":14},{"not_picked":["Corpse Explosion","Tools of the Trade"],"picked":"Doppelganger","floor":16},{"not_picked":["Blade Dance","Dagger Throw"],"picked":"Footwork","floor":18},{"not_picked":["Deflect","Dodge and Roll"],"picked":"PiercingWail","floor":19}],"player_experience":219970,"relics_obtained":[{"floor":6,"key":"Bag of Marbles"},{"floor":9,"key":"Potion Belt"}],"event_choices":[{"damage_healed":0,"gold_gain":0,"player_choice":"Got Potions","damage_taken":0,"max_hp_gain":0,"max_hp_loss":0,"event_name":"Lab","floor":3,"gold_loss":0},{"damage_healed":0,"gold_gain":0,"player_choice":"Inject Mutagens","damage_taken":0,"relics_obtained":["MutagenicStrength"],"max_hp_gain":0,"max_hp_loss":0,"event_name":"Drug Dealer","floor":20,"gold_loss":0}],"is_beta":false,"boss_relics":[{"not_picked":["Calling Bell","Ring of the Serpent"],"picked":"Pandora\u0027s Box"}],"items_purged_floors":[10],"is_endless":false,"potions_floor_spawned":[4,6,8,14,16,18],"killed_by":"Cultist and Chosen","ascension_level":4}