{"gold_per_floor":[211,211,211,229,154,154,188,203,203,215,42,42],"floor_reached":12,"playtime":395,"items_purged":["Strike_B","Strike_B"],"score":101,"play_id":"3847b555-67cf-48f5-9bc9-46fe6c83f2fa","local_time":"20181107120045","is_ascension_mode":true,"campfire_choices":[{"data":"White Noise","floor":6,"key":"SMITH"}],"neow_cost":"NONE","seed_source_timestamp":311437310476340,"circlet_count":0,"master_deck":["Strike_B","Strike_B","Defend_B","Defend_B","Defend_B","Defend_B","Zap","Dualcast","White Noise+1","Gash","Cold Snap","Leap","Defragment"],"relics":["Cracked Core","Gremlin Horn","Strawberry"],"potions_floor_usage":[7,7],"damage_taken":[{"damage":7,"enemies":"Jaw Worm","floor":1,"turns":3},{"damage":1,"enemies":"Cultist","floor":4,"turns":3},{"damage":51,"enemies":"Lagavulin","floor":7,"turns":7},{"damage":0,"enemies":"2 Louse","floor":8,"turns":1},{"damage":13,"enemies":"2 Fungi Beasts","floor":10,"turns":3},{"damage":28,"enemies":"Exordium Thugs","floor":12,"turns":3}],"seed_played":"2557567250351979938","potions_obtained":[{"floor":1,"key":"PowerPotion"},{"floor":3,"key":"FairyPotion"},{"floor":3,"key":"EntropicBrew"},{"floor":4,"key":"EssenceOfSteel"}],"is_trial":false,"path_per_floor":["M","?","?","M","$","R","E","M","T","M","$","M"],"character_chosen":"DEFECT","items_purchased":["Defragment"],"campfire_rested":0,"item_purchase_floors":[11],"current_hp_per_floor":[61,66,66,65,65,65,14,14,21,8,8,0],"gold":42,"neow_bonus":"HUNDRED_GOLD","is_prod":false,"is_daily":false,"chose_seed":false,"campfire_upgraded":1,"win_rate":0,"timestamp":1541588445,"path_taken":["M","?","?","?","$","R","E","M","T","?","$","?"],"build_version":"2018-11-01","purchased_purges":2,"victory":false,"max_hp_per_floor":[75,80,80,80,80,80,80,80,87,87,87,87],"card_choices":[{"not_picked":["Coolheaded","Stack"],"picked":"White Noise","floor":1},{"not_picked":["Force Field","Auto Shields"],"picked":"Gash","floor":4},{"not_picked":["Recycle","Scrape"],"picked":"Cold Snap","floor":7},{"not_picked":["Tempest","Streamline","Double Energy"],"picked":"SKIP","floor":8},{"not_picked":["Rebound","Lockon"],"picked":"Leap","floor":10}],"player_experience":299021,"relics_obtained":[{"floor":7,"key":"Gremlin Horn"},{"floor":9,"key":"Strawberry"}],"event_choices":[{"damage_healed":0,"gold_gain":0,"player_choice":"Donut","damage_taken":0,"max_hp_gain":5,"max_hp_loss":0,"event_name":"Big Fish","floor":2,"gold_loss":0},{"damage_healed":0,"gold_gain":0,"player_choice":"Got Potions","damage_taken":0,"max_hp_gain":0,"max_hp_loss":0,"event_name":"Lab","floor":3,"gold_loss":0}],"is_beta":false,"boss_relics":[],"items_purged_floors":[5,11],"is_endless":false,"potions_floor_spawned":[1,4],"killed_by":"Exordium Thugs","ascension_level":6}