{"gold_per_floor":[114,32,32,48,48,3,3,3,3,37,37,48,48,58,58,160,160,180,180,180,192,45,45,78,78],"floor_reached":25,"playtime":785,"items_purged":[],"score":271,"play_id":"101ecd46-98c1-4981-be5e-163a713e1387","local_time":"20181231125143","is_ascension_mode":true,"campfire_choices":[{"data":"Zap","floor":7,"key":"SMITH"},{"data":"Defragment","floor":11,"key":"SMITH"},{"data":"Redo","floor":15,"key":"SMITH"},{"data":"Barrage","floor":23,"key":"SMITH"}],"neow_cost":"NONE","seed_source_timestamp":475502432352489,"circlet_count":0,"master_deck":["Defend_B+1","Defend_B+1","Defend_B+1","Defend_B+1","Zap+1","Dualcast","Self Repair","Sweeping Beam","Loop","Barrage+1","Defragment+1","Redo+1","Cold Snap","Seek","Double Energy+1","Bite","Bite","Bite","Bite","Bite","Ball Lightning+1"],"relics":["Cracked Core","Vajra","FaceOfCleric","Strawberry","Smiling Mask","White Beast Statue","Anchor","Red Mask"],"potions_floor_usage":[10,14,18,21,24],"damage_taken":[{"damage":0,"enemies":"Small Slimes","floor":1,"turns":2},{"damage":1,"enemies":"Cultist","floor":4,"turns":3},{"damage":41,"enemies":"Lagavulin","floor":10,"turns":6},{"damage":7,"enemies":"Jaw Worm","floor":12,"turns":3},{"damage":21,"enemies":"Exordium Thugs","floor":14,"turns":3},{"damage":14,"enemies":"The Guardian","floor":16,"turns":10},{"damage":24,"enemies":"2 Thieves","floor":18,"turns":4},{"damage":6,"enemies":"3 Byrds","floor":21,"turns":4},{"damage":53,"enemies":"Masked Bandits","floor":24,"turns":5},{"damage":28,"enemies":"3 Cultists","floor":25,"turns":4}],"seed_played":"-4725937522132252165","potions_obtained":[{"floor":1,"key":"Explosive Potion"},{"floor":4,"key":"FearPotion"},{"floor":14,"key":"EssenceOfSteel"},{"floor":18,"key":"Poison Potion"},{"floor":21,"key":"Ancient Potion"},{"floor":24,"key":"SteroidPotion"}],"is_trial":false,"path_per_floor":["M","$","?","M","?","$","R","?","T","E","R","M","$","M","R","B",null,"M","?","?","M","$","R","?","M"],"character_chosen":"DEFECT","items_purchased":["Sweeping Beam","Loop","Barrage","Anchor"],"campfire_rested":0,"item_purchase_floors":[2,2,6,22],"current_hp_per_floor":[75,75,75,76,76,76,76,81,88,48,48,49,49,36,36,30,77,61,61,61,66,66,66,20,0],"gold":78,"neow_bonus":"RANDOM_COMMON_RELIC","is_prod":false,"is_daily":false,"chose_seed":false,"campfire_upgraded":4,"win_rate":0,"timestamp":1546228303,"path_taken":["M","$","?","?","?","?","R","?","T","E","R","?","$","M","R","BOSS","M","?","?","?","$","R","?","M"],"build_version":"2018-12-20","purchased_purges":0,"victory":false,"max_hp_per_floor":[75,75,75,76,76,76,76,81,88,89,89,90,90,91,91,92,92,93,65,65,66,66,66,67,67],"card_choices":[{"not_picked":["Barrage","Compile Driver"],"picked":"Self Repair","floor":1},{"not_picked":["Stack","Aggregate","Rebound"],"picked":"SKIP","floor":4},{"not_picked":["Sweeping Beam","Gash"],"picked":"Defragment","floor":10},{"not_picked":["Meteor Strike","Reprogram"],"picked":"Redo","floor":12},{"not_picked":["Gash","Scrape"],"picked":"Cold Snap","floor":14},{"not_picked":["Thunder Strike","Fission"],"picked":"Seek","floor":16},{"not_picked":["Compile Driver","Conserve Battery"],"picked":"Double Energy+1","floor":18},{"not_picked":["Undo","Streamline+1"],"picked":"Ball Lightning+1","floor":21}],"player_experience":285915,"relics_obtained":[{"floor":9,"key":"Strawberry"},{"floor":10,"key":"Smiling Mask"},{"floor":24,"key":"Red Mask"}],"event_choices":[{"damage_healed":0,"gold_gain":0,"player_choice":"Trade","damage_taken":0,"relics_obtained":["FaceOfCleric"],"max_hp_gain":0,"max_hp_loss":0,"event_name":"FaceTrader","floor":3,"gold_loss":0},{"cards_removed":["Strike_B"],"damage_healed":0,"gold_gain":0,"player_choice":"Purged","damage_taken":0,"max_hp_gain":0,"max_hp_loss":0,"event_name":"Purifier","floor":5,"gold_loss":0},{"damage_healed":0,"gold_gain":0,"player_choice":"Donut","damage_taken":0,"max_hp_gain":5,"max_hp_loss":0,"event_name":"Big Fish","floor":8,"gold_loss":0},{"damage_healed":0,"gold_gain":0,"player_choice":"Became a vampire","damage_taken":0,"max_hp_gain":0,"max_hp_loss":28,"event_name":"Vampires","floor":19,"gold_loss":0,"cards_obtained":["Bite","Bite","Bite","Bite","Bite"]},{"damage_healed":0,"gold_gain":0,"player_choice":"Simplicity","damage_taken":0,"max_hp_gain":0,"max_hp_loss":0,"event_name":"Back to Basics","floor":20,"gold_loss":0,"cards_upgraded":["Defend_B","Defend_B","Defend_B","Defend_B"]},{"damage_healed":0,"gold_gain":0,"player_choice":"Fought Bandits","damage_taken":0,"max_hp_gain":0,"max_hp_loss":0,"event_name":"Masked Bandits","floor":24,"gold_loss":0}],"is_beta":false,"boss_relics":[{"not_picked":["Orrery","Snecko Eye"],"picked":"White Beast Statue"}],"items_purged_floors":[],"is_endless":false,"potions_floor_spawned":[1,4,14,18,21,24],"killed_by":"3 Cultists","ascension_level":5}