{"gold_per_floor":[14,14,26,26,37,69,69,94,94,105,105,140,150,164,164,264,264,275,285,298,314,314,314],"floor_reached":23,"playtime":1409,"items_purged":[],"score":338,"play_id":"81a85d07-ec6a-49a8-b0b7-0ffd7333c243","local_time":"20190409100629","is_ascension_mode":true,"campfire_choices":[{"data":"Stack","floor":7,"key":"SMITH"},{"floor":11,"key":"REST"},{"data":"Sunder","floor":15,"key":"SMITH"}],"neow_cost":"NO_GOLD","seed_source_timestamp":302006509189765,"circlet_count":0,"master_deck":["Strike_B","Strike_B","Strike_B","Strike_B","Defend_B","Defend_B+1","Defend_B","Zap+1","Dualcast","Stack+1","Coolheaded","Leap","Self Repair","Cold Snap","Sunder+1","BootSequence","Glacier","Loop","Loop"],"special_seed":0,"relics":["Cracked Core","FossilizedHelix","Mango","Vajra","Cursed Key"],"potions_floor_usage":[8,23],"damage_taken":[{"damage":11.0,"enemies":"Cultist","floor":1.0,"turns":4.0},{"damage":0.0,"enemies":"2 Louse","floor":3.0,"turns":2.0},{"damage":2.0,"enemies":"Jaw Worm","floor":5.0,"turns":3.0},{"damage":18.0,"enemies":"Lagavulin","floor":6.0,"turns":10.0},{"damage":23,"enemies":"Gremlin Nob","floor":8,"turns":4},{"damage":15,"enemies":"Lots of Slimes","floor":10,"turns":5},{"damage":0,"enemies":"3 Sentries","floor":12,"turns":9},{"damage":10,"enemies":"Gremlin Gang","floor":13,"turns":5},{"damage":0,"enemies":"Exordium Wildlife","floor":14,"turns":4},{"damage":30,"enemies":"The Guardian","floor":16,"turns":11},{"damage":0,"enemies":"Chosen","floor":18,"turns":5},{"damage":2,"enemies":"3 Byrds","floor":19,"turns":6},{"damage":0,"enemies":"Snecko","floor":20,"turns":5},{"damage":42,"enemies":"Centurion and Healer","floor":21,"turns":11},{"damage":115,"enemies":"Gremlin Leader","floor":23,"turns":13}],"seed_played":"7471763837162223959","potions_obtained":[{"floor":1.0,"key":"Fruit Juice"},{"floor":5.0,"key":"SteroidPotion"},{"floor":13,"key":"SpeedPotion"},{"floor":16,"key":"SpeedPotion"},{"floor":18,"key":"SteroidPotion"},{"floor":20,"key":"Regen Potion"}],"is_trial":false,"path_per_floor":["M","?","M","?","M","E","R","E","T","M","R","E","M","M","R","B",null,"M","M","M","M","?","E"],"character_chosen":"DEFECT","items_purchased":[],"campfire_rested":1,"item_purchase_floors":[],"current_hp_per_floor":[83,64,64,64,62,44,44,21,35,27,59,66,63,70,70,47,108,108,108,108,73,73,0],"gold":314,"neow_bonus":"TWENTY_PERCENT_HP_BONUS","is_prod":false,"is_daily":false,"chose_seed":false,"campfire_upgraded":2,"win_rate":0,"timestamp":1554797189,"path_taken":["M","?","M","?","?","E","R","E","T","M","R","E","M","M","R","BOSS","M","M","?","M","?","E"],"build_version":"2019-01-23","purchased_purges":0,"victory":false,"max_hp_per_floor":[94,94,94,94,94,94,94,94,108,108,108,108,108,108,108,108,108,108,108,108,108,108,108],"card_choices":[{"not_picked":["Hello World","Barrage"],"picked":"Stack","floor":1.0},{"not_picked":["Chaos","Ball Lightning"],"picked":"Coolheaded","floor":3.0},{"not_picked":["Reprogram","Streamline"],"picked":"Leap","floor":5.0},{"not_picked":["Leap","Rip and Tear"],"picked":"Self Repair","floor":6},{"not_picked":["Steam","FTL"],"picked":"Cold Snap","floor":8},{"not_picked":["Turbo","Storm","Leap"],"picked":"SKIP","floor":10},{"not_picked":["Multi-Cast","Force Field","Coolheaded"],"picked":"SKIP","floor":12},{"not_picked":["Turbo","Lockon","Force Field"],"picked":"SKIP","floor":13},{"not_picked":["Stack","Gash"],"picked":"Sunder","floor":14},{"not_picked":["Rebound","Stack"],"picked":"BootSequence","floor":18},{"not_picked":["Conserve Battery","Hologram+1"],"picked":"Glacier","floor":19},{"not_picked":["Reprogram","Turbo+1","Steam"],"picked":"SKIP","floor":20},{"not_picked":["Ball Lightning","Consume"],"picked":"Loop","floor":21}],"player_experience":487613,"relics_obtained":[{"floor":8,"key":"FossilizedHelix"},{"floor":9,"key":"Mango"},{"floor":12,"key":"Vajra"}],"event_choices":[{"damage_healed":0.0,"max_hp_gain":0.0,"max_hp_loss":0.0,"gold_gain":0.0,"event_name":"Shining Light","player_choice":"Entered Light","floor":2.0,"gold_loss":0.0,"damage_taken":19.0,"cards_upgraded":["Defend_B","Zap"]},{"cards_removed":["Defend_B"],"damage_healed":0.0,"max_hp_gain":0.0,"max_hp_loss":0.0,"gold_gain":0.0,"event_name":"Bonfire Elementals","player_choice":"Offered Basic","floor":4.0,"gold_loss":0.0,"damage_taken":0.0},{"damage_healed":0,"gold_gain":0,"player_choice":"Copied","damage_taken":0,"max_hp_gain":0,"max_hp_loss":0,"event_name":"Duplicator","floor":22,"gold_loss":0,"cards_obtained":["Loop"]}],"is_beta":false,"boss_relics":[{"not_picked":["Tiny House","Empty Cage"],"picked":"Cursed Key"}],"items_purged_floors":[],"is_endless":false,"potions_floor_spawned":[1,5,13,16,18,20],"killed_by":"Gremlin Leader","ascension_level":4}