{"gold_per_floor":[113,263,275,292,24,24,52,52,100,132,144,175,187,213,225,315,327,352,364,376,408,438,450,495,522,534,41,41,55,67,67,67,67],"floor_reached":33,"playtime":1725,"items_purged":["Doubt","Anger"],"score":538,"play_id":"3168ed2b-3870-49f8-9d2b-9196e136ea36","local_time":"20190424205411","is_ascension_mode":true,"campfire_choices":[{"data":"Bash","floor":6,"key":"SMITH"},{"data":"Inflame","floor":11,"key":"SMITH"},{"data":"Flame Barrier","floor":13,"key":"SMITH"},{"data":"Sword Boomerang","floor":15,"key":"SMITH"},{"floor":23,"key":"REST"},{"data":"True Grit","floor":28,"key":"SMITH"},{"floor":32,"key":"REST"}],"neow_cost":"NONE","seed_source_timestamp":476297612312592,"circlet_count":0,"master_deck":["AscendersBane","Strike_R+1","Strike_R+1","Strike_R+1","Strike_R+1","Strike_R+1","Defend_R+1","Defend_R+1","Defend_R+1","Defend_R+1","Bash+1","Flame Barrier+1","Inflame+1","Headbutt","Shrug It Off","Feel No Pain","Sword Boomerang+1","Double Tap","Armaments","Body Slam+1","True Grit+1","Master of Strategy","Metallicize","Spot Weakness","Inflame"],"relics":["Burning Blood","NeowsBlessing","Bag of Preparation","Dream Catcher","MawBank","Busted Crown","FaceOfCleric","Bottled Tornado","Meat on the Bone"],"potions_floor_usage":[16,22,24,24,29,33],"damage_taken":[{"damage":0,"enemies":"Small Slimes","floor":1,"turns":1},{"damage":0,"enemies":"2 Louse","floor":3,"turns":1},{"damage":0,"enemies":"Jaw Worm","floor":4,"turns":1},{"damage":55,"enemies":"Gremlin Nob","floor":7,"turns":5},{"damage":5,"enemies":"Exordium Thugs","floor":10,"turns":4},{"damage":5,"enemies":"Looter","floor":12,"turns":4},{"damage":4,"enemies":"Exordium Wildlife","floor":14,"turns":5},{"damage":27,"enemies":"Hexaghost","floor":16,"turns":9},{"damage":15,"enemies":"Chosen","floor":18,"turns":4},{"damage":13,"enemies":"Shell Parasite","floor":21,"turns":5},{"damage":29,"enemies":"Snecko","floor":22,"turns":6},{"damage":30,"enemies":"Gremlin Leader","floor":24,"turns":6},{"damage":8,"enemies":"Snake Plant","floor":25,"turns":4},{"damage":10,"enemies":"3 Cultists","floor":29,"turns":5},{"damage":0,"enemies":"Centurion and Healer","floor":30,"turns":6},{"damage":94,"enemies":"Champ","floor":33,"turns":11}],"seed_played":"-5877986187351425582","potions_obtained":[{"floor":1,"key":"Dexterity Potion"},{"floor":4,"key":"Regen Potion"},{"floor":12,"key":"LiquidBronze"},{"floor":16,"key":"FearPotion"},{"floor":22,"key":"PowerPotion"},{"floor":25,"key":"Poison Potion"},{"floor":29,"key":"Fire Potion"}],"is_trial":false,"path_per_floor":["M","?","M","M","$","R","E","?","T","M","R","M","R","M","R","B",null,"M","?","?","M","M","R","E","M","T","$","R","M","M","?","R","B"],"character_chosen":"IRONCLAD","items_purchased":["Bag of Preparation","Shrug It Off","True Grit","Master of Strategy","Metallicize","Ancient Potion"],"campfire_rested":2,"item_purchase_floors":[5,5,27,27,27,27],"current_hp_per_floor":[74,74,75,75,75,75,26,26,26,27,27,28,28,30,30,24,62,53,53,53,47,25,48,25,24,24,24,24,33,52,52,76,0],"gold":67,"neow_bonus":"THREE_ENEMY_KILL","is_prod":false,"is_daily":false,"chose_seed":false,"campfire_upgraded":5,"win_rate":0,"timestamp":1556106851,"path_taken":["M","?","M","M","$","R","E","?","T","M","R","M","R","M","R","BOSS","M","?","?","?","M","R","E","M","T","$","R","M","M","?","R","BOSS"],"build_version":"2019-01-23","purchased_purges":2,"victory":false,"max_hp_per_floor":[75,75,75,75,75,75,75,75,75,75,75,75,75,75,75,75,75,75,75,75,76,77,77,78,79,79,79,79,80,81,81,81,81],"card_choices":[{"not_picked":["Power Through","Wild Strike"],"picked":"Flame Barrier","floor":1},{"not_picked":["True Grit","Shrug It Off"],"picked":"Inflame","floor":3},{"not_picked":["Clash","Sever Soul"],"picked":"Headbutt","floor":4},{"not_picked":["Thunderclap","Ghostly Armor"],"picked":"Anger","floor":7},{"not_picked":["Armaments","Flex"],"picked":"Feel No Pain","floor":10},{"not_picked":["Headbutt","Warcry","Juggernaut"],"picked":"SKIP","floor":12},{"not_picked":["Pommel Strike","Flex"],"picked":"Sword Boomerang","floor":14},{"not_picked":["Brutality","Juggernaut"],"picked":"Double Tap","floor":16},{"not_picked":["Rage"],"picked":"SKIP","floor":18},{"not_picked":["Pommel Strike"],"picked":"SKIP","floor":21},{"not_picked":["Dropkick"],"picked":"SKIP","floor":22},{"not_picked":[],"picked":"Armaments","floor":23},{"not_picked":[],"picked":"Body Slam+1","floor":24},{"not_picked":["Blood for Blood"],"picked":"SKIP","floor":25},{"not_picked":["Blood for Blood"],"picked":"SKIP","floor":29},{"not_picked":["Flame Barrier"],"picked":"SKIP","floor":30},{"not_picked":[],"picked":"Inflame","floor":32}],"player_experience":1077435,"relics_obtained":[{"floor":7,"key":"Dream Catcher"},{"floor":9,"key":"MawBank"},{"floor":24,"key":"Bottled Tornado"},{"floor":26,"key":"Meat on the Bone"}],"event_choices":[{"damage_healed":0,"gold_gain":150,"player_choice":"AGREE","damage_taken":0,"max_hp_gain":0,"max_hp_loss":0,"event_name":"Liars Game","floor":2,"gold_loss":0,"cards_obtained":["Doubt"]},{"damage_healed":0,"gold_gain":0,"player_choice":"Searched \u00270\u0027 times","damage_taken":0,"max_hp_gain":0,"max_hp_loss":0,"event_name":"Dead Adventurer","floor":8,"gold_loss":0},{"damage_healed":0,"gold_gain":0,"player_choice":"Searched \u00270\u0027 times","damage_taken":0,"max_hp_gain":0,"max_hp_loss":0,"event_name":"Dead Adventurer","floor":8,"gold_loss":0},{"damage_healed":0,"gold_gain":0,"player_choice":"Simplicity","damage_taken":0,"max_hp_gain":0,"max_hp_loss":0,"event_name":"Back to Basics","floor":19,"gold_loss":0,"cards_upgraded":["Strike_R","Strike_R","Strike_R","Strike_R","Strike_R","Defend_R","Defend_R","Defend_R","Defend_R"]},{"damage_healed":0,"gold_gain":0,"player_choice":"Trade","damage_taken":0,"relics_obtained":["FaceOfCleric"],"max_hp_gain":0,"max_hp_loss":0,"event_name":"FaceTrader","floor":20,"gold_loss":0},{"damage_healed":0,"gold_gain":0,"player_choice":"Read","damage_taken":0,"max_hp_gain":0,"max_hp_loss":0,"event_name":"The Library","floor":31,"gold_loss":0,"cards_obtained":["Spot Weakness"]}],"is_beta":false,"boss_relics":[{"not_picked":["Philosopher\u0027s Stone","Tiny House"],"picked":"Busted Crown"}],"items_purged_floors":[5,27],"is_endless":false,"potions_floor_spawned":[1,4,12,16,18,22,25,29],"killed_by":"Champ","ascension_level":20}