{"gold_per_floor":[119,40,40,55,101,101,120,164,164,177,27,27,45,69,69,164,164,177,195,195],"floor_reached":20,"playtime":980,"items_purged":[],"score":326,"play_id":"369b2d0d-c6d1-4571-96e8-e044a8130c41","local_time":"20190312174134","is_ascension_mode":true,"campfire_choices":[{"data":"Shockwave","floor":6,"key":"SMITH"},{"data":"Whirlwind","floor":12,"key":"SMITH"},{"data":"Barricade","floor":15,"key":"SMITH"}],"neow_cost":"NONE","seed_source_timestamp":477819141530679,"circlet_count":0,"master_deck":["AscendersBane","Strike_R","Strike_R","Strike_R","Strike_R","Strike_R","Defend_R","Defend_R","Defend_R","Defend_R","Bash","Barricade+1","Clothesline","Shrug It Off","Pommel Strike","Shockwave+1","Seeing Red","Whirlwind+1","Inflame","Limit Break","Pummel","Exhume","Double Tap","Inflame"],"relics":["Burning Blood","Golden Idol","Red Skull","Smiling Mask","Pantograph","Busted Crown"],"potions_floor_usage":[16,16,20],"damage_taken":[{"damage":2,"enemies":"Cultist","floor":1,"turns":4},{"damage":2,"enemies":"2 Louse","floor":4,"turns":3},{"damage":9,"enemies":"Jaw Worm","floor":7,"turns":6},{"damage":42,"enemies":"3 Sentries","floor":8,"turns":10},{"damage":5,"enemies":"Red Slaver","floor":10,"turns":2},{"damage":11,"enemies":"Lots of Slimes","floor":13,"turns":4},{"damage":10,"enemies":"Gremlin Gang","floor":14,"turns":3},{"damage":42,"enemies":"The Guardian","floor":16,"turns":9},{"damage":0,"enemies":"3 Byrds","floor":18,"turns":5},{"damage":20,"enemies":"Shell Parasite","floor":19,"turns":4},{"damage":46,"enemies":"Shelled Parasite and Fungi","floor":20,"turns":3}],"seed_played":"-1933891006694200029","potions_obtained":[{"floor":4,"key":"EssenceOfSteel"},{"floor":13,"key":"Poison Potion"},{"floor":14,"key":"AttackPotion"},{"floor":16,"key":"PowerPotion"},{"floor":19,"key":"Energy Potion"}],"is_trial":false,"path_per_floor":["M","$","?","M","T","R","M","E","T","M","$","R","M","M","R","B",null,"M","M","M"],"character_chosen":"IRONCLAD","items_purchased":["Shrug It Off","Pommel Strike","Limit Break"],"campfire_rested":0,"item_purchase_floors":[2,2,11],"current_hp_per_floor":[72,72,68,68,68,68,65,29,29,30,30,30,25,21,21,10,54,60,46,0],"gold":195,"neow_bonus":"ONE_RANDOM_RARE_CARD","is_prod":false,"is_daily":false,"chose_seed":false,"campfire_upgraded":3,"win_rate":0,"timestamp":1552380094,"path_taken":["M","?","?","M","?","R","M","E","T","M","$","R","?","M","R","BOSS","M","M","M"],"build_version":"2019-01-23","purchased_purges":0,"victory":false,"max_hp_per_floor":[75,75,68,68,68,68,68,68,68,68,68,68,68,68,68,68,68,68,68,68],"card_choices":[{"not_picked":["Iron Wave","True Grit"],"picked":"Clothesline","floor":1},{"not_picked":["Anger","Perfected Strike"],"picked":"Shockwave","floor":4},{"not_picked":["Blood for Blood","Sentinel"],"picked":"Seeing Red","floor":7},{"not_picked":["Sword Boomerang","Bloodletting"],"picked":"Whirlwind","floor":8},{"not_picked":["Armaments","Flex"],"picked":"Inflame","floor":10},{"not_picked":["Clothesline","Combust"],"picked":"Pummel","floor":13},{"not_picked":["Shockwave","Bloodletting"],"picked":"Exhume","floor":14},{"not_picked":["Demon Form","Limit Break"],"picked":"Double Tap","floor":16},{"not_picked":[],"picked":"Inflame","floor":18},{"not_picked":["Carnage"],"picked":"SKIP","floor":19}],"player_experience":684922,"relics_obtained":[{"floor":5,"key":"Red Skull"},{"floor":8,"key":"Smiling Mask"},{"floor":9,"key":"Pantograph"}],"event_choices":[{"damage_healed":0,"gold_gain":0,"player_choice":"Lose Max HP","damage_taken":0,"relics_obtained":["Golden Idol"],"max_hp_gain":0,"max_hp_loss":7,"event_name":"Golden Idol","floor":3,"gold_loss":0}],"is_beta":false,"boss_relics":[{"not_picked":["Runic Dome","Tiny House"],"picked":"Busted Crown"}],"items_purged_floors":[],"is_endless":false,"potions_floor_spawned":[4,13,14,16,19],"killed_by":"Shelled Parasite and Fungi","ascension_level":17}