{"gold_per_floor":[365,0,0,11,11,36,36,61,61,31,31,49,49,49,49,123,123,138,138,152,165,165,165],"floor_reached":23,"playtime":857,"items_purged":["Writhe"],"score":394,"play_id":"bde337f4-91f9-4e1a-a9b0-b17d80d0d1e0","local_time":"20190404205355","is_ascension_mode":true,"campfire_choices":[{"data":"Neutralize","floor":7,"key":"SMITH"},{"floor":13,"key":"REST"},{"data":"Dagger Spray","floor":15,"key":"SMITH"}],"neow_cost":"CURSE","seed_source_timestamp":562596993987668,"circlet_count":0,"master_deck":["AscendersBane","Defend_G","Defend_G","Defend_G","Defend_G","Defend_G","Strike_G","Strike_G","Strike_G","Strike_G","Strike_G","Survivor","Neutralize+1","Dagger Spray+1","Noxious Fumes","Bouncing Flask","Blur","Dagger Throw","Backflip","Bullet Time+1","Backflip"],"relics":["Ring of the Serpent","Lantern","Frozen Egg 2","The Courier","Ornamental Fan"],"potions_floor_usage":[6,16,16,16,21],"damage_taken":[{"damage":2,"enemies":"2 Louse","floor":1,"turns":3},{"damage":2,"enemies":"Small Slimes","floor":4,"turns":3},{"damage":10,"enemies":"Lagavulin","floor":6,"turns":7},{"damage":29,"enemies":"Gremlin Nob","floor":8,"turns":4},{"damage":4,"enemies":"Cultist","floor":12,"turns":5},{"damage":30,"enemies":"Slime Boss","floor":16,"turns":12},{"damage":3,"enemies":"3 Byrds","floor":18,"turns":7},{"damage":13,"enemies":"Chosen","floor":20,"turns":6},{"damage":18,"enemies":"Shelled Parasite and Fungi","floor":21,"turns":7},{"damage":23,"enemies":"Slavers","floor":23,"turns":2}],"seed_played":"4631646961147661143","potions_obtained":[{"floor":1,"key":"SpeedPotion"},{"floor":8,"key":"Dexterity Potion"},{"floor":10,"key":"EntropicBrew"},{"floor":21,"key":"SpeedPotion"}],"is_trial":false,"path_per_floor":["M","$","?","M","?","E","R","E","T","?","$","M","R","?","R","B",null,"M","?","M","M","T","E"],"character_chosen":"THE_SILENT","items_purchased":["Noxious Fumes","Lantern","Bouncing Flask"],"campfire_rested":1,"item_purchase_floors":[2,2,2],"current_hp_per_floor":[57,57,57,55,55,45,45,16,16,16,16,12,31,36,36,6,55,52,52,39,21,21,0],"gold":165,"neow_bonus":"TWO_FIFTY_GOLD","is_prod":false,"is_daily":false,"chose_seed":false,"campfire_upgraded":2,"win_rate":0,"timestamp":1554378835,"path_taken":["M","$","?","M","?","E","R","E","T","?","$","?","R","?","R","BOSS","M","?","?","M","?","E"],"build_version":"2019-01-23","purchased_purges":1,"victory":false,"max_hp_per_floor":[66,66,66,66,66,66,66,66,66,66,66,66,66,71,71,71,71,71,71,71,71,71,71],"card_choices":[{"not_picked":["PiercingWail","Deflect"],"picked":"Dagger Spray","floor":1},{"not_picked":["Setup","Poisoned Stab","Distraction"],"picked":"SKIP","floor":4},{"not_picked":["Endless Agony","Backstab"],"picked":"Blur","floor":6},{"not_picked":["Deadly Poison","Night Terror"],"picked":"Dagger Throw","floor":8},{"not_picked":["Backstab","Caltrops+1"],"picked":"Backflip","floor":12},{"not_picked":["Glass Knife","Grand Finale"],"picked":"Bullet Time","floor":16},{"not_picked":["Accuracy+1","Reflex","Deflect"],"picked":"SKIP","floor":18},{"not_picked":["Endless Agony","Deflect"],"picked":"Backflip","floor":20},{"not_picked":["Riddle With Holes","Outmaneuver","Finisher"],"picked":"SKIP","floor":21}],"player_experience":825515,"relics_obtained":[{"floor":8,"key":"Frozen Egg 2"},{"floor":9,"key":"The Courier"},{"floor":22,"key":"Ornamental Fan"}],"event_choices":[{"damage_healed":0,"gold_gain":0,"player_choice":"Ignored","damage_taken":0,"max_hp_gain":0,"max_hp_loss":0,"event_name":"Liars Game","floor":3,"gold_loss":0},{"damage_healed":0,"gold_gain":0,"player_choice":"Leave","damage_taken":0,"max_hp_gain":0,"max_hp_loss":0,"event_name":"The Cleric","floor":5,"gold_loss":0},{"damage_healed":0,"gold_gain":0,"player_choice":"Bought 2 Potions","damage_taken":0,"max_hp_gain":0,"max_hp_loss":0,"event_name":"The Woman in Blue","floor":10,"gold_loss":0},{"damage_healed":0,"gold_gain":0,"player_choice":"Donut","damage_taken":0,"max_hp_gain":5,"max_hp_loss":0,"event_name":"Big Fish","floor":14,"gold_loss":0},{"damage_healed":0,"gold_gain":0,"player_choice":"Forge","damage_taken":0,"max_hp_gain":0,"max_hp_loss":0,"event_name":"Accursed Blacksmith","floor":19,"gold_loss":0,"cards_upgraded":["Bullet Time"]}],"is_beta":false,"boss_relics":[{"not_picked":["Orrery","Eternal Feather"],"picked":"Ring of the Serpent"}],"items_purged_floors":[2],"is_endless":false,"potions_floor_spawned":[1,8,12,21],"killed_by":"Slavers","ascension_level":20}