{"gold_per_floor":[211,90,101,1,15,31,51,67,67,77,77,77,77,95,95,194,194,210,11,11,29,46,76,76,94,119,119,135,162,173,73,73,174,174,193,193,12,12,32,32,57,57,57,70,97,197,215,215],"floor_reached":48,"playtime":2267,"items_purged":["Defend_B","Strike_B","Strike_B","Strike_B"],"score":645,"play_id":"1adef253-066e-4172-9837-21785d172b56","local_time":"20190219145032","is_ascension_mode":true,"campfire_choices":[{"floor":11,"key":"REST"},{"data":"Defragment","floor":13,"key":"SMITH"},{"floor":15,"key":"REST"},{"data":"Force Field","floor":27,"key":"SMITH"},{"data":"Dualcast","floor":32,"key":"SMITH"},{"data":"Fission","floor":40,"key":"SMITH"}],"neow_cost":"NONE","seed_source_timestamp":515181144924187,"circlet_count":0,"master_deck":["Strike_B","Defend_B","Defend_B","Defend_B","Zap","Dualcast+1","Leap","Gash+1","Cold Snap+1","Electrodynamics+1","Gash","Coolheaded","Defragment+1","Leap+1","Barrage+1","Self Repair+1","Force Field+1","Chill+1","Fission+1","Gash+1","Blizzard","Defragment+1","Stack+1","Stack+1"],"relics":["Cracked Core","Kunai","Philosopher\u0027s Stone","Runic Capacitor","The Courier","Art of War","Dodecahedron","Velvet Choker","Pen Nib","Letter Opener","Strawberry"],"potions_floor_usage":[16,21,21,23,30,33,35,47],"damage_taken":[{"damage":1,"enemies":"Cultist","floor":1,"turns":3},{"damage":3,"enemies":"2 Louse","floor":3,"turns":2},{"damage":1,"enemies":"Small Slimes","floor":5,"turns":3},{"damage":5,"enemies":"Exordium Wildlife","floor":6,"turns":3},{"damage":14,"enemies":"Red Slaver","floor":7,"turns":3},{"damage":12,"enemies":"Exordium Thugs","floor":8,"turns":3},{"damage":4,"enemies":"Blue Slaver","floor":10,"turns":3},{"damage":2,"enemies":"Red Slaver","floor":14,"turns":3},{"damage":11,"enemies":"Hexaghost","floor":16,"turns":11},{"damage":13,"enemies":"Shell Parasite","floor":18,"turns":7},{"damage":2,"enemies":"Chosen","floor":21,"turns":4},{"damage":21,"enemies":"3 Cultists","floor":22,"turns":4},{"damage":18,"enemies":"Book of Stabbing","floor":23,"turns":5},{"damage":33,"enemies":"Snake Plant","floor":25,"turns":5},{"damage":4,"enemies":"Chosen and Byrds","floor":28,"turns":4},{"damage":17,"enemies":"Slavers","floor":29,"turns":4},{"damage":0,"enemies":"Cultist and Chosen","floor":30,"turns":5},{"damage":55,"enemies":"Automaton","floor":33,"turns":7},{"damage":21,"enemies":"3 Darklings","floor":35,"turns":5},{"damage":0,"enemies":"3 Shapes","floor":39,"turns":3},{"damage":35,"enemies":"Nemesis","floor":41,"turns":7},{"damage":6,"enemies":"Transient","floor":44,"turns":5},{"damage":37,"enemies":"Maw","floor":47,"turns":7},{"damage":28,"enemies":"4 Shapes","floor":48,"turns":7}],"seed_played":"8728909804392146369","potions_obtained":[{"floor":1,"key":"Swift Potion"},{"floor":7,"key":"SkillPotion"},{"floor":10,"key":"FocusPotion"},{"floor":18,"key":"SpeedPotion"},{"floor":23,"key":"Ancient Potion"},{"floor":25,"key":"FearPotion"},{"floor":29,"key":"Swift Potion"},{"floor":30,"key":"PowerPotion"},{"floor":33,"key":"FocusPotion"},{"floor":41,"key":"Regen Potion"},{"floor":47,"key":"Swift Potion"}],"is_trial":false,"path_per_floor":["M","$","M","$","M","M","M","M","T","M","R","?","R","M","R","B",null,"M","$","?","M","M","E","?","M","T","R","M","E","M","$","R","B",null,"M","?","$","?","M","R","E","$","T","M","T","?","M","M"],"character_chosen":"DEFECT","items_purchased":["Gash","Runic Capacitor","Blizzard"],"campfire_rested":2,"item_purchase_floors":[2,19,37],"current_hp_per_floor":[67,67,64,64,63,58,44,32,32,28,50,35,35,33,55,44,67,54,54,54,52,31,23,75,52,52,52,58,51,61,61,61,16,60,49,49,49,49,59,59,34,34,34,38,45,45,27,0],"gold":215,"neow_bonus":"HUNDRED_GOLD","is_prod":false,"is_daily":false,"chose_seed":false,"campfire_upgraded":4,"win_rate":0,"timestamp":1550584232,"path_taken":["M","?","M","$","M","M","?","M","T","M","R","?","R","M","R","BOSS","M","$","?","M","?","E","?","M","T","R","M","E","?","$","R","BOSS","M","?","$","?","?","R","E","$","T","M","?","?","M","M"],"build_version":"2019-01-23","purchased_purges":4,"victory":false,"max_hp_per_floor":[75,75,75,75,75,75,75,75,75,75,75,75,75,75,75,75,75,75,75,75,75,75,75,75,75,75,75,75,75,75,75,75,75,75,75,71,71,71,71,71,71,71,71,71,78,78,78,78],"card_choices":[{"not_picked":["Melter","Fusion"],"picked":"Leap","floor":1},{"not_picked":["Beam Cell","Coolheaded"],"picked":"Cold Snap","floor":3},{"not_picked":["Turbo","Hologram"],"picked":"Electrodynamics","floor":5},{"not_picked":["Sweeping Beam","Leap"],"picked":"Gash","floor":6},{"not_picked":["Compile Driver","Force Field","Melter"],"picked":"SKIP","floor":7},{"not_picked":["Double Energy","Beam Cell"],"picked":"Coolheaded","floor":8},{"not_picked":["White Noise","Leap"],"picked":"Defragment","floor":10},{"not_picked":["Rebound","Chaos","Scrape"],"picked":"SKIP","floor":14},{"not_picked":["Beam Cell","Barrage"],"picked":"Leap+1","floor":18},{"not_picked":["Chaos","Hologram+1"],"picked":"Barrage+1","floor":21},{"not_picked":["Sweeping Beam","Go for the Eyes"],"picked":"Self Repair+1","floor":22},{"not_picked":["Barrage","Echo Form","Compile Driver"],"picked":"SKIP","floor":23},{"not_picked":["Doom and Gloom+1","Compile Driver"],"picked":"Force Field","floor":25},{"not_picked":["Scrape","Go for the Eyes"],"picked":"Chill+1","floor":28},{"not_picked":["Streamline+1","Doom and Gloom","Beam Cell"],"picked":"SKIP","floor":29},{"not_picked":["Chill","Coolheaded","BootSequence"],"picked":"SKIP","floor":30},{"not_picked":["Core Surge","Amplify"],"picked":"Fission","floor":33},{"not_picked":["Sunder+1","Ball Lightning+1"],"picked":"Gash+1","floor":35},{"not_picked":["Auto Shields+1","Hello World","Turbo"],"picked":"SKIP","floor":39},{"not_picked":["Rebound+1","Skim+1"],"picked":"Stack+1","floor":41},{"not_picked":["Turbo+1","Core Surge","Hologram"],"picked":"SKIP","floor":44},{"not_picked":["Rebound+1","Consume"],"picked":"Stack+1","floor":47}],"player_experience":329211,"relics_obtained":[{"floor":9,"key":"Kunai"},{"floor":23,"key":"The Courier"},{"floor":26,"key":"Art of War"},{"floor":29,"key":"Dodecahedron"},{"floor":41,"key":"Pen Nib"},{"floor":43,"key":"Letter Opener"},{"floor":45,"key":"Strawberry"}],"event_choices":[{"damage_healed":0,"gold_gain":0,"player_choice":"Entered Light","damage_taken":15,"max_hp_gain":0,"max_hp_loss":0,"event_name":"Shining Light","floor":12,"gold_loss":0,"cards_upgraded":["Cold Snap","Gash"]},{"damage_healed":0,"gold_gain":0,"player_choice":"Upgraded","damage_taken":0,"max_hp_gain":0,"max_hp_loss":0,"event_name":"Upgrade Shrine","floor":20,"gold_loss":0,"cards_upgraded":["Electrodynamics"]},{"damage_healed":52,"gold_gain":0,"player_choice":"Full Heal","damage_taken":0,"max_hp_gain":0,"max_hp_loss":0,"event_name":"Wheel of Change","floor":24,"gold_loss":0},{"damage_healed":0,"gold_gain":0,"player_choice":"Max HP","damage_taken":0,"max_hp_gain":0,"max_hp_loss":4,"event_name":"Winding Halls","floor":36,"gold_loss":0},{"damage_healed":0,"gold_gain":0,"player_choice":"Copied","damage_taken":0,"max_hp_gain":0,"max_hp_loss":0,"event_name":"Duplicator","floor":38,"gold_loss":0,"cards_obtained":["Defragment"]},{"damage_healed":0,"gold_gain":100,"player_choice":"Pray","damage_taken":0,"max_hp_gain":0,"max_hp_loss":0,"event_name":"Golden Shrine","floor":46,"gold_loss":0}],"is_beta":false,"boss_relics":[{"not_picked":["Runic Dome","Astrolabe"],"picked":"Philosopher\u0027s Stone"},{"not_picked":["Empty Cage","Orrery"],"picked":"Velvet Choker"}],"items_purged_floors":[2,4,31,37],"is_endless":false,"potions_floor_spawned":[1,7,10,14,18,23,25,29,30,33,41,47],"killed_by":"4 Shapes","ascension_level":6}