{"gold_per_floor":[119,135,60,135,153,153,153,166,239,239,249,149,166,176,176,176],"floor_reached":16,"playtime":499,"items_purged":["Strike_R","Strike_R"],"score":94,"play_id":"31ccfc46-ea38-44bb-aa05-10683b4758ac","local_time":"20190511204842","is_ascension_mode":false,"campfire_choices":[{"data":"Body Slam","floor":6,"key":"SMITH"},{"data":"Shrug It Off","floor":10,"key":"SMITH"},{"data":"Defend_R","floor":15,"key":"SMITH"}],"neow_cost":"NONE","seed_source_timestamp":437716391050980,"circlet_count":0,"master_deck":["Strike_R","Strike_R","Defend_R+1","Defend_R","Defend_R+1","Defend_R+1","Bash","Body Slam+1","Shrug It Off+1"],"relics":["Burning Blood","Mummified Hand"],"potions_floor_usage":[16,16],"damage_taken":[{"damage":20,"enemies":"Jaw Worm","floor":1,"turns":4},{"damage":3,"enemies":"Small Slimes","floor":2,"turns":3},{"damage":1,"enemies":"Cultist","floor":5,"turns":3},{"damage":11,"enemies":"Gremlin Gang","floor":8,"turns":7},{"damage":0,"enemies":"Exordium Wildlife","floor":11,"turns":5},{"damage":0,"enemies":"Lots of Slimes","floor":13,"turns":6},{"damage":6,"enemies":"Exordium Thugs","floor":14,"turns":6},{"damage":57,"enemies":"Slime Boss","floor":16,"turns":6}],"seed_played":"-6293273782941130726","potions_obtained":[{"floor":2,"key":"Fire Potion"},{"floor":5,"key":"LiquidBronze"},{"floor":8,"key":"SpeedPotion"}],"is_trial":false,"path_per_floor":["M","M","$","?","M","R","?","M","T","R","M","$","M","M","R","B"],"character_chosen":"IRONCLAD","items_purchased":[],"campfire_rested":0,"item_purchase_floors":[],"current_hp_per_floor":[66,69,69,58,63,63,47,42,42,42,48,48,54,54,54,0],"gold":176,"neow_bonus":"REMOVE_CARD","is_prod":false,"is_daily":false,"chose_seed":false,"campfire_upgraded":3,"win_rate":0,"timestamp":1557622122,"path_taken":["M","M","$","?","M","R","?","M","T","R","M","$","M","M","R","BOSS"],"build_version":"2019-01-23","purchased_purges":2,"victory":false,"max_hp_per_floor":[80,80,80,80,80,80,80,80,80,80,80,80,80,80,80,80],"card_choices":[{"not_picked":["True Grit","Sword Boomerang","Clothesline"],"picked":"SKIP","floor":1},{"not_picked":["Bloodletting","Sentinel","Thunderclap"],"picked":"SKIP","floor":2},{"not_picked":["Bloodletting","Sentinel","Thunderclap"],"picked":"SKIP","floor":2},{"not_picked":["Cleave","Headbutt"],"picked":"Body Slam","floor":5},{"not_picked":["Flex","Pummel"],"picked":"Shrug It Off","floor":8},{"not_picked":["Second Wind","Wild Strike","Anger"],"picked":"SKIP","floor":11},{"not_picked":["Limit Break","Iron Wave","Sword Boomerang"],"picked":"SKIP","floor":13},{"not_picked":["Warcry","Pommel Strike","Clothesline"],"picked":"SKIP","floor":14}],"player_experience":129705,"relics_obtained":[{"floor":9,"key":"Mummified Hand"}],"event_choices":[{"damage_healed":0,"gold_gain":75,"player_choice":"Gather Gold","damage_taken":11,"max_hp_gain":0,"max_hp_loss":0,"event_name":"World of Goop","floor":4,"gold_loss":0},{"damage_healed":0,"gold_gain":0,"player_choice":"Entered Light","damage_taken":16,"max_hp_gain":0,"max_hp_loss":0,"event_name":"Shining Light","floor":7,"gold_loss":0,"cards_upgraded":["Defend_R","Defend_R"]}],"is_beta":false,"boss_relics":[],"items_purged_floors":[3,12],"is_endless":false,"potions_floor_spawned":[2,5,8],"killed_by":"Slime Boss","ascension_level":0}