{"gold_per_floor":[119,269,280,298,312,344,344,373,373,373],"floor_reached":10,"playtime":371,"items_purged":[],"score":137,"play_id":"2946dc70-4966-4edc-9831-65ccb599a005","local_time":"20190326182157","is_ascension_mode":true,"campfire_choices":[{"floor":7,"key":"REST"}],"neow_cost":"NONE","seed_source_timestamp":320896887488320,"circlet_count":0,"master_deck":["AscendersBane","Strike_B","Strike_B","Strike_B","Strike_B","Defend_B","Defend_B","Defend_B","Defend_B","Zap","Dualcast","Steam Power","Doubt","Storm","Sweeping Beam","Beam Cell","Capacitor","Steam Power"],"relics":["Cracked Core","Anchor","Turnip","Art of War","Dream Catcher"],"potions_floor_usage":[5,6,8,8],"damage_taken":[{"damage":0,"enemies":"2 Louse","floor":1,"turns":2},{"damage":2,"enemies":"Jaw Worm","floor":3,"turns":5},{"damage":0,"enemies":"Small Slimes","floor":4,"turns":2},{"damage":13,"enemies":"Red Slaver","floor":5,"turns":4},{"damage":45,"enemies":"3 Sentries","floor":6,"turns":8},{"damage":38,"enemies":"Gremlin Nob","floor":8,"turns":5},{"damage":2,"enemies":"3 Louse","floor":10,"turns":1}],"seed_played":"-3630836853116261926","potions_obtained":[{"floor":1,"key":"SteroidPotion"},{"floor":3,"key":"Regen Potion"},{"floor":5,"key":"Ancient Potion"},{"floor":6,"key":"SpeedPotion"},{"floor":8,"key":"Ancient Potion"}],"is_trial":false,"path_per_floor":["M","?","M","M","M","E","R","E","T","M"],"character_chosen":"DEFECT","items_purchased":[],"campfire_rested":1,"item_purchase_floors":[],"current_hp_per_floor":[64,64,62,62,49,19,40,2,2,0],"gold":373,"neow_bonus":"RANDOM_COMMON_RELIC","is_prod":false,"is_daily":false,"chose_seed":false,"campfire_upgraded":0,"win_rate":0,"timestamp":1553642517,"path_taken":["M","?","M","M","M","E","R","E","T","M"],"build_version":"2019-01-23","purchased_purges":0,"victory":false,"max_hp_per_floor":[71,71,71,71,71,71,71,71,71,71],"card_choices":[{"not_picked":["BootSequence","Coolheaded"],"picked":"Steam Power","floor":1},{"not_picked":["Compile Driver","Rebound"],"picked":"Storm","floor":3},{"not_picked":["Gash","Leap"],"picked":"Sweeping Beam","floor":4},{"not_picked":["Fusion","Skim"],"picked":"Beam Cell","floor":5},{"not_picked":["Machine Learning","Gash"],"picked":"Capacitor","floor":6},{"not_picked":["Storm","Capacitor"],"picked":"Steam Power","floor":8}],"player_experience":1154572,"relics_obtained":[{"floor":6,"key":"Turnip"},{"floor":8,"key":"Art of War"},{"floor":9,"key":"Dream Catcher"}],"event_choices":[{"damage_healed":0,"gold_gain":150,"player_choice":"AGREE","damage_taken":0,"max_hp_gain":0,"max_hp_loss":0,"event_name":"Liars Game","floor":2,"gold_loss":0,"cards_obtained":["Doubt"]}],"is_beta":false,"boss_relics":[],"items_purged_floors":[],"is_endless":false,"potions_floor_spawned":[1,3,5,6,8],"killed_by":"3 Louse","ascension_level":15}