{"gold_per_floor":[110,185,185,185,10,10,41,59,59,73,104,104,28,39,39,140,140,151,165,19,19,30,57,57,57,57,33,46,71,71],"floor_reached":30,"playtime":2450,"items_purged":["Defend_B","Defend_B"],"score":290,"play_id":"47000774-970c-4ddb-ae8b-56257696682e","local_time":"20181002153439","is_ascension_mode":true,"campfire_choices":[{"data":"Sweeping Beam","floor":6,"key":"SMITH"},{"data":"Steam","floor":12,"key":"SMITH"},{"floor":15,"key":"REST"},{"floor":24,"key":"REST"}],"neow_cost":"NONE","seed_source_timestamp":242516832637638,"circlet_count":0,"master_deck":["Strike_B","Strike_B","Strike_B+1","Defend_B","Defend_B+1","Zap","Dualcast+1","Ball Lightning","Sweeping Beam+1","Turbo","Conserve Battery","Ball Lightning","Streamline","Steam+1","Steam","Sweeping Beam","Go for the Eyes","Seek","Coolheaded+1","Conserve Battery","Defragment+1","Leap+1","Leap","Barrage","Cold Snap+1"],"relics":["Cracked Core","Mummified Hand","Orichalcum","PreservedInsect","Sozu","Anchor","Question Card","Strawberry"],"potions_floor_usage":[7,16,22,29],"damage_taken":[{"damage":1,"enemies":"2 Louse","floor":1,"turns":2},{"damage":13,"enemies":"Lagavulin","floor":7,"turns":5},{"damage":0,"enemies":"Jaw Worm","floor":8,"turns":2},{"damage":0,"enemies":"Small Slimes","floor":10,"turns":2},{"damage":6,"enemies":"3 Sentries","floor":11,"turns":4},{"damage":1,"enemies":"3 Louse","floor":14,"turns":3},{"damage":6,"enemies":"Slime Boss","floor":16,"turns":5},{"damage":16,"enemies":"2 Thieves","floor":18,"turns":3},{"damage":5,"enemies":"Shell Parasite","floor":19,"turns":5},{"damage":6,"enemies":"Snecko","floor":22,"turns":6},{"damage":20,"enemies":"Gremlin Leader","floor":23,"turns":5},{"damage":18,"enemies":"Sentry and Sphere","floor":28,"turns":6},{"damage":19,"enemies":"Slavers","floor":29,"turns":7},{"damage":26,"enemies":"Snake Plant","floor":30,"turns":3}],"seed_played":"163589897765526741","potions_obtained":[{"floor":1,"key":"EntropicBrew"}],"is_trial":false,"path_per_floor":["M","?","?","?","$","R","E","M","T","M","E","R","$","M","R","B",null,"M","M","$","?","M","E","R","?","T","$","M","E"],"character_chosen":"DEFECT","items_purchased":["Sweeping Beam","Turbo","Steam","Sweeping Beam","Conserve Battery","Leap"],"campfire_rested":2,"item_purchase_floors":[5,5,13,13,20,27],"current_hp_per_floor":[74,63,48,48,48,48,35,35,35,35,29,29,29,28,50,44,75,59,54,54,54,48,28,50,50,50,50,32,20,0],"gold":71,"neow_bonus":"UPGRADE_CARD","is_prod":false,"is_daily":false,"chose_seed":false,"campfire_upgraded":2,"win_rate":0,"timestamp":1538487279,"path_taken":["M","?","?","?","$","R","E","?","T","M","E","R","?","M","R","BOSS","M","M","$","?","M","E","R","?","T","$","M","E","M"],"build_version":"2018-09-27","purchased_purges":2,"victory":false,"max_hp_per_floor":[75,75,75,75,75,75,75,75,75,75,75,75,75,75,75,75,75,75,75,75,75,75,75,75,75,75,75,75,82,82],"card_choices":[{"not_picked":["Doom and Gloom","Steam"],"picked":"Ball Lightning","floor":1},{"not_picked":["Chaos","Heatsinks"],"picked":"Conserve Battery","floor":7},{"not_picked":["Rebound","Compile Driver"],"picked":"Ball Lightning","floor":8},{"not_picked":["Stack","Gash"],"picked":"Streamline","floor":10},{"not_picked":["Barrage","Gash"],"picked":"Steam","floor":11},{"not_picked":["BootSequence","Redo"],"picked":"Go for the Eyes","floor":14},{"not_picked":["Rainbow","Fission"],"picked":"Seek","floor":16},{"not_picked":["Gash+1","Heatsinks","Fusion"],"picked":"SKIP","floor":18},{"not_picked":["Redo","Double Energy"],"picked":"Coolheaded+1","floor":19},{"not_picked":["Gash+1","Beam Cell+1"],"picked":"Defragment+1","floor":22},{"not_picked":["Melter+1","Hello World+1"],"picked":"Leap+1","floor":23},{"not_picked":["Undo","Consume","Coolheaded+1"],"picked":"Barrage","floor":28},{"not_picked":["Darkness","Go for the Eyes","Chaos"],"picked":"Cold Snap+1","floor":29}],"player_experience":107124,"relics_obtained":[{"floor":7,"key":"Mummified Hand"},{"floor":9,"key":"Orichalcum"},{"floor":11,"key":"PreservedInsect"},{"floor":23,"key":"Anchor"},{"floor":26,"key":"Question Card"},{"floor":29,"key":"Strawberry"}],"event_choices":[{"event_name":"World of Goop","player_choice":"Gather Gold","floor":2,"damage_taken":0},{"event_name":"Shining Light","player_choice":"Entered Light","floor":3,"damage_taken":0},{"event_name":"Living Wall","player_choice":"Forget","floor":4,"damage_taken":0},{"event_name":"Vampires","player_choice":"Ignored","floor":25,"damage_taken":0}],"is_beta":false,"boss_relics":[{"not_picked":["Fusion Hammer","Coffee Dripper"],"picked":"Sozu"}],"items_purged_floors":[5,20],"is_endless":false,"potions_floor_spawned":[1,8,19,28,29],"killed_by":"Snake Plant","ascension_level":1}