{"gold_per_floor":[115,265,30,42,7,40,40,40,40,56,56,31,50,85,85,161,161,171,171,86,86],"floor_reached":21,"playtime":515,"items_purged":["Doubt"],"score":378,"play_id":"9263fd0f-6add-4f25-99cb-3ef1e3d2a72d","local_time":"20190312211521","is_ascension_mode":true,"campfire_choices":[{"data":"Loop","floor":11.0,"key":"SMITH"},{"data":"Loop","floor":15.0,"key":"SMITH"}],"neow_cost":"NONE","seed_source_timestamp":94812107469100,"circlet_count":0,"master_deck":["AscendersBane","Strike_B","Strike_B","Strike_B","Defend_B","Defend_B","Defend_B","Defend_B","Zap","Dualcast","Loop+1","Coolheaded","Pain","Loop+1","Coolheaded","Self Repair","Amplify","Defragment"],"special_seed":0,"relics":["Cracked Core","NeowsBlessing","DataDisk","Pen Nib","WarpedTongs","Pantograph","Potion Belt","Inserter","FossilizedHelix"],"potions_floor_usage":[21],"damage_taken":[{"damage":0.0,"enemies":"Small Slimes","floor":1.0,"turns":1.0},{"damage":0.0,"enemies":"2 Louse","floor":4.0,"turns":1.0},{"damage":0.0,"enemies":"3 Sentries","floor":6.0,"turns":1.0},{"damage":0.0,"enemies":"Cultist","floor":10.0,"turns":2.0},{"damage":9.0,"enemies":"Looter","floor":13.0,"turns":3.0},{"damage":23.0,"enemies":"Gremlin Nob","floor":14.0,"turns":4.0},{"damage":46.0,"enemies":"The Guardian","floor":16.0,"turns":15.0},{"damage":20.0,"enemies":"Spheric Guardian","floor":18.0,"turns":4.0},{"damage":48,"enemies":"3 Byrds","floor":21,"turns":4}],"seed_played":"1379199750017634909","potions_obtained":[{"floor":4.0,"key":"LiquidBronze"},{"floor":6.0,"key":"GamblersBrew"},{"floor":10.0,"key":"Strength Potion"},{"floor":13.0,"key":"AttackPotion"},{"floor":14.0,"key":"SteroidPotion"},{"floor":18.0,"key":"SneckoOil"}],"is_trial":false,"path_per_floor":["M","?","$","M","?","E","?","?","T","M","R","$","M","E","R","B",null,"M","?","$","M"],"character_chosen":"DEFECT","items_purchased":["DataDisk","Coolheaded","Defragment"],"campfire_rested":0,"item_purchase_floors":[3,12,20],"current_hp_per_floor":[64,64,64,64,71,71,64,64,64,64,64,64,55,39,39,25,60,47,47,47,0],"gold":86,"neow_bonus":"THREE_ENEMY_KILL","is_prod":false,"is_daily":false,"chose_seed":false,"campfire_upgraded":2,"win_rate":0,"timestamp":1552421721,"path_taken":["M","?","$","M","?","E","?","?","T","?","R","$","M","E","R","BOSS","M","?","$","M"],"build_version":"2019-01-23","purchased_purges":1,"victory":false,"max_hp_per_floor":[71,71,71,71,71,71,71,71,71,71,71,71,71,71,71,71,71,71,71,71,71],"card_choices":[{"not_picked":["Beam Cell","Streamline"],"picked":"Loop","floor":1.0},{"not_picked":["Aggregate","Fusion"],"picked":"Coolheaded","floor":4.0},{"not_picked":["Storm","Sweeping Beam","Beam Cell"],"picked":"SKIP","floor":6.0},{"not_picked":["Hello World","Turbo"],"picked":"Loop","floor":10.0},{"not_picked":["Chaos","Compile Driver"],"picked":"Self Repair","floor":13.0},{"not_picked":["Scrape","Streamline","Consume"],"picked":"SKIP","floor":14.0},{"not_picked":["Biased Cognition","Reboot"],"picked":"Amplify","floor":16.0},{"not_picked":["Chill","Gash","Turbo"],"picked":"SKIP","floor":18.0}],"player_experience":474042,"relics_obtained":[{"floor":6.0,"key":"Pen Nib"},{"floor":9.0,"key":"Pantograph"},{"floor":14.0,"key":"Potion Belt"}],"event_choices":[{"damage_healed":0.0,"max_hp_gain":0.0,"max_hp_loss":0.0,"gold_gain":150.0,"event_name":"Liars Game","player_choice":"AGREE","floor":2.0,"gold_loss":0.0,"damage_taken":0.0,"cards_obtained":["Doubt"]},{"damage_healed":17.0,"max_hp_gain":0.0,"max_hp_loss":0.0,"gold_gain":0.0,"event_name":"The Cleric","player_choice":"Healed","floor":5.0,"gold_loss":35.0,"damage_taken":0.0},{"cards_removed":["Strike_B"],"damage_healed":0.0,"max_hp_gain":0.0,"max_hp_loss":0.0,"gold_gain":0.0,"event_name":"Golden Wing","player_choice":"Card Removal","floor":7.0,"gold_loss":0.0,"damage_taken":7.0},{"damage_healed":0.0,"max_hp_gain":0.0,"max_hp_loss":0.0,"gold_gain":0.0,"event_name":"Accursed Blacksmith","player_choice":"Rummage","floor":8.0,"gold_loss":0.0,"damage_taken":0.0,"relics_obtained":["WarpedTongs"],"cards_obtained":["Pain"]},{"damage_healed":0.0,"max_hp_gain":0.0,"max_hp_loss":0.0,"gold_gain":0.0,"event_name":"WeMeetAgain","player_choice":"Gave Potion","floor":19.0,"gold_loss":0.0,"damage_taken":0.0,"relics_obtained":["FossilizedHelix"]}],"is_beta":false,"boss_relics":[{"not_picked":["Tiny House","Orrery"],"picked":"Inserter"}],"items_purged_floors":[3],"is_endless":false,"potions_floor_spawned":[4,6,10,13,14,18],"killed_by":"3 Byrds","ascension_level":16}