{"gold_per_floor":[109,109,122,47,72,72,72,72,142,180,210,210,110,134,134,134],"floor_reached":16,"playtime":861,"items_purged":["Injury","Strike_G"],"score":108,"play_id":"7f60f773-c4f7-4606-aff2-3fb0fd354ab9","local_time":"20190203224004","is_ascension_mode":true,"campfire_choices":[{"data":"Blade Dance","floor":6,"key":"SMITH"},{"data":"Tools of the Trade","floor":8,"key":"SMITH"},{"data":"Adrenaline","floor":15,"key":"SMITH"}],"neow_cost":"NONE","seed_source_timestamp":42870911169350,"circlet_count":0,"master_deck":["Defend_G","Defend_G","Defend_G","Defend_G","Defend_G","Strike_G","Strike_G","Strike_G","Survivor","Neutralize","Tools of the Trade+1","Blade Dance+1","Adrenaline+1","Poisoned Stab"],"relics":["Ring of the Snake","Golden Idol","Meat on the Bone","Letter Opener","Pen Nib","Odd Mushroom"],"potions_floor_usage":[10,11,16],"damage_taken":[{"damage":19,"enemies":"Jaw Worm","floor":1,"turns":9},{"damage":0,"enemies":"Small Slimes","floor":3,"turns":5},{"damage":4,"enemies":"2 Louse","floor":5,"turns":4},{"damage":7,"enemies":"3 Sentries","floor":10,"turns":9},{"damage":0,"enemies":"The Mushroom Lair","floor":11,"turns":4},{"damage":0,"enemies":"Large Slime","floor":14,"turns":6},{"damage":52,"enemies":"Slime Boss","floor":16,"turns":7}],"seed_played":"-6434034674160758472","potions_obtained":[{"floor":5,"key":"AttackPotion"},{"floor":10,"key":"Fire Potion"},{"floor":14,"key":"Weak Potion"}],"is_trial":false,"path_per_floor":["M","?","M","$","M","R","?","R","T","E","?","?","$","M","R","B"],"character_chosen":"THE_SILENT","items_purchased":[],"campfire_rested":0,"item_purchase_floors":[],"current_hp_per_floor":[51,51,51,51,47,47,40,40,40,45,45,50,50,50,50,0],"gold":134,"neow_bonus":"TRANSFORM_CARD","is_prod":false,"is_daily":false,"chose_seed":false,"campfire_upgraded":3,"win_rate":0,"timestamp":1549204804,"path_taken":["M","?","M","$","M","R","?","R","T","E","?","?","$","M","R","BOSS"],"build_version":"2019-01-23","purchased_purges":2,"victory":false,"max_hp_per_floor":[70,70,70,70,70,70,70,70,70,70,70,70,70,70,70,70],"card_choices":[{"not_picked":["Slice","Outmaneuver","Sucker Punch"],"picked":"SKIP","floor":1},{"not_picked":["Dagger Spray","Dagger Throw"],"picked":"Blade Dance","floor":3},{"not_picked":["Escape Plan","Dagger Spray","Calculated Gamble"],"picked":"SKIP","floor":5},{"not_picked":["Dodge and Roll","Acrobatics"],"picked":"Adrenaline","floor":10},{"not_picked":["Slice","Well Laid Plans"],"picked":"PiercingWail","floor":11},{"not_picked":["Expertise","Bane"],"picked":"Poisoned Stab","floor":14}],"player_experience":393063,"relics_obtained":[{"floor":9,"key":"Letter Opener"},{"floor":10,"key":"Pen Nib"},{"floor":11,"key":"Odd Mushroom"}],"event_choices":[{"damage_healed":0,"gold_gain":0,"player_choice":"Take Wound","damage_taken":0,"relics_obtained":["Golden Idol"],"max_hp_gain":0,"max_hp_loss":0,"event_name":"Golden Idol","floor":2,"gold_loss":0,"cards_obtained":["Injury"]},{"damage_healed":0,"gold_gain":0,"player_choice":"Success","damage_taken":7,"relics_obtained":["Meat on the Bone"],"max_hp_gain":0,"max_hp_loss":0,"event_name":"Scrap Ooze","floor":7,"gold_loss":0},{"damage_healed":0,"gold_gain":0,"player_choice":"Fought Mushrooms","damage_taken":0,"max_hp_gain":0,"max_hp_loss":0,"event_name":"Mushrooms","floor":11,"gold_loss":0},{"cards_removed":["PiercingWail"],"damage_healed":5,"gold_gain":0,"player_choice":"Offered Common","damage_taken":0,"max_hp_gain":0,"max_hp_loss":0,"event_name":"Bonfire Elementals","floor":12,"gold_loss":0},{"cards_removed":["PiercingWail"],"damage_healed":5,"gold_gain":0,"player_choice":"Offered Special","damage_taken":0,"max_hp_gain":0,"max_hp_loss":0,"event_name":"Bonfire Elementals","floor":12,"gold_loss":0}],"is_beta":false,"boss_relics":[],"items_purged_floors":[4,13],"is_endless":false,"potions_floor_spawned":[5,10,14],"killed_by":"Slime Boss","ascension_level":2}