{"gold_per_floor":[117,292,306,326,2,27,27,55,55,79,91,120,165,196,208,316,328,358,387,399,510,522,534,14,14],"floor_reached":25,"playtime":2076,"items_purged":["Doubt","Decay"],"score":243,"play_id":"ffaa9149-ba28-4036-8835-1d40ca0ef50b","local_time":"20181011212258","is_ascension_mode":true,"campfire_choices":[{"data":"Body Slam","floor":11,"key":"SMITH"},{"floor":15,"key":"REST"},{"data":"Inflame","floor":23,"key":"SMITH"}],"neow_cost":"NONE","seed_source_timestamp":130115298330272,"circlet_count":0,"master_deck":["Strike_R","Strike_R","Strike_R","Strike_R","Strike_R","Defend_R","Defend_R","Defend_R","Defend_R","Bash","Iron Wave","Flex","Cleave","Thunderclap","Body Slam+1","Pommel Strike","Clash","Shrug It Off","Flame Barrier","Metallicize","Demon Form","Iron Wave","Wild Strike","Anger","Iron Wave","Ghostly Armor","Shrug It Off+1","Inflame+1","Rage","Shrug It Off"],"relics":["Burning Blood","Boot","Regal Pillow","Self Forming Clay","MawBank","Gambling Chip","Nloth\u0027s Gift","Thread and Needle"],"potions_floor_usage":[3,6,6,8,8,13,16,16],"damage_taken":[{"damage":3,"enemies":"2 Louse","floor":1,"turns":2},{"damage":9,"enemies":"Jaw Worm","floor":3,"turns":4},{"damage":1,"enemies":"Cultist","floor":4,"turns":3},{"damage":43,"enemies":"Lagavulin","floor":6,"turns":9},{"damage":15,"enemies":"Gremlin Nob","floor":8,"turns":5},{"damage":11,"enemies":"Looter","floor":10,"turns":2},{"damage":14,"enemies":"Lots of Slimes","floor":12,"turns":2},{"damage":18,"enemies":"Lagavulin","floor":13,"turns":5},{"damage":15,"enemies":"Exordium Thugs","floor":14,"turns":4},{"damage":65,"enemies":"Slime Boss","floor":16,"turns":16},{"damage":17,"enemies":"Shell Parasite","floor":18,"turns":8},{"damage":2,"enemies":"Chosen","floor":19,"turns":4},{"damage":106,"enemies":"Gremlin Leader","floor":25,"turns":14}],"seed_played":"-3327926547784268150","potions_obtained":[{"floor":0,"key":"Explosive Potion"},{"floor":0,"key":"FairyPotion"},{"floor":0,"key":"Explosive Potion"},{"floor":3,"key":"FearPotion"},{"floor":7,"key":"Block Potion"},{"floor":7,"key":"Regen Potion"},{"floor":8,"key":"Regen Potion"},{"floor":12,"key":"GamblersBrew"},{"floor":13,"key":"BloodPotion"}],"is_trial":false,"path_per_floor":["M","?","M","M","$","E","?","E","T","M","R","M","E","M","R","B",null,"M","M","?","?","?","R","$"],"character_chosen":"IRONCLAD","items_purchased":["Block Potion","Boot","Thunderclap","Thread and Needle","Rage","Shrug It Off"],"campfire_rested":1,"item_purchase_floors":[5,5,5,24,24,24],"current_hp_per_floor":[80,80,77,80,80,43,43,48,48,43,43,35,35,26,65,14,80,69,73,73,73,73,73,73,0],"gold":14,"neow_bonus":"THREE_SMALL_POTIONS","is_prod":false,"is_daily":false,"chose_seed":false,"campfire_upgraded":2,"win_rate":0,"timestamp":1539285778,"path_taken":["M","?","?","M","$","E","?","E","T","M","R","M","E","M","R","BOSS","M","M","?","?","?","R","$","E"],"build_version":"2018-10-04v2","purchased_purges":2,"victory":false,"max_hp_per_floor":[80,80,80,80,80,80,80,80,80,80,80,80,80,80,80,80,80,80,80,80,80,80,80,80,80],"card_choices":[{"not_picked":["Headbutt","Twin Strike"],"picked":"Iron Wave","floor":1},{"not_picked":["Pommel Strike","Rampage"],"picked":"Flex","floor":3},{"not_picked":["Anger","Sword Boomerang"],"picked":"Cleave","floor":4},{"not_picked":["Fire Breathing","True Grit"],"picked":"Body Slam","floor":6},{"not_picked":["Thunderclap","Sword Boomerang"],"picked":"Pommel Strike","floor":8},{"not_picked":["True Grit","Dual Wield"],"picked":"Clash","floor":10},{"not_picked":["Battle Trance","Thunderclap"],"picked":"Shrug It Off","floor":12},{"not_picked":["Second Wind","Metallicize"],"picked":"Flame Barrier","floor":13},{"not_picked":["Heavy Blade","Immolate"],"picked":"Metallicize","floor":14},{"not_picked":["Double Tap","Fiend Fire"],"picked":"Demon Form","floor":16},{"not_picked":["Pommel Strike","Blood for Blood"],"picked":"Iron Wave","floor":17},{"not_picked":["Warcry","Combust"],"picked":"Wild Strike","floor":17},{"not_picked":["Twin Strike","Havoc"],"picked":"Anger","floor":17},{"not_picked":["Feel No Pain","Havoc"],"picked":"Iron Wave","floor":17},{"not_picked":["Rampage","Twin Strike"],"picked":"Ghostly Armor","floor":17},{"not_picked":["Flex","Sever Soul"],"picked":"Shrug It Off+1","floor":18},{"not_picked":["Twin Strike","Rupture"],"picked":"Inflame","floor":19}],"player_experience":173085,"relics_obtained":[{"floor":6,"key":"Regal Pillow"},{"floor":8,"key":"Self Forming Clay"},{"floor":9,"key":"MawBank"},{"floor":13,"key":"Gambling Chip"}],"event_choices":[{"event_name":"Liars Game","player_choice":"agreed","floor":2,"damage_taken":0},{"event_name":"The Lab","player_choice":"Got Potions","floor":7,"damage_taken":0},{"event_name":"Wheel of Change","player_choice":"Curse","floor":20,"damage_taken":0},{"event_name":"Nest","player_choice":"Stole From Cult","floor":21,"damage_taken":0},{"event_name":"N\u0027loth","player_choice":"Traded a Orrery","floor":22,"damage_taken":0}],"is_beta":false,"boss_relics":[{"not_picked":["White Beast Statue","Coffee Dripper"],"picked":"Orrery"}],"items_purged_floors":[5,24],"is_endless":false,"potions_floor_spawned":[3,8,12,13,14],"killed_by":"Gremlin Leader","ascension_level":2}