{"gold_per_floor":[116,133,146,146,2,2,33,48,73,73,107,122,197,211,211,312,312,329,47,60,73,73,105,123,143,217,217,117,151,26,38,38,139,139,151,170,170,102,113,113,125,151,151,1,1,18,18,18,18,18],"floor_reached":50,"playtime":3154,"items_purged":["Strike_R","Writhe","Bash+1","Parasite"],"score":574,"play_id":"bec9d96d-999b-4863-804b-3a259e1c28ba","local_time":"20181118140208","is_ascension_mode":false,"campfire_choices":[{"data":"Infernal Blade","floor":6.0,"key":"SMITH"},{"data":"Inflame","floor":15.0,"key":"SMITH"},{"floor":32.0,"key":"REST"},{"data":"Offering","floor":40,"key":"SMITH"},{"data":"Demon Form","floor":49,"key":"SMITH"}],"neow_cost":"TEN_PERCENT_HP_LOSS","seed_source_timestamp":0,"circlet_count":0,"master_deck":["Strike_R","Strike_R","Strike_R","Strike_R","Defend_R","Defend_R+1","Defend_R+1","Defend_R","Impatience","Trip+1","Infernal Blade+1","Pommel Strike","Battle Trance","Inflame+1","Rage","Pommel Strike","Demon Form+1","Sword Boomerang","Prepared","Twin Strike","Dagger Spray+1","Heavy Blade+1","Caltrops+1","Good Instincts","Offering+1","Good Instincts+1","Ghostly Armor","Warcry+1","Deflect+1","Decay","Leg Sweep+1"],"special_seed":0,"relics":["Burning Blood","Bronze Scales","War Paint","Ancient Tea Set","Centennial Puzzle","Philosopher\u0027s Stone","PrismaticShard","Molten Egg 2","Shuriken","Potion Belt","Bag of Marbles","Busted Crown","Bottled Flame","Sundial","Matryoshka"],"potions_floor_usage":[36,39,42],"damage_taken":[{"damage":5.0,"enemies":"2 Louse","floor":1.0,"turns":2.0},{"damage":11.0,"enemies":"Jaw Worm","floor":2.0,"turns":2.0},{"damage":1.0,"enemies":"Cultist","floor":3.0,"turns":3.0},{"damage":22.0,"enemies":"Lagavulin","floor":7.0,"turns":6.0},{"damage":0.0,"enemies":"Exordium Thugs","floor":8.0,"turns":3.0},{"damage":25.0,"enemies":"3 Sentries","floor":11.0,"turns":5.0},{"damage":10.0,"enemies":"Lots of Slimes","floor":12.0,"turns":2.0},{"damage":0.0,"enemies":"2 Fungi Beasts","floor":14.0,"turns":2.0},{"damage":4.0,"enemies":"Hexaghost","floor":16.0,"turns":6.0},{"damage":11.0,"enemies":"Spheric Guardian","floor":18.0,"turns":3.0},{"damage":3.0,"enemies":"Shell Parasite","floor":20.0,"turns":3.0},{"damage":10.0,"enemies":"Snake Plant","floor":21.0,"turns":2.0},{"damage":0.0,"enemies":"Gremlin Leader","floor":23.0,"turns":5.0},{"damage":9.0,"enemies":"Chosen and Byrds","floor":24.0,"turns":3.0},{"damage":6.0,"enemies":"Cultist and Chosen","floor":25.0,"turns":4.0},{"damage":35.0,"enemies":"Slavers","floor":29.0,"turns":3.0},{"damage":11.0,"enemies":"Centurion and Healer","floor":31.0,"turns":3.0},{"damage":22.0,"enemies":"Champ","floor":33.0,"turns":6.0},{"damage":34,"enemies":"3 Shapes","floor":35,"turns":3},{"damage":16,"enemies":"3 Darklings","floor":36,"turns":3},{"damage":22,"enemies":"Transient","floor":39,"turns":5},{"damage":6,"enemies":"Writhing Mass","floor":41,"turns":4},{"damage":34,"enemies":"Nemesis","floor":42,"turns":5},{"damage":5,"enemies":"4 Shapes","floor":46,"turns":4},{"damage":62,"enemies":"Awakened One","floor":50,"turns":3}],"seed_played":"-7509835471033635331","potions_obtained":[{"floor":3.0,"key":"Dexterity Potion"},{"floor":7.0,"key":"EntropicBrew"},{"floor":8.0,"key":"Regen Potion"},{"floor":14.0,"key":"Poison Potion"},{"floor":16.0,"key":"Regen Potion"},{"floor":23.0,"key":"Poison Potion"},{"floor":25.0,"key":"Energy Potion"},{"floor":29.0,"key":"EssenceOfSteel"},{"floor":31.0,"key":"SteroidPotion"},{"floor":35,"key":"Regen Potion"}],"is_trial":false,"path_per_floor":["M","M","M","?","$","R","E","M","T","?","E","M","?","M","R","B",null,"M","$","M","M","?","E","M","M","T","?","$","E","$","M","R","B",null,"M","M","?","$","M","R","M","E","T","$","?","M","?","T","R","B"],"character_chosen":"IRONCLAD","items_purchased":["Bronze Scales","PrismaticShard","Ghostly Armor"],"campfire_rested":1,"item_purchase_floors":[5,19,38],"current_hp_per_floor":[72,67,72,72,72,72,56,62,62,48,43,39,32,38,38,40,72,67,67,70,66,66,72,69,69,69,69,69,40,40,35,56,40,72,44,46,46,46,45,45,45,17,17,17,17,18,60,60,60,0],"gold":18,"neow_bonus":"RANDOM_COLORLESS_2","is_prod":false,"is_daily":false,"chose_seed":false,"campfire_upgraded":4,"win_rate":0.0,"timestamp":1542567728,"path_taken":["M","M","M","?","$","R","E","M","T","?","E","M","?","M","R","BOSS","M","$","M","?","?","E","?","M","T","?","$","E","$","M","R","BOSS","M","M","?","$","M","R","M","E","T","$","?","?","?","?","R","BOSS"],"build_version":"2018-11-15","purchased_purges":4,"victory":false,"max_hp_per_floor":[72,72,72,72,72,72,72,72,72,72,72,72,72,72,72,72,72,72,72,72,72,72,72,72,72,72,72,72,72,72,72,72,72,72,72,72,72,72,72,72,72,72,72,69,69,69,60,60,60,60],"card_choices":[{"not_picked":["Burning Pact","Clash"],"picked":"Infernal Blade","floor":1.0},{"not_picked":["Twin Strike","Anger"],"picked":"Pommel Strike","floor":2.0},{"not_picked":["Pummel","Clash","Intimidate"],"picked":"SKIP","floor":3.0},{"not_picked":["Warcry","Juggernaut"],"picked":"Battle Trance","floor":7.0},{"not_picked":["Pommel Strike","Twin Strike"],"picked":"Inflame","floor":8.0},{"not_picked":["True Grit","Pommel Strike"],"picked":"Rage","floor":11.0},{"not_picked":["Burning Pact","Rage","Clash"],"picked":"SKIP","floor":12.0},{"not_picked":["Thunderclap","Sword Boomerang"],"picked":"Pommel Strike","floor":14.0},{"not_picked":["Double Tap","Impervious"],"picked":"Demon Form","floor":16.0},{"not_picked":["Cleave","Clothesline"],"picked":"Sword Boomerang","floor":18.0},{"not_picked":["Redo","True Grit"],"picked":"Prepared","floor":20.0},{"not_picked":["Distraction","Headbutt+1","Underhanded Strike"],"picked":"SKIP","floor":21.0},{"not_picked":["Blind+1","Impervious"],"picked":"Dagger Spray+1","floor":23.0},{"not_picked":["Leap+1","Loop"],"picked":"Heavy Blade+1","floor":24.0},{"not_picked":["Sever Soul+1","Forethought+1","Whirlwind+1"],"picked":"SKIP","floor":25.0},{"not_picked":["Evolve","Headbutt+1"],"picked":"Caltrops+1","floor":29.0},{"not_picked":["Turbo+1","Perfected Strike+1"],"picked":"Good Instincts","floor":31.0},{"not_picked":["Burst","Limit Break"],"picked":"Offering","floor":33.0},{"not_picked":["Genetic Algorithm+1"],"picked":"SKIP","floor":35},{"not_picked":[],"picked":"Good Instincts+1","floor":36},{"not_picked":["Chill+1"],"picked":"SKIP","floor":39},{"not_picked":[],"picked":"Warcry+1","floor":41},{"not_picked":[],"picked":"Deflect+1","floor":42},{"not_picked":[],"picked":"Leg Sweep+1","floor":46}],"player_experience":1669,"relics_obtained":[{"floor":7.0,"key":"War Paint"},{"floor":9.0,"key":"Ancient Tea Set"},{"floor":11.0,"key":"Centennial Puzzle"},{"floor":23.0,"key":"Molten Egg 2"},{"floor":26.0,"key":"Shuriken"},{"floor":29.0,"key":"Bag of Marbles"},{"floor":42,"key":"Bottled Flame"},{"floor":43,"key":"Sundial"},{"floor":48,"key":"Matryoshka"}],"event_choices":[{"damage_healed":0.0,"max_hp_gain":0.0,"max_hp_loss":0.0,"gold_gain":0.0,"event_name":"The Cleric","player_choice":"Leave","floor":4.0,"gold_loss":0.0,"damage_taken":0.0},{"damage_healed":0.0,"max_hp_gain":0.0,"max_hp_loss":0.0,"gold_gain":0.0,"event_name":"Shining Light","player_choice":"Entered Light","floor":10.0,"gold_loss":0.0,"damage_taken":14.0,"cards_upgraded":["Trip","Bash"]},{"damage_healed":0.0,"max_hp_gain":0.0,"max_hp_loss":0.0,"gold_gain":75.0,"event_name":"FaceTrader","player_choice":"Touch","floor":13.0,"gold_loss":0.0,"damage_taken":7.0},{"damage_healed":0.0,"max_hp_gain":0.0,"max_hp_loss":0.0,"gold_gain":0.0,"event_name":"Match and Keep!","player_choice":"1 cards matched","floor":22.0,"gold_loss":0.0,"damage_taken":0.0,"cards_obtained":["Twin Strike"]},{"damage_healed":0.0,"max_hp_gain":0.0,"max_hp_loss":0.0,"gold_gain":0.0,"event_name":"The Mausoleum","player_choice":"Opened","floor":27.0,"gold_loss":0.0,"damage_taken":0.0,"relics_obtained":["Potion Belt"],"cards_obtained":["Writhe"]},{"damage_healed":0,"gold_gain":0,"player_choice":"Ignored","damage_taken":0,"max_hp_gain":0,"max_hp_loss":0,"event_name":"Tomb of Lord Red Mask","floor":37,"gold_loss":0},{"damage_healed":0,"gold_gain":0,"player_choice":"Cursed","damage_taken":0,"max_hp_gain":0,"max_hp_loss":0,"event_name":"Wheel of Change","floor":45,"gold_loss":0,"cards_obtained":["Decay"]},{"damage_healed":60,"gold_gain":0,"player_choice":"Heal","damage_taken":0,"max_hp_gain":0,"max_hp_loss":9,"event_name":"The Moai Head","floor":47,"gold_loss":0}],"is_beta":false,"boss_relics":[{"not_picked":["Snecko Eye","Calling Bell"],"picked":"Philosopher\u0027s Stone"},{"not_picked":["Astrolabe","Coffee Dripper"],"picked":"Busted Crown"}],"items_purged_floors":[19,28,30,44],"is_endless":false,"potions_floor_spawned":[3,7,8,14,16,23,25,29,31,35],"killed_by":"Awakened One","ascension_level":0}