{"gold_per_floor":[211,211,224,236,236,236,276,295,319,319,337,358,376,410,410,508,508,523,543,543,558,16,16,80,93,93,116,116,141,41,41,41,137,137,150,150,169,184,203,203,328,349,375,375,413,413,447,462,462,462],"floor_reached":50,"playtime":4629,"items_purged":["Strike_G","Strike_G"],"score":1106,"play_id":"488b639e-d41e-44c7-9f74-de80e7357eb6","local_time":"20190505195620","is_ascension_mode":true,"campfire_choices":[{"data":"Dagger Spray","floor":6,"key":"SMITH"},{"data":"Dash","floor":10,"key":"SMITH"},{"floor":15,"key":"REST"},{"floor":23,"key":"REST"},{"data":"Well Laid Plans","floor":28,"key":"SMITH"},{"data":"After Image","floor":32,"key":"SMITH"},{"floor":40,"key":"RECALL"},{"data":"Neutralize","floor":44,"key":"SMITH"},{"data":"Footwork","floor":49,"key":"SMITH"}],"neow_cost":"NONE","seed_source_timestamp":567884631740800,"circlet_count":0,"master_deck":["AscendersBane","Defend_G","Defend_G","Defend_G","Defend_G+1","Defend_G+1","Strike_G","Strike_G","Strike_G+1","Survivor","Neutralize+1","Quick Slash","Dagger Spray+1","Escape Plan","Noxious Fumes","Dash+1","Footwork+1","Glass Knife","Footwork+1","PiercingWail","After Image+1","Backflip","Dagger Throw","Dodge and Roll+1","Poisoned Stab","PiercingWail","Sucker Punch","Well Laid Plans+1","Caltrops","Dodge and Roll","Noxious Fumes","Corpse Explosion","Deflect+1","Neutralize+1","Crippling Poison","PiercingWail+1","Calculated Gamble+1"],"relics":["Ring of the Serpent","Golden Idol","War Paint","Centennial Puzzle","Odd Mushroom","Eternal Feather","Mummified Hand","Tiny Chest","Anchor","Bird Faced Urn","Snake Skull","Turnip","Bottled Lightning","Smiling Mask"],"potions_floor_usage":[7,7,14,16,16,21,24,45,50,50],"damage_taken":[{"damage":4,"enemies":"Small Slimes","floor":1,"turns":6},{"damage":1,"enemies":"Jaw Worm","floor":3,"turns":4},{"damage":0,"enemies":"Cultist","floor":4,"turns":3},{"damage":7,"enemies":"Lagavulin","floor":7,"turns":3},{"damage":0,"enemies":"2 Fungi Beasts","floor":8,"turns":3},{"damage":6,"enemies":"Red Slaver","floor":11,"turns":4},{"damage":0,"enemies":"Blue Slaver","floor":12,"turns":4},{"damage":4,"enemies":"Exordium Wildlife","floor":13,"turns":3},{"damage":0,"enemies":"The Mushroom Lair","floor":14,"turns":3},{"damage":27,"enemies":"Slime Boss","floor":16,"turns":9},{"damage":7,"enemies":"Chosen","floor":18,"turns":9},{"damage":19,"enemies":"Shell Parasite","floor":19,"turns":8},{"damage":9,"enemies":"Snake Plant","floor":21,"turns":6},{"damage":26,"enemies":"Book of Stabbing","floor":24,"turns":9},{"damage":0,"enemies":"Snecko","floor":25,"turns":7},{"damage":4,"enemies":"Centurion and Healer","floor":27,"turns":9},{"damage":0,"enemies":"Snake Plant","floor":29,"turns":6},{"damage":39,"enemies":"Automaton","floor":33,"turns":13},{"damage":3,"enemies":"Orb Walker","floor":35,"turns":6},{"damage":1,"enemies":"3 Darklings","floor":37,"turns":4},{"damage":0,"enemies":"Sphere and 2 Shapes","floor":38,"turns":7},{"damage":0,"enemies":"4 Shapes","floor":39,"turns":4},{"damage":0,"enemies":"Mind Bloom Boss Battle","floor":41,"turns":10},{"damage":6,"enemies":"Jaw Worm Horde","floor":42,"turns":3},{"damage":49,"enemies":"Giant Head","floor":45,"turns":12},{"damage":7,"enemies":"Nemesis","floor":47,"turns":11},{"damage":6,"enemies":"Spire Growth","floor":48,"turns":8},{"damage":72,"enemies":"Awakened One","floor":50,"turns":27}],"seed_played":"1564698130922458728","potions_obtained":[{"floor":1,"key":"Strength Potion"},{"floor":3,"key":"FearPotion"},{"floor":7,"key":"SkillPotion"},{"floor":13,"key":"Fire Potion"},{"floor":14,"key":"Dexterity Potion"},{"floor":19,"key":"Poison Potion"},{"floor":24,"key":"GhostInAJar"},{"floor":25,"key":"SteroidPotion"},{"floor":45,"key":"Fruit Juice"},{"floor":47,"key":"Poison Potion"}],"is_trial":false,"path_per_floor":["M","?","M","M","?","R","E","M","T","R","M","M","M","?","R","B",null,"M","M","?","M","$","R","E","M","T","M","R","M","$","T","R","B",null,"M","?","M","M","M","R","?","M","T","R","E","T","E","M","R","B"],"character_chosen":"THE_SILENT","items_purchased":["Mummified Hand","Poisoned Stab","PiercingWail","SkillPotion","Sucker Punch"],"campfire_rested":2,"item_purchase_floors":[22,22,22,22,22],"current_hp_per_floor":[55,35,34,34,34,34,27,27,27,27,21,21,17,17,35,8,47,40,21,21,12,12,45,19,19,19,15,33,33,33,33,51,12,48,45,45,44,44,44,60,60,58,58,60,16,16,23,31,52,0],"gold":462,"neow_bonus":"HUNDRED_GOLD","is_prod":false,"is_daily":false,"chose_seed":false,"campfire_upgraded":6,"win_rate":0,"timestamp":1557053780,"path_taken":["M","?","M","M","?","R","E","M","T","R","M","M","M","?","R","BOSS","M","M","?","M","$","R","E","M","T","M","R","M","$","?","R","BOSS","M","?","?","M","M","R","?","M","T","R","E","?","E","M","R","BOSS"],"build_version":"2019-01-23","purchased_purges":2,"victory":false,"max_hp_per_floor":[66,66,66,66,60,60,60,60,60,60,60,60,60,60,60,60,60,60,60,60,60,60,60,60,60,60,60,60,60,60,60,60,60,60,60,60,60,60,60,60,60,60,60,60,65,65,65,65,65,65],"card_choices":[{"not_picked":["Concentrate","Reflex"],"picked":"Quick Slash","floor":1},{"not_picked":["Dagger Throw","Deflect"],"picked":"Dagger Spray","floor":3},{"not_picked":["Riddle With Holes","Dodge and Roll"],"picked":"Escape Plan","floor":4},{"not_picked":["Masterful Stab","Deadly Poison"],"picked":"Noxious Fumes","floor":7},{"not_picked":["Caltrops","Acrobatics"],"picked":"Dash","floor":8},{"not_picked":["Underhanded Strike","Flying Knee"],"picked":"Footwork","floor":11},{"not_picked":["Bane","All Out Attack"],"picked":"Glass Knife","floor":12},{"not_picked":["Bane","Finisher"],"picked":"Footwork","floor":13},{"not_picked":["Acrobatics","Distraction"],"picked":"PiercingWail","floor":14},{"not_picked":["Corpse Explosion","Envenom"],"picked":"After Image","floor":16},{"not_picked":["Poisoned Stab+1","Quick Slash"],"picked":"Backflip","floor":18},{"not_picked":["Acrobatics+1","Prepared"],"picked":"Dagger Throw","floor":19},{"not_picked":["Underhanded Strike","Outmaneuver"],"picked":"Dodge and Roll+1","floor":21},{"not_picked":["Dagger Spray","PiercingWail"],"picked":"Well Laid Plans","floor":24},{"not_picked":["Poisoned Stab","Catalyst"],"picked":"Caltrops","floor":25},{"not_picked":["Bane","Calculated Gamble"],"picked":"Dodge and Roll","floor":27},{"not_picked":["Caltrops","Quick Slash+1"],"picked":"Noxious Fumes","floor":29},{"not_picked":["Doppelganger","Burst"],"picked":"Corpse Explosion","floor":33},{"not_picked":["Deadly Poison","Dagger Spray"],"picked":"Deflect+1","floor":35},{"not_picked":["Backflip","Acrobatics"],"picked":"Crippling Poison","floor":37},{"not_picked":["Skewer","Expertise+1"],"picked":"PiercingWail+1","floor":38},{"not_picked":["Quick Slash","Deadly Poison","Bouncing Flask"],"picked":"SKIP","floor":39},{"not_picked":["Endless Agony","Dagger Throw","Choke+1"],"picked":"SKIP","floor":42},{"not_picked":["Acrobatics","Eviscerate","Tactician"],"picked":"SKIP","floor":45},{"not_picked":["Well Laid Plans+1","Phantasmal Killer","Dagger Throw+1"],"picked":"SKIP","floor":47},{"not_picked":["Dodge and Roll","Underhanded Strike"],"picked":"Calculated Gamble+1","floor":48}],"player_experience":1234814,"relics_obtained":[{"floor":7,"key":"War Paint"},{"floor":9,"key":"Centennial Puzzle"},{"floor":14,"key":"Odd Mushroom"},{"floor":24,"key":"Tiny Chest"},{"floor":26,"key":"Anchor"},{"floor":41,"key":"Bird Faced Urn"},{"floor":43,"key":"Snake Skull"},{"floor":45,"key":"Turnip"},{"floor":46,"key":"Bottled Lightning"},{"floor":47,"key":"Smiling Mask"}],"event_choices":[{"damage_healed":0,"gold_gain":0,"player_choice":"Entered Light","damage_taken":20,"max_hp_gain":0,"max_hp_loss":0,"event_name":"Shining Light","floor":2,"gold_loss":0,"cards_upgraded":["Neutralize","Strike_G"]},{"damage_healed":0,"gold_gain":0,"player_choice":"Lose Max HP","damage_taken":0,"relics_obtained":["Golden Idol"],"max_hp_gain":0,"max_hp_loss":6,"event_name":"Golden Idol","floor":5,"gold_loss":0},{"damage_healed":0,"gold_gain":0,"player_choice":"Fought Mushrooms","damage_taken":0,"max_hp_gain":0,"max_hp_loss":0,"event_name":"Mushrooms","floor":14,"gold_loss":0},{"damage_healed":0,"gold_gain":0,"player_choice":"Upgraded","damage_taken":0,"max_hp_gain":0,"max_hp_loss":0,"event_name":"Upgrade Shrine","floor":20,"gold_loss":0,"cards_upgraded":["Footwork"]},{"damage_healed":0,"gold_gain":0,"player_choice":"1 cards matched","damage_taken":0,"max_hp_gain":0,"max_hp_loss":0,"event_name":"Match and Keep!","floor":36,"gold_loss":0,"cards_obtained":["Neutralize"]},{"damage_healed":0,"gold_gain":0,"player_choice":"Fight","damage_taken":0,"max_hp_gain":0,"max_hp_loss":0,"event_name":"MindBloom","floor":41,"gold_loss":0}],"is_beta":false,"boss_relics":[{"not_picked":["Velvet Choker","WristBlade"],"picked":"Eternal Feather"},{"not_picked":["Black Star","Tiny House"],"picked":"Ring of the Serpent"}],"items_purged_floors":[22,30],"is_endless":false,"potions_floor_spawned":[1,3,7,13,14,19,24,25,33,37,42,45,47],"killed_by":"Awakened One","ascension_level":20}