{"gold_per_floor":[110,110,131,144,49,49,83,103,103,116,116,141,157,187,187,277,277,300,316,316,329,329,329,365,381,406,406,351,375,66,90,90,90],"floor_reached":33,"playtime":1764,"items_purged":["Searing Blow"],"score":542,"play_id":"1a288e53-21a9-4b19-9d5f-1772f2ec1f62","local_time":"20190421231323","is_ascension_mode":true,"campfire_choices":[{"data":"Bash","floor":6,"key":"SMITH"},{"data":"Whirlwind","floor":11,"key":"SMITH"},{"data":"Carnage","floor":15,"key":"SMITH"},{"floor":23,"key":"REST"},{"floor":27,"key":"REST"},{"floor":32,"key":"REST"}],"neow_cost":"TEN_PERCENT_HP_LOSS","seed_source_timestamp":225410041352588,"circlet_count":0,"master_deck":["AscendersBane","Strike_R","Strike_R","Defend_R","Defend_R","Defend_R","Defend_R+1","Bash+1","Thunderclap","Shrug It Off+1","Anger","Carnage+1","Shrug It Off","True Grit","Whirlwind+1","Shrug It Off","Reaper","Corruption","Bloodletting","Pummel","Shockwave","Pommel Strike","Feel No Pain","Double Tap","Inflame","Pummel","Armaments+1"],"relics":["Burning Blood","Golden Idol","Bag of Preparation","Lantern","Odd Mushroom","Fusion Hammer","Pantograph","War Paint","Tiny Chest"],"potions_floor_usage":[7,8,21,24,31],"damage_taken":[{"damage":12,"enemies":"Jaw Worm","floor":1,"turns":3},{"damage":1,"enemies":"2 Louse","floor":3,"turns":4},{"damage":1,"enemies":"Cultist","floor":4,"turns":4},{"damage":38,"enemies":"Lagavulin","floor":7,"turns":7},{"damage":6,"enemies":"Lots of Slimes","floor":8,"turns":2},{"damage":0,"enemies":"2 Fungi Beasts","floor":10,"turns":3},{"damage":0,"enemies":"Blue Slaver","floor":12,"turns":1},{"damage":0,"enemies":"Looter","floor":13,"turns":2},{"damage":8,"enemies":"The Mushroom Lair","floor":14,"turns":4},{"damage":16,"enemies":"Slime Boss","floor":16,"turns":8},{"damage":13,"enemies":"Shell Parasite","floor":18,"turns":5},{"damage":20,"enemies":"Spheric Guardian","floor":19,"turns":4},{"damage":22,"enemies":"Shelled Parasite and Fungi","floor":21,"turns":5},{"damage":51,"enemies":"Slavers","floor":24,"turns":4},{"damage":0,"enemies":"Centurion and Healer","floor":25,"turns":7},{"damage":40,"enemies":"Snake Plant","floor":29,"turns":6},{"damage":14,"enemies":"Snecko","floor":31,"turns":5},{"damage":77,"enemies":"Automaton","floor":33,"turns":6}],"seed_played":"-8383345742877102198","potions_obtained":[{"floor":3,"key":"Block Potion"},{"floor":7,"key":"Explosive Potion"},{"floor":8,"key":"Weak Potion"},{"floor":14,"key":"Weak Potion"},{"floor":18,"key":"Dexterity Potion"},{"floor":21,"key":"Poison Potion"},{"floor":29,"key":"BloodPotion"},{"floor":31,"key":"SteroidPotion"}],"is_trial":false,"path_per_floor":["M","?","M","M","$","R","E","M","T","M","R","M","M","?","R","B",null,"M","M","?","M","?","R","E","M","T","R","?","M","$","M","R","B"],"character_chosen":"IRONCLAD","items_purchased":["Carnage","Shrug It Off","Double Tap","Inflame","Pummel"],"campfire_rested":3,"item_purchase_floors":[5,5,30,30,30],"current_hp_per_floor":[62,62,62,62,62,62,30,30,30,36,36,42,48,46,46,36,56,49,35,35,25,25,43,12,24,24,42,42,8,8,12,30,0],"gold":90,"neow_bonus":"TRANSFORM_TWO_CARDS","is_prod":false,"is_daily":false,"chose_seed":false,"campfire_upgraded":3,"win_rate":0,"timestamp":1555856003,"path_taken":["M","?","M","M","$","R","E","M","T","M","R","M","M","?","R","BOSS","M","M","?","M","?","R","E","?","T","R","?","M","?","M","R","BOSS"],"build_version":"2019-01-23","purchased_purges":1,"victory":false,"max_hp_per_floor":[68,62,62,62,62,62,62,62,62,62,62,62,62,62,62,62,62,62,62,62,62,62,62,62,62,62,62,62,62,62,62,62,62],"card_choices":[{"not_picked":["Bloodletting","Thunderclap"],"picked":"Shrug It Off","floor":1},{"not_picked":["Thunderclap","Body Slam"],"picked":"Anger","floor":3},{"not_picked":["Sword Boomerang","Perfected Strike","Thunderclap"],"picked":"SKIP","floor":4},{"not_picked":["Dropkick","Sword Boomerang","Anger"],"picked":"SKIP","floor":7},{"not_picked":["Reckless Charge","Thunderclap"],"picked":"True Grit","floor":8},{"not_picked":["Perfected Strike","Rupture"],"picked":"Whirlwind","floor":10},{"not_picked":["Ghostly Armor","Carnage","Armaments"],"picked":"SKIP","floor":12},{"not_picked":["Juggernaut","Entrench"],"picked":"Shrug It Off","floor":13},{"not_picked":["Juggernaut","Impervious"],"picked":"Reaper","floor":16},{"not_picked":["Twin Strike","Uppercut"],"picked":"Corruption","floor":18},{"not_picked":["Anger","Burning Pact"],"picked":"Bloodletting","floor":19},{"not_picked":["Havoc","Cleave"],"picked":"Pommel Strike","floor":24},{"not_picked":["Clash","Flex","Armaments"],"picked":"SKIP","floor":25},{"not_picked":["Flex","Shockwave"],"picked":"Feel No Pain","floor":29},{"not_picked":["Double Tap","Clash"],"picked":"Armaments+1","floor":31}],"player_experience":1030134,"relics_obtained":[{"floor":7,"key":"Bag of Preparation"},{"floor":9,"key":"Lantern"},{"floor":14,"key":"Odd Mushroom"},{"floor":24,"key":"Pantograph"},{"floor":26,"key":"War Paint"}],"event_choices":[{"damage_healed":0,"gold_gain":0,"player_choice":"Lose Max HP","damage_taken":0,"relics_obtained":["Golden Idol"],"max_hp_gain":0,"max_hp_loss":6,"event_name":"Golden Idol","floor":2,"gold_loss":0},{"damage_healed":0,"gold_gain":0,"player_choice":"Fought Mushrooms","damage_taken":0,"max_hp_gain":0,"max_hp_loss":0,"event_name":"Mushrooms","floor":14,"gold_loss":0},{"damage_healed":0,"gold_gain":0,"cards_transformed":["Strike_R","Perfected Strike"],"player_choice":"Became Test Subject","damage_taken":0,"max_hp_gain":0,"max_hp_loss":0,"event_name":"Drug Dealer","floor":20,"gold_loss":0,"cards_obtained":["Searing Blow","Pummel"]},{"damage_healed":0,"gold_gain":0,"player_choice":"Read","damage_taken":0,"max_hp_gain":0,"max_hp_loss":0,"event_name":"The Library","floor":22,"gold_loss":0,"cards_obtained":["Shockwave"]},{"damage_healed":0,"gold_gain":0,"player_choice":"Obtained Relic","damage_taken":0,"relics_obtained":["Tiny Chest"],"max_hp_gain":0,"max_hp_loss":0,"event_name":"Addict","floor":28,"gold_loss":85}],"is_beta":false,"boss_relics":[{"not_picked":["Empty Cage","Runic Dome"],"picked":"Fusion Hammer"}],"items_purged_floors":[30],"is_endless":false,"potions_floor_spawned":[3,7,8,14,18,21,29,31],"killed_by":"Automaton","ascension_level":20}