{"gold_per_floor":[114,129,53,71,91,121,121,150,150,167,184,184,184,12,12,12],"floor_reached":16,"playtime":637,"items_purged":["Strike_B"],"score":224,"play_id":"26d646c5-293f-4331-9e96-2719c3493211","local_time":"20190503210048","is_ascension_mode":true,"campfire_choices":[{"data":"Zap","floor":7,"key":"SMITH"},{"data":"Conserve Battery","floor":13,"key":"SMITH"},{"data":"Glacier","floor":15,"key":"SMITH"}],"neow_cost":"NONE","seed_source_timestamp":402960346503200,"circlet_count":0,"master_deck":["AscendersBane","Strike_B","Strike_B","Strike_B","Defend_B","Defend_B","Defend_B","Defend_B","Zap+1","Dualcast","Cold Snap","Sweeping Beam","Conserve Battery+1","Ball Lightning","Cold Snap","BootSequence","Compile Driver","Doom and Gloom","Glacier+1"],"relics":["Cracked Core","Pen Nib","Bag of Preparation","Letter Opener"],"potions_floor_usage":[6,6,16,16],"damage_taken":[{"damage":2,"enemies":"Cultist","floor":1,"turns":4},{"damage":0,"enemies":"2 Louse","floor":2,"turns":3},{"damage":0,"enemies":"Jaw Worm","floor":4,"turns":3},{"damage":6,"enemies":"Large Slime","floor":5,"turns":6},{"damage":23,"enemies":"Gremlin Nob","floor":6,"turns":5},{"damage":32,"enemies":"Lagavulin","floor":8,"turns":7},{"damage":1,"enemies":"Blue Slaver","floor":10,"turns":3},{"damage":0,"enemies":"Exordium Wildlife","floor":11,"turns":2},{"damage":19,"enemies":"Hexaghost","floor":16,"turns":9}],"seed_played":"-2602903462133054912","potions_obtained":[{"floor":0,"key":"Dexterity Potion"},{"floor":0,"key":"Swift Potion"},{"floor":2,"key":"Weak Potion"},{"floor":4,"key":"Regen Potion"},{"floor":10,"key":"Swift Potion"}],"is_trial":false,"path_per_floor":["M","M","$","M","M","E","R","E","T","M","M","?","R","$","R","B"],"character_chosen":"DEFECT","items_purchased":["Conserve Battery","Ball Lightning","Glacier","Block Potion"],"campfire_rested":0,"item_purchase_floors":[3,3,14,14],"current_hp_per_floor":[62,62,62,62,56,47,47,15,15,14,14,14,14,14,14,0],"gold":12,"neow_bonus":"THREE_SMALL_POTIONS","is_prod":false,"is_daily":false,"chose_seed":false,"campfire_upgraded":3,"win_rate":0,"timestamp":1556884848,"path_taken":["M","M","$","M","M","E","R","E","T","M","?","?","R","?","R","BOSS"],"build_version":"2019-01-23","purchased_purges":1,"victory":false,"max_hp_per_floor":[71,71,71,71,71,71,71,71,71,71,71,71,71,71,71,71],"card_choices":[{"not_picked":["Steam Power","Storm"],"picked":"Cold Snap","floor":1},{"not_picked":["Rip and Tear","Streamline"],"picked":"Sweeping Beam","floor":2},{"not_picked":["Coolheaded","Chaos"],"picked":"Cold Snap","floor":4},{"not_picked":["Beam Cell","Barrage"],"picked":"BootSequence","floor":5},{"not_picked":["Blizzard","Compile Driver","Steam"],"picked":"SKIP","floor":6},{"not_picked":["Blizzard","Steam"],"picked":"Compile Driver","floor":6},{"not_picked":["Conserve Battery","Ball Lightning"],"picked":"Doom and Gloom","floor":8},{"not_picked":["Gash","Streamline","Beam Cell"],"picked":"SKIP","floor":10},{"not_picked":["Sunder","Beam Cell","Coolheaded"],"picked":"SKIP","floor":11}],"player_experience":1204965,"relics_obtained":[{"floor":6,"key":"Pen Nib"},{"floor":8,"key":"Bag of Preparation"},{"floor":9,"key":"Letter Opener"}],"event_choices":[{"damage_healed":0,"gold_gain":0,"player_choice":"0 cards matched","damage_taken":0,"max_hp_gain":0,"max_hp_loss":0,"event_name":"Match and Keep!","floor":12,"gold_loss":0,"cards_obtained":[]}],"is_beta":false,"boss_relics":[],"items_purged_floors":[14],"is_endless":false,"potions_floor_spawned":[2,4,10],"killed_by":"Hexaghost","ascension_level":20}