{"gold_per_floor":[19,19,31,31,45,45,72,86,86,86,97,131,150,167,167,267,267,282,4,18,28,28,28,40,140,140,140,140,153,153,4,4,4],"floor_reached":33,"playtime":2108,"items_purged":["Doubt"],"score":284,"play_id":"ad881b34-535f-4cd8-8b24-a8956522971b","local_time":"20190419183839","is_ascension_mode":false,"campfire_choices":[{"data":"Zap","floor":6,"key":"SMITH"},{"data":"Hologram","floor":10,"key":"SMITH"},{"data":"Redo","floor":15,"key":"SMITH"},{"data":"Biased Cognition","floor":23,"key":"SMITH"},{"data":"Loop","floor":27,"key":"SMITH"},{"data":"Hologram","floor":30,"key":"SMITH"},{"floor":32,"key":"REST"}],"neow_cost":"NO_GOLD","seed_source_timestamp":31890601758424,"circlet_count":0,"master_deck":["Strike_B","Strike_B","Defend_B","Defend_B","Defend_B","Defend_B","Zap+1","Dualcast","Sunder","Auto Shields","Cold Snap","Hologram+1","Redo+1","Self Repair","Hologram+1","Go for the Eyes","Glacier","Biased Cognition+1","Decay","Decay","Skim+1","Coolheaded","Glacier","Loop+1","Coolheaded+1","Defragment","Gash","Turbo"],"relics":["Cracked Core","Orichalcum","Happy Flower","Darkstone Periapt","Calling Bell","Vajra","Letter Opener","WingedGreaves","ClockworkSouvenir","Shovel","Dodecahedron","Bottled Flame","MutagenicStrength"],"potions_floor_usage":[12,16,25,33,33],"damage_taken":[{"damage":0,"enemies":"Cultist","floor":1,"turns":4},{"damage":0,"enemies":"Jaw Worm","floor":3,"turns":4},{"damage":0,"enemies":"2 Louse","floor":5,"turns":2},{"damage":28,"enemies":"Gremlin Nob","floor":7,"turns":4},{"damage":8,"enemies":"Large Slime","floor":8,"turns":4},{"damage":1,"enemies":"Red Slaver","floor":11,"turns":4},{"damage":4,"enemies":"3 Sentries","floor":12,"turns":5},{"damage":2,"enemies":"Blue Slaver","floor":13,"turns":3},{"damage":11,"enemies":"Exordium Wildlife","floor":14,"turns":5},{"damage":16,"enemies":"The Guardian","floor":16,"turns":17},{"damage":0,"enemies":"Spheric Guardian","floor":18,"turns":4},{"damage":12,"enemies":"Chosen","floor":20,"turns":5},{"damage":4,"enemies":"Centurion and Healer","floor":21,"turns":17},{"damage":11,"enemies":"Shelled Parasite and Fungi","floor":24,"turns":8},{"damage":20,"enemies":"Colosseum Slavers","floor":25,"turns":5},{"damage":24,"enemies":"Colosseum Nobs","floor":25,"turns":5},{"damage":4,"enemies":"Snake Plant","floor":29,"turns":4},{"damage":115,"enemies":"Collector","floor":33,"turns":15}],"seed_played":"308313814879795155","potions_obtained":[{"floor":1,"key":"Swift Potion"},{"floor":4,"key":"FairyPotion"},{"floor":4,"key":"Explosive Potion"},{"floor":14,"key":"Explosive Potion"},{"floor":16,"key":"SteroidPotion"},{"floor":21,"key":"Energy Potion"},{"floor":29,"key":"Energy Potion"}],"is_trial":false,"path_per_floor":["M","$","M","?","M","R","E","M","T","R","M","E","M","M","R","B",null,"M","$","M","M","$","R","M","?","T","R","?","M","R","$","R","B"],"character_chosen":"DEFECT","items_purchased":["ClockworkSouvenir","Defragment","Gash","Turbo"],"campfire_rested":1,"item_purchase_floors":[19,31,31,31],"current_hp_per_floor":[75,75,75,75,75,75,47,39,39,39,45,48,53,49,49,33,93,93,93,88,91,91,91,87,57,57,57,57,60,60,60,87,0],"gold":4,"neow_bonus":"TRANSFORM_TWO_CARDS","is_prod":false,"is_daily":false,"chose_seed":false,"campfire_upgraded":6,"win_rate":0,"timestamp":1555670319,"path_taken":["M","$","M","?","M","R","E","M","T","R","M","E","M","M","R","BOSS","M","$","M","?","$","R","M","?","T","R","?","M","R","$","R","BOSS"],"build_version":"2019-01-23","purchased_purges":1,"victory":false,"max_hp_per_floor":[75,75,75,75,75,75,75,75,75,75,75,75,75,75,75,75,93,93,93,93,93,93,93,93,93,93,93,93,93,93,93,93,93],"card_choices":[{"not_picked":["Steam","Sunder"],"picked":"Cold Snap","floor":1},{"not_picked":["Cold Snap","Redo"],"picked":"Hologram","floor":3},{"not_picked":["Sunder","Leap"],"picked":"Redo","floor":5},{"not_picked":["Skim","Fusion","Steam"],"picked":"SKIP","floor":7},{"not_picked":["Meteor Strike","Barrage"],"picked":"Self Repair","floor":8},{"not_picked":["Rip and Tear","Turbo"],"picked":"Hologram","floor":11},{"not_picked":["Lockon","Conserve Battery","Recycle"],"picked":"SKIP","floor":12},{"not_picked":["Steam","Cold Snap"],"picked":"Go for the Eyes","floor":13},{"not_picked":["Chill","Sweeping Beam"],"picked":"Glacier","floor":14},{"not_picked":["Amplify","Reboot"],"picked":"Biased Cognition","floor":16},{"not_picked":["Ball Lightning","Scrape+1"],"picked":"Skim+1","floor":18},{"not_picked":["Stack","Turbo"],"picked":"Coolheaded","floor":20},{"not_picked":["Go for the Eyes","Compile Driver+1"],"picked":"Glacier","floor":21},{"not_picked":["Turbo","Chill"],"picked":"Loop","floor":24},{"not_picked":["Rebound","Loop"],"picked":"Coolheaded+1","floor":29}],"player_experience":454626,"relics_obtained":[{"floor":7,"key":"Orichalcum"},{"floor":9,"key":"Happy Flower"},{"floor":12,"key":"Darkstone Periapt"},{"floor":17,"key":"Vajra"},{"floor":17,"key":"Letter Opener"},{"floor":17,"key":"WingedGreaves"},{"floor":25,"key":"Shovel"},{"floor":25,"key":"Dodecahedron"},{"floor":26,"key":"Bottled Flame"}],"event_choices":[{"damage_healed":0,"gold_gain":0,"player_choice":"Got Potions","damage_taken":0,"max_hp_gain":0,"max_hp_loss":0,"event_name":"Lab","floor":4,"gold_loss":0},{"damage_healed":0,"gold_gain":0,"player_choice":"Fight","damage_taken":0,"max_hp_gain":0,"max_hp_loss":0,"event_name":"Colosseum","floor":25,"gold_loss":0},{"damage_healed":0,"gold_gain":0,"player_choice":"Fought Nobs","damage_taken":0,"max_hp_gain":0,"max_hp_loss":0,"event_name":"Colosseum","floor":25,"gold_loss":0},{"damage_healed":0,"gold_gain":0,"player_choice":"Inject Mutagens","damage_taken":0,"relics_obtained":["MutagenicStrength"],"max_hp_gain":0,"max_hp_loss":0,"event_name":"Drug Dealer","floor":28,"gold_loss":0}],"is_beta":false,"boss_relics":[{"not_picked":["Eternal Feather","Sozu"],"picked":"Calling Bell"}],"items_purged_floors":[19],"is_endless":false,"potions_floor_spawned":[1,8,14,16,21,29],"killed_by":"Collector","ascension_level":0}