{"gold_per_floor":[109,123,35,35,35,65,65,77,77,227,260,280,295,295,295,369,369,385,385,404,329,36,36,70,70,70,87,87,87,87,107,107,107],"floor_reached":33,"playtime":1023,"items_purged":["Strike_B","Strike_B"],"score":581,"play_id":"9b7cc87a-039c-479c-a247-f5d180eba5ea","local_time":"20190409001535","is_ascension_mode":true,"campfire_choices":[{"data":"Steam Power","floor":7,"key":"SMITH"},{"data":"Reinforced Body","floor":15,"key":"SMITH"},{"floor":23,"key":"REST"},{"floor":25,"key":"REST"},{"floor":28,"key":"REST"},{"floor":32,"key":"REST"}],"neow_cost":"NONE","seed_source_timestamp":780610872995200,"circlet_count":0,"master_deck":["AscendersBane","Defend_B","Defend_B","Defend_B","Zap","Dualcast","Self Repair","Darkness+1","Reinforced Body+1","Scrape","Steam Power+1","Rebound","Loop","Rebound","Biased Cognition","Creative AI","Redo","Flash of Steel","Hologram","Coolheaded","Seek","FTL","Rip and Tear","Coolheaded","FTL"],"relics":["Cracked Core","NeowsBlessing","Mango","Mercury Hourglass","Omamori","Philosopher\u0027s Stone","DataDisk","Happy Flower","Cables"],"potions_floor_usage":[13,16,24,24,33],"damage_taken":[{"damage":0,"enemies":"Small Slimes","floor":1,"turns":1},{"damage":0,"enemies":"2 Louse","floor":2,"turns":1},{"damage":0,"enemies":"Gremlin Nob","floor":6,"turns":1},{"damage":1,"enemies":"Cultist","floor":8,"turns":3},{"damage":22,"enemies":"Lagavulin","floor":11,"turns":4},{"damage":3,"enemies":"3 Louse","floor":12,"turns":3},{"damage":3,"enemies":"Blue Slaver","floor":13,"turns":3},{"damage":42,"enemies":"The Guardian","floor":16,"turns":9},{"damage":40,"enemies":"Shell Parasite","floor":18,"turns":7},{"damage":7,"enemies":"Spheric Guardian","floor":20,"turns":3},{"damage":29,"enemies":"Book of Stabbing","floor":24,"turns":4},{"damage":45,"enemies":"Shelled Parasite and Fungi","floor":27,"turns":5},{"damage":0,"enemies":"Colosseum Slavers","floor":30,"turns":4},{"damage":16,"enemies":"Snake Plant","floor":31,"turns":4},{"damage":59,"enemies":"Collector","floor":33,"turns":9}],"seed_played":"-7576647209143238972","potions_obtained":[{"floor":1,"key":"FearPotion"},{"floor":2,"key":"Regen Potion"},{"floor":6,"key":"Energy Potion"},{"floor":13,"key":"GamblersBrew"},{"floor":18,"key":"SkillPotion"},{"floor":20,"key":"FocusPotion"},{"floor":31,"key":"SpeedPotion"}],"is_trial":false,"path_per_floor":["M","M","$","?","?","E","R","M","T","?","E","M","M","?","R","B",null,"M","?","M","$","$","R","E","R","T","M","R","?","?","M","R","B"],"character_chosen":"DEFECT","items_purchased":["Reinforced Body","DataDisk","Coolheaded"],"campfire_rested":4,"item_purchase_floors":[3,22,22],"current_hp_per_floor":[64,64,64,64,64,78,78,84,84,84,69,73,77,70,70,49,76,43,27,27,27,27,52,23,48,48,10,35,35,35,19,44,0],"gold":107,"neow_bonus":"THREE_ENEMY_KILL","is_prod":false,"is_daily":false,"chose_seed":false,"campfire_upgraded":2,"win_rate":0,"timestamp":1554761735,"path_taken":["M","M","$","?","?","E","R","?","T","?","E","M","M","?","R","BOSS","M","?","M","?","$","R","E","R","T","M","R","?","?","M","R","BOSS"],"build_version":"2019-01-23","purchased_purges":2,"victory":false,"max_hp_per_floor":[71,71,71,71,71,85,85,85,85,85,85,85,85,85,85,85,85,85,85,85,85,85,85,85,85,85,85,85,85,85,85,85,85],"card_choices":[{"not_picked":["Storm","Compile Driver"],"picked":"Self Repair","floor":1},{"not_picked":["Ball Lightning","Skim"],"picked":"Darkness","floor":2},{"not_picked":["Force Field","Go for the Eyes"],"picked":"Steam Power","floor":6},{"not_picked":["Stack","Ball Lightning"],"picked":"Rebound","floor":8},{"not_picked":["Hologram","Reinforced Body"],"picked":"Loop","floor":11},{"not_picked":["Cold Snap","Genetic Algorithm"],"picked":"Rebound","floor":12},{"not_picked":["Steam","Stack"],"picked":"Biased Cognition","floor":13},{"not_picked":["Core Surge","All For One"],"picked":"Creative AI","floor":16},{"not_picked":["White Noise","Streamline"],"picked":"Redo","floor":18},{"not_picked":["Tempest","Steam"],"picked":"Hologram","floor":20},{"not_picked":["Reinforced Body","Ball Lightning+1"],"picked":"Seek","floor":24},{"not_picked":["Rebound","BootSequence+1"],"picked":"FTL","floor":27},{"not_picked":["Turbo","Coolheaded"],"picked":"FTL","floor":31}],"player_experience":519684,"relics_obtained":[{"floor":6,"key":"Mango"},{"floor":9,"key":"Mercury Hourglass"},{"floor":11,"key":"Omamori"},{"floor":24,"key":"Happy Flower"},{"floor":26,"key":"Cables"}],"event_choices":[{"damage_healed":0,"gold_gain":0,"player_choice":"Grow","damage_taken":0,"max_hp_gain":0,"max_hp_loss":0,"event_name":"Living Wall","floor":4,"gold_loss":0,"cards_upgraded":["Darkness"]},{"damage_healed":0,"gold_gain":0,"cards_transformed":["Strike_B"],"player_choice":"Transformed","damage_taken":0,"max_hp_gain":0,"max_hp_loss":0,"event_name":"Transmorgrifier","floor":5,"gold_loss":0,"cards_obtained":["Scrape"]},{"damage_healed":0,"gold_gain":150,"player_choice":"AGREE","damage_taken":0,"max_hp_gain":0,"max_hp_loss":0,"event_name":"Liars Game","floor":10,"gold_loss":0,"cards_obtained":["Doubt"]},{"cards_removed":["Doubt"],"damage_healed":0,"gold_gain":0,"player_choice":"Card Removal","damage_taken":7,"max_hp_gain":0,"max_hp_loss":0,"event_name":"Golden Wing","floor":14,"gold_loss":0},{"damage_healed":0,"gold_gain":0,"player_choice":"CARD ","damage_taken":16,"max_hp_gain":0,"max_hp_loss":0,"event_name":"Knowing Skull","floor":19,"potions_obtained":[],"gold_loss":0,"cards_obtained":["Flash of Steel"]},{"damage_healed":0,"gold_gain":0,"cards_transformed":["Strike_B","Defend_B"],"player_choice":"Became Test Subject","damage_taken":0,"max_hp_gain":0,"max_hp_loss":0,"event_name":"Drug Dealer","floor":29,"gold_loss":0,"cards_obtained":["Rip and Tear","Coolheaded"]},{"damage_healed":0,"gold_gain":0,"player_choice":"Fight","damage_taken":0,"max_hp_gain":0,"max_hp_loss":0,"event_name":"Colosseum","floor":30,"gold_loss":0},{"damage_healed":0,"gold_gain":0,"player_choice":"Fled From Nobs","damage_taken":0,"max_hp_gain":0,"max_hp_loss":0,"event_name":"Colosseum","floor":30,"gold_loss":0}],"is_beta":false,"boss_relics":[{"not_picked":["Ectoplasm","Nuclear Battery"],"picked":"Philosopher\u0027s Stone"}],"items_purged_floors":[21,22],"is_endless":false,"potions_floor_spawned":[1,2,6,12,13,18,20,31],"killed_by":"Collector","ascension_level":19}