{"gold_per_floor":[209,53,72,83,83,83,114,133,183,208,208,40,40],"floor_reached":13,"playtime":600,"items_purged":["Strike_G","Strike_G"],"score":140,"play_id":"8500e386-0c5a-4132-b1f8-1d56d4c5e72d","local_time":"20190324140058","is_ascension_mode":true,"campfire_choices":[{"data":"Skewer","floor":6,"key":"SMITH"}],"neow_cost":"NONE","seed_source_timestamp":150036272787545,"circlet_count":0,"master_deck":["AscendersBane","Defend_G","Defend_G","Defend_G","Defend_G","Defend_G","Strike_G","Strike_G","Strike_G","Survivor","Neutralize","Skewer+1","Noxious Fumes"],"relics":["Ring of the Snake","Letter Opener","Centennial Puzzle","Dream Catcher","GremlinMask"],"potions_floor_usage":[10,13],"damage_taken":[{"damage":10,"enemies":"Small Slimes","floor":1,"turns":5},{"damage":4,"enemies":"2 Louse","floor":3,"turns":3},{"damage":0,"enemies":"Cultist","floor":4,"turns":3},{"damage":28,"enemies":"Gremlin Nob","floor":7,"turns":5},{"damage":1,"enemies":"Blue Slaver","floor":8,"turns":4},{"damage":13,"enemies":"3 Sentries","floor":10,"turns":9},{"damage":22,"enemies":"Gremlin Nob","floor":13,"turns":3}],"seed_played":"-3155832383900151372","potions_obtained":[{"floor":1,"key":"GamblersBrew"},{"floor":7,"key":"EssenceOfSteel"},{"floor":10,"key":"AttackPotion"}],"is_trial":false,"path_per_floor":["M","$","M","M","?","R","E","M","T","E","?","$","E"],"character_chosen":"THE_SILENT","items_purchased":["Skewer","Noxious Fumes"],"campfire_rested":0,"item_purchase_floors":[2,12],"current_hp_per_floor":[53,53,49,49,54,54,26,25,25,12,12,12,0],"gold":40,"neow_bonus":"HUNDRED_GOLD","is_prod":false,"is_daily":false,"chose_seed":false,"campfire_upgraded":1,"win_rate":0,"timestamp":1553432458,"path_taken":["M","$","M","M","?","R","E","M","T","E","?","$","E"],"build_version":"2019-01-23","purchased_purges":2,"victory":false,"max_hp_per_floor":[70,70,70,70,75,75,75,75,75,75,75,75,75],"card_choices":[{"not_picked":["Blade Dance","Prepared","Masterful Stab"],"picked":"SKIP","floor":1},{"not_picked":["Calculated Gamble","Cloak And Dagger","Sucker Punch"],"picked":"SKIP","floor":3},{"not_picked":["Dagger Throw","Prepared","Quick Slash"],"picked":"SKIP","floor":4},{"not_picked":["Dagger Throw","Prepared","Quick Slash"],"picked":"SKIP","floor":4},{"not_picked":["Poisoned Stab","Choke","Slice"],"picked":"SKIP","floor":7},{"not_picked":["Flying Knee","Doppelganger","Outmaneuver"],"picked":"SKIP","floor":8},{"not_picked":["Poisoned Stab","Slice","Quick Slash"],"picked":"SKIP","floor":10}],"player_experience":357760,"relics_obtained":[{"floor":7,"key":"Letter Opener"},{"floor":9,"key":"Centennial Puzzle"},{"floor":10,"key":"Dream Catcher"}],"event_choices":[{"damage_healed":0,"gold_gain":0,"player_choice":"Donut","damage_taken":0,"max_hp_gain":5,"max_hp_loss":0,"event_name":"Big Fish","floor":5,"gold_loss":0},{"damage_healed":0,"gold_gain":0,"player_choice":"Trade","damage_taken":0,"relics_obtained":["GremlinMask"],"max_hp_gain":0,"max_hp_loss":0,"event_name":"FaceTrader","floor":11,"gold_loss":0}],"is_beta":false,"boss_relics":[],"items_purged_floors":[2,12],"is_endless":false,"potions_floor_spawned":[1,7,10],"killed_by":"Gremlin Nob","ascension_level":10}