{"gold_per_floor":[359,260,260,260,270,270,297,5,32,32,32,51,126,1,1,1],"floor_reached":16,"playtime":350,"items_purged":["Strike_R","Strike_R","Strike_R"],"score":115,"play_id":"f126e6ca-b866-4023-a3c5-e36bb3c5c460","local_time":"20181029224957","is_ascension_mode":true,"campfire_choices":[{"data":"Flex","floor":6,"key":"SMITH"},{"floor":10,"key":"REST"},{"data":"Heavy Blade","floor":15,"key":"SMITH"}],"neow_cost":"PERCENT_DAMAGE","seed_source_timestamp":785479259661688,"circlet_count":0,"master_deck":["Strike_R","Strike_R","Defend_R","Defend_R","Defend_R","Defend_R","Bash","Flex+1","Twin Strike","Heavy Blade+1","Twin Strike"],"relics":["Burning Blood","Lantern","Sling","Omamori"],"potions_floor_usage":[16],"damage_taken":[{"damage":6,"enemies":"Jaw Worm","floor":1,"turns":5},{"damage":6,"enemies":"Cultist","floor":5,"turns":4},{"damage":31,"enemies":"Gremlin Nob","floor":7,"turns":4},{"damage":0,"enemies":"Small Slimes","floor":12,"turns":2},{"damage":69,"enemies":"Hexaghost","floor":16,"turns":9}],"seed_played":"6696024552037368998","potions_obtained":[{"floor":1,"key":"GamblersBrew"},{"floor":12,"key":"BloodPotion"}],"is_trial":false,"path_per_floor":["M","$","?","?","M","R","E","$","T","R","?","M","?","$","R"],"character_chosen":"IRONCLAD","items_purchased":["True Grit","Sling"],"campfire_rested":1,"item_purchase_floors":[2,8],"current_hp_per_floor":[56,56,61,66,66,66,41,41,41,66,66,72,61,61,61,0],"gold":1,"neow_bonus":"TWO_FIFTY_GOLD","is_prod":false,"is_daily":false,"chose_seed":false,"campfire_upgraded":2,"win_rate":0,"timestamp":1540849797,"path_taken":["M","$","?","?","M","R","E","$","T","R","?","M","?","?","R","BOSS"],"build_version":"2018-10-25v2","purchased_purges":3,"victory":false,"max_hp_per_floor":[80,80,85,85,85,85,85,85,85,85,85,85,85,85,85,85],"card_choices":[{"not_picked":["Reckless Charge","Dropkick"],"picked":"Flex","floor":1},{"not_picked":["Clothesline","Entrench"],"picked":"Twin Strike","floor":5},{"not_picked":["Headbutt","Sentinel"],"picked":"Heavy Blade","floor":7},{"not_picked":["Hemokinesis","Headbutt"],"picked":"Twin Strike","floor":12}],"player_experience":262184,"relics_obtained":[{"floor":7,"key":"Lantern"},{"floor":9,"key":"Omamori"}],"event_choices":[{"damage_healed":0,"gold_gain":0,"player_choice":"Donut","damage_taken":0,"max_hp_gain":5,"max_hp_loss":0,"event_name":"Big Fish","floor":3,"gold_loss":0},{"cards_removed":["True Grit"],"damage_healed":5,"gold_gain":0,"player_choice":"Offered Common","damage_taken":0,"max_hp_gain":0,"max_hp_loss":0,"event_name":"Bonfire Elementals","floor":4,"gold_loss":0},{"cards_removed":["True Grit"],"damage_healed":5,"gold_gain":0,"player_choice":"Offered Special","damage_taken":0,"max_hp_gain":0,"max_hp_loss":0,"event_name":"Bonfire Elementals","floor":4,"gold_loss":0},{"damage_healed":0,"gold_gain":0,"player_choice":"Leave","damage_taken":0,"max_hp_gain":0,"max_hp_loss":0,"event_name":"The Cleric","floor":11,"gold_loss":0},{"damage_healed":0,"gold_gain":75,"player_choice":"Gather Gold","damage_taken":11,"max_hp_gain":0,"max_hp_loss":0,"event_name":"World of Goop","floor":13,"gold_loss":0}],"is_beta":false,"boss_relics":[],"items_purged_floors":[2,8,14],"is_endless":false,"potions_floor_spawned":[1,12],"killed_by":"Hexaghost","ascension_level":4}