{"gold_per_floor":[111,386,401,401,401,433,449,449,449,475,46,71,102,120,120,197,197,210,228,228,228,248,248,298,298,298,298,10,38,56,6,6,85,85,97,47,63,75,75,75,100,100,100,100],"floor_reached":44,"playtime":1557,"items_purged":["Strike_R","Shame","Pain"],"score":1074,"play_id":"99e10373-8870-4114-82a2-d9f2a62944d0","local_time":"20190421001359","is_ascension_mode":true,"campfire_choices":[{"data":"Iron Wave","floor":8.0,"key":"SMITH"},{"data":"Inflame","floor":15.0,"key":"SMITH"},{"data":"Whirlwind","floor":23.0,"key":"SMITH"},{"data":"Iron Wave","floor":25.0,"key":"SMITH"},{"floor":32.0,"key":"REST"},{"floor":40.0,"key":"REST"},{"data":"Fiend Fire","floor":42.0,"key":"SMITH"}],"neow_cost":"NONE","seed_source_timestamp":5231139966200,"circlet_count":0,"master_deck":["AscendersBane","Strike_R","Strike_R+1","Strike_R","Strike_R","Defend_R","Defend_R+1","Defend_R+1","Defend_R+1","Bash","Iron Wave+1","Pommel Strike","Anger","Inflame+1","Iron Wave+1","Whirlwind+1","Headbutt","Cleave","Fiend Fire+1","Burning Pact+1","Writhe","True Grit+1","Warcry+1","True Grit+1","Exhume+1","Doubt","Injury","Parasite","Bloodletting+1"],"special_seed":0,"relics":["Burning Blood","NeowsBlessing","Thread and Needle","Bird Faced Urn","Art of War","Sling","Odd Mushroom","Bronze Scales","Busted Crown","Regal Pillow","Toxic Egg 2","Matryoshka","Smiling Mask","Pear","Kunai","Self Forming Clay","Calling Bell","War Paint","Torii","Shuriken","WingedGreaves","Juzu Bracelet","Bottled Tornado","Potion Belt"],"potions_floor_usage":[],"damage_taken":[{"damage":0.0,"enemies":"Cultist","floor":1.0,"turns":1.0},{"damage":0.0,"enemies":"Small Slimes","floor":3.0,"turns":1.0},{"damage":0.0,"enemies":"Lagavulin","floor":6.0,"turns":1.0},{"damage":0.0,"enemies":"2 Louse","floor":7.0,"turns":3.0},{"damage":10.0,"enemies":"The Mushroom Lair","floor":12.0,"turns":4.0},{"damage":13.0,"enemies":"3 Sentries","floor":13.0,"turns":5.0},{"damage":0.0,"enemies":"2 Fungi Beasts","floor":14.0,"turns":2.0},{"damage":46.0,"enemies":"The Guardian","floor":16.0,"turns":13.0},{"damage":8.0,"enemies":"Chosen","floor":18.0,"turns":3.0},{"damage":34.0,"enemies":"Shell Parasite","floor":19.0,"turns":5.0},{"damage":10.0,"enemies":"3 Cultists","floor":22.0,"turns":4.0},{"damage":14.0,"enemies":"Book of Stabbing","floor":29.0,"turns":4.0},{"damage":23.0,"enemies":"Sentry and Sphere","floor":30.0,"turns":7.0},{"damage":50.0,"enemies":"Champ","floor":33.0,"turns":19.0},{"damage":38.0,"enemies":"3 Darklings","floor":35.0,"turns":5.0},{"damage":6.0,"enemies":"3 Shapes","floor":37.0,"turns":6.0},{"damage":22.0,"enemies":"Writhing Mass","floor":38.0,"turns":11.0},{"damage":43.0,"enemies":"Nemesis","floor":41.0,"turns":9.0},{"damage":42,"enemies":"Reptomancer","floor":44,"turns":2}],"seed_played":"-1670263034156511564","potions_obtained":[{"floor":6.0,"key":"Weak Potion"},{"floor":7.0,"key":"FearPotion"},{"floor":12.0,"key":"SkillPotion"},{"floor":19.0,"key":"GamblersBrew"},{"floor":29.0,"key":"PowerPotion"},{"floor":33.0,"key":"Swift Potion"},{"floor":37.0,"key":"Dexterity Potion"},{"floor":38.0,"key":"Weak Potion"},{"floor":41.0,"key":"Dexterity Potion"}],"is_trial":false,"path_per_floor":["M","?","M","?","?","E","M","R","T","T","$","?","E","M","R","B",null,"M","M","?","?","M","R","?","R","T","T","$","E","M","$","R","B",null,"M","$","M","M","?","R","E","R","T","E"],"character_chosen":"IRONCLAD","items_purchased":["Inflame","Sling","Iron Wave","Kunai","Warcry+1"],"campfire_rested":2,"item_purchase_floors":[11,11,11,28,28],"current_hp_per_floor":[74,74,75,75,52,58,64,64,64,64,64,62,57,63,63,25,63,63,37,37,37,35,35,35,35,35,45,45,39,24,24,64,24,70,38,38,40,26,26,66,31,31,31,0],"gold":100,"neow_bonus":"THREE_ENEMY_KILL","is_prod":false,"is_daily":false,"chose_seed":false,"campfire_upgraded":5,"win_rate":0,"timestamp":1555798439,"path_taken":["M","?","?","?","?","E","M","R","T","?","$","?","E","M","R","BOSS","M","M","?","?","M","R","?","R","T","?","$","E","?","$","R","BOSS","M","$","M","M","?","R","E","R","T","E"],"build_version":"2019-01-23","purchased_purges":3,"victory":false,"max_hp_per_floor":[75,75,75,75,75,75,75,75,75,75,75,75,75,75,75,75,75,75,75,75,75,75,75,75,75,75,85,85,85,85,85,85,85,85,85,85,85,85,85,85,85,85,85,85],"card_choices":[{"not_picked":["Rage","Flex"],"picked":"Iron Wave","floor":1.0},{"not_picked":["Heavy Blade","Flex"],"picked":"Pommel Strike","floor":3.0},{"not_picked":["Armaments","Perfected Strike"],"picked":"Anger","floor":6.0},{"not_picked":["Armaments","Heavy Blade","Fire Breathing"],"picked":"SKIP","floor":7.0},{"not_picked":["Body Slam","Ghostly Armor"],"picked":"Whirlwind","floor":12.0},{"not_picked":["Iron Wave","Clash"],"picked":"Headbutt","floor":13.0},{"not_picked":["Wild Strike","Havoc"],"picked":"Cleave","floor":14.0},{"not_picked":["Double Tap","Brutality"],"picked":"Fiend Fire","floor":16.0},{"not_picked":[],"picked":"Burning Pact+1","floor":18.0},{"not_picked":["Rupture"],"picked":"SKIP","floor":19.0},{"not_picked":[],"picked":"True Grit+1","floor":22.0},{"not_picked":["Perfected Strike+1"],"picked":"SKIP","floor":29.0},{"not_picked":[],"picked":"True Grit+1","floor":30.0},{"not_picked":[],"picked":"Exhume+1","floor":33.0},{"not_picked":["Pommel Strike"],"picked":"SKIP","floor":35.0},{"not_picked":["Pommel Strike"],"picked":"SKIP","floor":37.0},{"not_picked":["Sword Boomerang"],"picked":"SKIP","floor":38.0},{"not_picked":[],"picked":"Bloodletting+1","floor":41.0}],"player_experience":577993,"relics_obtained":[{"floor":6.0,"key":"Thread and Needle"},{"floor":9.0,"key":"Bird Faced Urn"},{"floor":10.0,"key":"Art of War"},{"floor":12.0,"key":"Odd Mushroom"},{"floor":13.0,"key":"Bronze Scales"},{"floor":26.0,"key":"Matryoshka"},{"floor":27.0,"key":"Smiling Mask"},{"floor":27.0,"key":"Pear"},{"floor":29.0,"key":"Self Forming Clay"},{"floor":34.0,"key":"War Paint"},{"floor":34.0,"key":"Torii"},{"floor":34.0,"key":"Shuriken"},{"floor":39.0,"key":"WingedGreaves"},{"floor":41.0,"key":"Juzu Bracelet"},{"floor":43.0,"key":"Bottled Tornado"},{"floor":43.0,"key":"Potion Belt"}],"event_choices":[{"damage_healed":0.0,"max_hp_gain":0.0,"max_hp_loss":0.0,"gold_gain":275.0,"event_name":"Golden Shrine","player_choice":"Desecrate","floor":2.0,"gold_loss":0.0,"damage_taken":0.0,"cards_obtained":["Regret"]},{"cards_removed":["Regret"],"damage_healed":0.0,"max_hp_gain":0.0,"max_hp_loss":0.0,"gold_gain":0.0,"event_name":"Living Wall","player_choice":"Forget","floor":4.0,"gold_loss":0.0,"damage_taken":0.0},{"damage_healed":0.0,"max_hp_gain":0.0,"max_hp_loss":0.0,"gold_gain":0.0,"event_name":"Shining Light","player_choice":"Entered Light","floor":5.0,"gold_loss":0.0,"damage_taken":23.0,"cards_upgraded":["Strike_R","Defend_R"]},{"damage_healed":0.0,"max_hp_gain":0.0,"max_hp_loss":0.0,"gold_gain":0.0,"event_name":"Mushrooms","player_choice":"Fought Mushrooms","floor":12.0,"gold_loss":0.0,"damage_taken":0.0},{"damage_healed":0.0,"max_hp_gain":0.0,"max_hp_loss":0.0,"gold_gain":0.0,"event_name":"Addict","player_choice":"Stole Relic","floor":20.0,"gold_loss":0.0,"damage_taken":0.0,"relics_obtained":["Regal Pillow"],"cards_obtained":["Shame"]},{"damage_healed":0.0,"max_hp_gain":0.0,"max_hp_loss":0.0,"gold_gain":0.0,"event_name":"The Mausoleum","player_choice":"Opened","floor":21.0,"gold_loss":0.0,"damage_taken":0.0,"relics_obtained":["Toxic Egg 2"],"cards_obtained":["Writhe"]},{"damage_healed":0.0,"max_hp_gain":0.0,"max_hp_loss":0.0,"gold_gain":50.0,"event_name":"Nest","player_choice":"Stole From Cult","floor":24.0,"gold_loss":0.0,"damage_taken":0.0},{"damage_healed":0.0,"max_hp_gain":0.0,"max_hp_loss":0.0,"gold_gain":0.0,"event_name":"Wheel of Change","player_choice":"Relic","floor":39.0,"gold_loss":0.0,"damage_taken":0.0}],"is_beta":false,"boss_relics":[{"not_picked":["Philosopher\u0027s Stone","Tiny House"],"picked":"Busted Crown"},{"not_picked":["Cursed Key","Empty Cage"],"picked":"Calling Bell"}],"items_purged_floors":[11,31,36],"is_endless":false,"potions_floor_spawned":[6,7,12,13,14,19,22,29,33,37,38,41],"killed_by":"Reptomancer","ascension_level":20}