{"gold_per_floor":[118,131,150,150,150,150,185,185,185,204,204,216,216,233,233,328,328,347,347,347,362,379,379,7,7,7,39,39,55,55,55,55,151,151,164,184,0,100,0,0,0,13,13,13,47,47,122,132,132,132],"floor_reached":51,"playtime":2680,"items_purged":["Strike_B","Normality"],"score":904,"play_id":"2e7c7ba7-21ba-4d9f-ad79-6f35a05ff6b5","local_time":"20181104000414","is_ascension_mode":true,"campfire_choices":[{"data":"Go for the Eyes","floor":6,"key":"SMITH"},{"data":"Zap","floor":8,"key":"SMITH"},{"data":"Loop","floor":11,"key":"SMITH"},{"data":"Leap","floor":13,"key":"SMITH"},{"data":"Auto Shields","floor":15,"key":"SMITH"},{"floor":23,"key":"REST"},{"data":"Leap","floor":25,"key":"SMITH"},{"data":"Capacitor","floor":32,"key":"SMITH"},{"data":"Writhe","floor":40,"key":"PURGE"},{"floor":46,"key":"REST"},{"data":"Parasite","floor":49,"key":"PURGE"}],"neow_cost":"NONE","seed_source_timestamp":6947688994829,"circlet_count":0,"master_deck":["Strike_B","Strike_B","Defend_B","Defend_B","Defend_B","Defend_B","Zap+1","Dualcast+1","Go for the Eyes+1","Leap+1","Cold Snap","Loop+1","Auto Shields+1","Defragment+1","Steam Power","Leap+1","Gash","Hello World+1","Capacitor+1","Sweeping Beam+1","Bandage Up","Ball Lightning+1","Clumsy","Clumsy","Cold Snap+1","Stack"],"relics":["Cracked Core","Blood Vial","Blue Candle","Regal Pillow","Mummified Hand","Cursed Key","Orichalcum","Bird Faced Urn","PreservedInsect","Letter Opener","Busted Crown","Peace Pipe","Red Mask","Symbiotic Virus","Question Card","Boot"],"potions_floor_usage":[16,16,29,50,50,50],"damage_taken":[{"damage":6,"enemies":"2 Louse","floor":1,"turns":3},{"damage":2,"enemies":"Jaw Worm","floor":2,"turns":3},{"damage":0,"enemies":"Cultist","floor":3,"turns":3},{"damage":15,"enemies":"Gremlin Nob","floor":7,"turns":4},{"damage":3,"enemies":"Looter","floor":10,"turns":3},{"damage":2,"enemies":"2 Fungi Beasts","floor":12,"turns":3},{"damage":0,"enemies":"Red Slaver","floor":14,"turns":4},{"damage":26,"enemies":"The Guardian","floor":16,"turns":13},{"damage":9,"enemies":"Shell Parasite","floor":18,"turns":10},{"damage":5,"enemies":"Chosen","floor":21,"turns":5},{"damage":9,"enemies":"Shelled Parasite and Fungi","floor":22,"turns":7},{"damage":16,"enemies":"Book of Stabbing","floor":27,"turns":9},{"damage":16,"enemies":"Cultist and Chosen","floor":29,"turns":8},{"damage":7,"enemies":"Champ","floor":33,"turns":19},{"damage":34,"enemies":"3 Darklings","floor":35,"turns":9},{"damage":16,"enemies":"3 Shapes","floor":36,"turns":4},{"damage":0,"enemies":"Mind Bloom Boss Battle","floor":38,"turns":10},{"damage":26,"enemies":"Writhing Mass","floor":42,"turns":7},{"damage":27,"enemies":"Nemesis","floor":45,"turns":7},{"damage":5,"enemies":"Sphere and 2 Shapes","floor":48,"turns":6},{"damage":72,"enemies":"Awakened One","floor":50,"turns":15}],"seed_played":"-2301083615957319046","potions_obtained":[{"floor":2,"key":"Ancient Potion"},{"floor":3,"key":"FocusPotion"},{"floor":7,"key":"PowerPotion"},{"floor":27,"key":"Fruit Juice"},{"floor":29,"key":"Ancient Potion"},{"floor":35,"key":"LiquidBronze"},{"floor":36,"key":"Swift Potion"}],"is_trial":false,"path_per_floor":["M","M","M","?","?","R","E","R","T","M","R","M","R","M","R","B",null,"M","?","?","M","M","R","$","R","T","E","$","M","?","?","R","B",null,"M","M","$","?","?","R","?","M","T","T","E","R","?","M","R","B",null],"character_chosen":"DEFECT","items_purchased":["Bird Faced Urn","Bandage Up"],"campfire_rested":2,"item_purchase_floors":[24,37],"current_hp_per_floor":[69,69,71,64,64,64,51,51,51,50,50,50,50,52,52,28,63,56,56,56,53,46,75,75,75,75,59,59,54,54,54,54,57,74,48,42,42,56,56,56,56,44,44,44,31,70,62,71,71,13],"gold":132,"neow_bonus":"RANDOM_COMMON_RELIC","is_prod":false,"is_daily":false,"chose_seed":false,"campfire_upgraded":7,"win_rate":0,"timestamp":1541286254,"path_taken":["M","M","M","?","?","R","E","R","T","M","R","?","R","M","R","BOSS","M","?","?","M","?","R","$","R","T","E","$","M","?","?","R","BOSS","M","M","$","?","?","R","?","?","T","?","E","R","?","M","R","BOSS"],"build_version":"2018-11-01","purchased_purges":2,"victory":true,"max_hp_per_floor":[75,75,75,75,75,75,75,75,75,75,75,75,75,75,75,75,75,75,75,75,75,75,75,75,75,75,75,75,80,80,80,80,80,80,80,80,80,80,80,80,80,80,80,80,80,80,80,80,77,77],"card_choices":[{"not_picked":["Steam","Compile Driver"],"picked":"Go for the Eyes","floor":1},{"not_picked":["Rebound","Consume","Turbo"],"picked":"SKIP","floor":2},{"not_picked":["Compile Driver","Beam Cell"],"picked":"Leap","floor":3},{"not_picked":["Chill","Heatsinks"],"picked":"Cold Snap","floor":7},{"not_picked":["Auto Shields","Rip and Tear"],"picked":"Loop","floor":10},{"not_picked":["Stack","Streamline"],"picked":"Auto Shields","floor":12},{"not_picked":["Leap","Barrage","Sweeping Beam"],"picked":"SKIP","floor":14},{"not_picked":["Streamline","Redo"],"picked":"Defragment+1","floor":18},{"not_picked":["Genetic Algorithm","Undo"],"picked":"Leap","floor":21},{"not_picked":["Sweeping Beam","Scrape","Reprogram"],"picked":"SKIP","floor":22},{"not_picked":["Doom and Gloom","Rainbow"],"picked":"Gash","floor":27},{"not_picked":["Stack+1","Beam Cell"],"picked":"Hello World+1","floor":29},{"not_picked":[],"picked":"Sweeping Beam+1","floor":35},{"not_picked":["FTL"],"picked":"SKIP","floor":36},{"not_picked":[],"picked":"Ball Lightning+1","floor":38},{"not_picked":["Rip and Tear+1"],"picked":"SKIP","floor":42},{"not_picked":["Beam Cell+1"],"picked":"Cold Snap+1","floor":45},{"not_picked":["Undo"],"picked":"Stack","floor":48}],"player_experience":282937,"relics_obtained":[{"floor":7,"key":"Regal Pillow"},{"floor":9,"key":"Mummified Hand"},{"floor":26,"key":"PreservedInsect"},{"floor":27,"key":"Letter Opener"},{"floor":38,"key":"Peace Pipe"},{"floor":43,"key":"Symbiotic Virus"},{"floor":44,"key":"Question Card"},{"floor":45,"key":"Boot"}],"event_choices":[{"damage_healed":0,"gold_gain":0,"player_choice":"Success","damage_taken":7,"relics_obtained":["Blue Candle"],"max_hp_gain":0,"max_hp_loss":0,"event_name":"Scrap Ooze","floor":4,"gold_loss":0},{"damage_healed":0,"gold_gain":0,"player_choice":"Upgraded","damage_taken":0,"max_hp_gain":0,"max_hp_loss":0,"event_name":"Upgrade Shrine","floor":5,"gold_loss":0,"cards_upgraded":["Dualcast"]},{"damage_healed":0,"gold_gain":0,"player_choice":"Opened","damage_taken":0,"relics_obtained":["Orichalcum"],"max_hp_gain":0,"max_hp_loss":0,"event_name":"The Mausoleum","floor":19,"gold_loss":0,"cards_obtained":["Writhe"]},{"damage_healed":0,"gold_gain":0,"cards_transformed":["Strike_B"],"player_choice":"Transformed","damage_taken":0,"max_hp_gain":0,"max_hp_loss":0,"event_name":"Transmorgrifier","floor":20,"gold_loss":0,"cards_obtained":["Steam Power"]},{"damage_healed":0,"gold_gain":0,"player_choice":"Ignored","damage_taken":0,"max_hp_gain":0,"max_hp_loss":0,"event_name":"Beggar","floor":30,"gold_loss":0},{"damage_healed":0,"gold_gain":0,"player_choice":"Read","damage_taken":0,"max_hp_gain":0,"max_hp_loss":0,"event_name":"The Library","floor":31,"gold_loss":0,"cards_obtained":["Capacitor"]},{"damage_healed":0,"gold_gain":0,"player_choice":"Fight","damage_taken":0,"max_hp_gain":0,"max_hp_loss":0,"event_name":"MindBloom","floor":38,"gold_loss":0},{"damage_healed":0,"gold_gain":0,"player_choice":"Paid","damage_taken":0,"relics_obtained":["Red Mask"],"max_hp_gain":0,"max_hp_loss":0,"event_name":"Tomb of Lord Red Mask","floor":39,"gold_loss":100},{"damage_healed":0,"gold_gain":0,"player_choice":"Memory 1","damage_taken":0,"max_hp_gain":0,"max_hp_loss":0,"event_name":"SensoryStone","floor":41,"gold_loss":0},{"damage_healed":0,"gold_gain":75,"player_choice":"Touch","damage_taken":8,"max_hp_gain":0,"max_hp_loss":0,"event_name":"FaceTrader","floor":47,"gold_loss":0}],"is_beta":false,"boss_relics":[{"not_picked":["Fusion Hammer","Runic Pyramid"],"picked":"Cursed Key"},{"not_picked":["Calling Bell","Eternal Feather"],"picked":"Busted Crown"}],"items_purged_floors":[24,37],"is_endless":false,"potions_floor_spawned":[2,3,7,27,29,35,36],"ascension_level":5}