{"gold_per_floor":[362,362,362,48,61,61,99,99,123,123,148,148,181,195,195,293,293,311,311,335,356,26,26,26,41,67,11,30,55,3,23,23,23],"floor_reached":33,"playtime":1246,"items_purged":["Injury"],"score":514,"play_id":"d621e711-4159-4034-9cf4-3069adf83551","local_time":"20190324172052","is_ascension_mode":true,"campfire_choices":[{"floor":6.0,"key":"REST"},{"floor":8.0,"key":"REST"},{"data":"Flex","floor":10.0,"key":"SMITH"},{"floor":12.0,"key":"REST"},{"data":"Panacea","floor":15.0,"key":"SMITH"},{"floor":23,"key":"REST"},{"floor":32,"key":"REST"}],"neow_cost":"TEN_PERCENT_HP_LOSS","seed_source_timestamp":483993500803474,"circlet_count":0,"master_deck":["AscendersBane","Strike_R","Strike_R","Strike_R","Strike_R","Strike_R+1","Defend_R","Defend_R","Defend_R","Defend_R","Bash+1","Headbutt","Uppercut+1","Panacea+1","Flex+1","Dropkick+1","Heavy Blade+1","Iron Wave+1","Armaments","Feed+1","Second Wind","Burning Pact+1","Disarm","Pummel+1","Shockwave","Shrug It Off","Exhume"],"special_seed":0,"relics":["Burning Blood","Molten Egg 2","Golden Idol","Nunchaku","Ancient Tea Set","Mark of Pain","Nloth\u0027s Gift","Bronze Scales","Regal Pillow"],"potions_floor_usage":[16,25,33],"damage_taken":[{"damage":2.0,"enemies":"2 Louse","floor":1.0,"turns":3.0},{"damage":10.0,"enemies":"Small Slimes","floor":5.0,"turns":3.0},{"damage":45.0,"enemies":"3 Sentries","floor":7.0,"turns":7.0},{"damage":0.0,"enemies":"Cultist","floor":11.0,"turns":2.0},{"damage":20.0,"enemies":"Lagavulin","floor":13.0,"turns":6.0},{"damage":10.0,"enemies":"Exordium Thugs","floor":14.0,"turns":3.0},{"damage":27,"enemies":"Hexaghost","floor":16,"turns":8},{"damage":17,"enemies":"Shell Parasite","floor":18,"turns":3},{"damage":16,"enemies":"Spheric Guardian","floor":20,"turns":5},{"damage":17,"enemies":"Centurion and Healer","floor":21,"turns":8},{"damage":14,"enemies":"3 Cultists","floor":25,"turns":5},{"damage":4,"enemies":"Snecko","floor":28,"turns":4},{"damage":11,"enemies":"Centurion and Healer","floor":29,"turns":7},{"damage":13,"enemies":"Snake Plant","floor":31,"turns":4},{"damage":81,"enemies":"Collector","floor":33,"turns":7}],"seed_played":"2695141932848985115","potions_obtained":[{"floor":7.0,"key":"AttackPotion"},{"floor":11.0,"key":"Dexterity Potion"},{"floor":20,"key":"Poison Potion"},{"floor":24,"key":"SkillPotion"},{"floor":24,"key":"AttackPotion"}],"is_trial":false,"path_per_floor":["M","?","?","$","M","R","E","R","T","R","M","R","E","M","R","B",null,"M","?","M","M","$","R","?","M","T","$","M","M","$","M","R","B"],"character_chosen":"IRONCLAD","items_purchased":["Uppercut+1","Panacea","Flex","Dropkick+1","Disarm","Bronze Scales","FearPotion","Shrug It Off"],"campfire_rested":5,"item_purchase_floors":[4,4,4,4,22,22,27,30],"current_hp_per_floor":[68,33,33,33,29,49,10,30,30,30,36,56,42,38,38,17,55,44,44,34,23,23,43,43,39,39,39,45,44,44,41,81,0],"gold":23,"neow_bonus":"TWO_FIFTY_GOLD","is_prod":false,"is_daily":false,"chose_seed":false,"campfire_upgraded":2,"win_rate":0,"timestamp":1553415652,"path_taken":["M","?","?","$","M","R","E","R","T","R","M","R","E","M","R","BOSS","M","?","M","?","$","R","?","M","T","?","M","M","$","?","R","BOSS"],"build_version":"2019-01-23","purchased_purges":1,"victory":false,"max_hp_per_floor":[68,68,68,68,68,68,68,68,68,68,68,68,68,68,68,68,68,68,68,68,68,68,68,68,72,72,72,76,80,80,84,84,84],"card_choices":[{"not_picked":["Armaments","Havoc"],"picked":"Headbutt","floor":1.0},{"not_picked":["Uppercut+1","Seeing Red"],"picked":"Heavy Blade+1","floor":5.0},{"not_picked":["Combust","Dropkick+1","Carnage+1"],"picked":"SKIP","floor":7.0},{"not_picked":["Anger+1","Headbutt+1","Havoc"],"picked":"SKIP","floor":11.0},{"not_picked":["Hemokinesis+1","Body Slam+1"],"picked":"Iron Wave+1","floor":13.0},{"not_picked":["Clash+1","Barricade"],"picked":"Armaments","floor":14.0},{"not_picked":["Bludgeon+1","Brutality"],"picked":"Feed+1","floor":16},{"not_picked":["Flex","Thunderclap+1","Heavy Blade+1"],"picked":"SKIP","floor":18},{"not_picked":["Armaments","Rupture"],"picked":"Second Wind","floor":20},{"not_picked":["Anger+1","Body Slam+1"],"picked":"Burning Pact+1","floor":21},{"not_picked":["Perfected Strike+1","Twin Strike+1"],"picked":"Pummel+1","floor":25},{"not_picked":["Rampage+1","Clash+1"],"picked":"Shockwave","floor":28},{"not_picked":["Heavy Blade+1","Thunderclap+1","Reckless Charge+1"],"picked":"SKIP","floor":29},{"not_picked":["Pommel Strike+1","Cleave+1"],"picked":"Exhume","floor":31}],"player_experience":784670,"relics_obtained":[{"floor":7.0,"key":"Nunchaku"},{"floor":9.0,"key":"Ancient Tea Set"},{"floor":13.0,"key":"Whetstone"},{"floor":26,"key":"Regal Pillow"}],"event_choices":[{"damage_healed":0.0,"max_hp_gain":0.0,"max_hp_loss":0.0,"gold_gain":0.0,"event_name":"Scrap Ooze","player_choice":"Success","floor":2.0,"gold_loss":0.0,"damage_taken":35.0,"relics_obtained":["Molten Egg 2"]},{"damage_healed":0.0,"max_hp_gain":0.0,"max_hp_loss":0.0,"gold_gain":0.0,"event_name":"Golden Idol","player_choice":"Take Wound","floor":3.0,"gold_loss":0.0,"damage_taken":0.0,"relics_obtained":["Golden Idol"],"cards_obtained":["Injury"]},{"damage_healed":0,"gold_gain":0,"player_choice":"Traded Relic","damage_taken":0,"relics_obtained":["Nloth\u0027s Gift"],"max_hp_gain":0,"max_hp_loss":0,"event_name":"N\u0027loth","floor":19,"relics_lost":["Whetstone"],"gold_loss":0},{"damage_healed":0,"gold_gain":0,"player_choice":"Got Potions","damage_taken":0,"max_hp_gain":0,"max_hp_loss":0,"event_name":"Lab","floor":24,"gold_loss":0}],"is_beta":false,"boss_relics":[{"not_picked":["Runic Dome","Philosopher\u0027s Stone"],"picked":"Mark of Pain"}],"items_purged_floors":[22],"is_endless":false,"potions_floor_spawned":[7,11,20,29],"killed_by":"Collector","ascension_level":20}