{"gold_per_floor":[114,189,189,10,10,43,57,57,84,94,94,125,143,153,153,228,228,244,259,259,259,272,304,122,122,122,122,122,122,22,47,47,119,119,133,145,195,215,235,235,263,263,263,295,295,28,83,99,99,99,99,99,99,5,30,30],"floor_reached":57,"playtime":3054,"items_purged":["Strike_G+1","Clumsy","Strike_G+1","Strike_G+1"],"score":2737,"play_id":"b7826925-7a62-40f2-bdf7-e8e2e79cfebd","local_time":"20190427183959","is_ascension_mode":true,"campfire_choices":[{"data":"Apotheosis","floor":8,"key":"SMITH"},{"data":"Die Die Die","floor":11,"key":"SMITH"},{"floor":15,"key":"REST"},{"data":"Noxious Fumes","floor":25,"key":"SMITH"},{"floor":27,"key":"REST"},{"floor":29,"key":"REST"},{"floor":32,"key":"RECALL"},{"floor":40,"key":"REST"},{"floor":45,"key":"REST"},{"data":"Wraith Form v2","floor":49,"key":"SMITH"},{"floor":53,"key":"REST"}],"neow_cost":"NONE","seed_source_timestamp":36252721999231,"circlet_count":0,"master_deck":["AscendersBane","Defend_G+1","Defend_G+1","Defend_G+1","Defend_G+1","Defend_G+1","Survivor","Neutralize","Deadly Poison","Apotheosis+1","Die Die Die+1","Cloak And Dagger","Catalyst","Dagger Spray","PiercingWail","Malaise","Backflip","Poisoned Stab","Dodge and Roll","Noxious Fumes+1","RitualDagger","Deadly Poison","Die Die Die","Wraith Form v2+1","Backflip+1","Well Laid Plans+1","Dodge and Roll","Noxious Fumes","Noxious Fumes","Footwork"],"relics":["Ring of the Snake","NeowsBlessing","Matryoshka","Centennial Puzzle","Smiling Mask","Lantern","Cursed Key","Bronze Scales","Bottled Lightning","Oddly Smooth Stone","Busted Crown","Anchor","Bird Faced Urn","Snake Skull","Ice Cream","Mummified Hand"],"potions_floor_usage":[12,16,23,23,56,56],"damage_taken":[{"damage":0,"enemies":"2 Louse","floor":1,"turns":1},{"damage":0,"enemies":"Lagavulin","floor":6,"turns":1},{"damage":0,"enemies":"Small Slimes","floor":7,"turns":1},{"damage":0,"enemies":"Jaw Worm","floor":10,"turns":4},{"damage":38,"enemies":"Gremlin Nob","floor":12,"turns":5},{"damage":0,"enemies":"Red Slaver","floor":13,"turns":3},{"damage":0,"enemies":"Looter","floor":14,"turns":2},{"damage":6,"enemies":"Hexaghost","floor":16,"turns":8},{"damage":10,"enemies":"Shell Parasite","floor":18,"turns":6},{"damage":0,"enemies":"Chosen","floor":19,"turns":6},{"damage":2,"enemies":"Snecko","floor":22,"turns":10},{"damage":12,"enemies":"Slavers","floor":23,"turns":5},{"damage":5,"enemies":"Gremlin Leader","floor":31,"turns":5},{"damage":36,"enemies":"Automaton","floor":33,"turns":9},{"damage":0,"enemies":"Orb Walker","floor":35,"turns":2},{"damage":11,"enemies":"3 Darklings","floor":36,"turns":5},{"damage":3,"enemies":"Writhing Mass","floor":38,"turns":5},{"damage":0,"enemies":"Transient","floor":39,"turns":6},{"damage":4,"enemies":"Reptomancer","floor":41,"turns":6},{"damage":9,"enemies":"Giant Head","floor":44,"turns":8},{"damage":1,"enemies":"2 Orb Walkers","floor":47,"turns":5},{"damage":4,"enemies":"Spire Growth","floor":48,"turns":6},{"damage":7,"enemies":"Time Eater","floor":50,"turns":13},{"damage":19,"enemies":"Donu and Deca","floor":51,"turns":10},{"damage":29,"enemies":"Shield and Spear","floor":55,"turns":7},{"damage":7,"enemies":"The Heart","floor":56,"turns":10}],"seed_played":"5801946748065396711","potions_obtained":[{"floor":7,"key":"SkillPotion"},{"floor":13,"key":"SteroidPotion"},{"floor":14,"key":"FearPotion"},{"floor":16,"key":"Weak Potion"},{"floor":33,"key":"Poison Potion"},{"floor":35,"key":"GhostInAJar"}],"is_trial":false,"path_per_floor":["M","?","?","$","?","E","M","R","T","M","R","E","M","M","R","B",null,"M","M","?","?","M","E","$","R","T","R","?","R","$","E","R","B",null,"M","M","?","M","M","R","E","?","T","E","R","$","?","M","R","B","B",null,"R","$","E","B",null],"character_chosen":"THE_SILENT","items_purchased":["Apotheosis","Noxious Fumes","PowerPotion","Deadly Poison","Dodge and Roll","Snake Skull","Noxious Fumes"],"campfire_rested":6,"item_purchase_floors":[4,24,24,30,46,46,54],"current_hp_per_floor":[59,48,41,41,41,41,41,41,41,41,41,3,3,3,22,16,54,44,44,44,44,42,30,30,30,30,49,43,62,62,57,57,21,55,55,44,44,41,41,60,56,56,56,47,63,63,63,63,63,58,47,59,63,63,38,45],"gold":30,"neow_bonus":"THREE_ENEMY_KILL","is_prod":false,"is_daily":false,"chose_seed":false,"campfire_upgraded":4,"win_rate":0,"timestamp":1556357999,"path_taken":["M","?","?","$","?","E","M","R","T","M","R","E","?","M","R","BOSS","M","M","?","?","?","E","?","R","T","R","?","R","$","E","R","BOSS","M","M","?","?","M","R","E","?","T","E","R","$","?","M","R","BOSS","BOSS","R","$","E","BOSS"],"build_version":"2019-01-23","purchased_purges":4,"victory":true,"max_hp_per_floor":[66,66,66,66,66,66,66,66,66,66,66,66,66,66,66,66,66,66,66,66,66,66,66,66,66,66,66,66,66,66,66,66,66,66,66,66,66,66,66,66,66,63,63,63,63,63,63,63,63,63,63,63,63,63,63,63],"card_choices":[{"not_picked":["Calculated Gamble","Dodge and Roll"],"picked":"Deadly Poison","floor":1},{"not_picked":["Riddle With Holes","Skewer"],"picked":"Die Die Die","floor":6},{"not_picked":["Dagger Throw","Bane"],"picked":"Cloak And Dagger","floor":7},{"not_picked":["Prepared","Finisher"],"picked":"Catalyst","floor":10},{"not_picked":["Distraction","Acrobatics","Underhanded Strike"],"picked":"SKIP","floor":12},{"not_picked":["Terror","Underhanded Strike"],"picked":"Dagger Spray","floor":13},{"not_picked":["Sucker Punch","Bane"],"picked":"PiercingWail","floor":14},{"not_picked":["Bullet Time","Grand Finale"],"picked":"Malaise","floor":16},{"not_picked":["Blade Dance","Endless Agony","Prepared"],"picked":"SKIP","floor":18},{"not_picked":["Backstab","Prepared"],"picked":"Backflip","floor":19},{"not_picked":["Underhanded Strike","Outmaneuver"],"picked":"Poisoned Stab","floor":22},{"not_picked":["Acrobatics","Sucker Punch"],"picked":"Dodge and Roll","floor":23},{"not_picked":["Skewer","Quick Slash","Die Die Die"],"picked":"SKIP","floor":31},{"not_picked":["Skewer","Quick Slash"],"picked":"Die Die Die","floor":31},{"not_picked":["Burst","Corpse Explosion"],"picked":"Wraith Form v2","floor":33},{"not_picked":["Flying Knee+1"],"picked":"SKIP","floor":35},{"not_picked":["Predator+1"],"picked":"SKIP","floor":36},{"not_picked":[],"picked":"Backflip+1","floor":38},{"not_picked":["Reflex"],"picked":"SKIP","floor":39},{"not_picked":["Flechettes+1"],"picked":"SKIP","floor":41},{"not_picked":[],"picked":"Well Laid Plans+1","floor":44},{"not_picked":[],"picked":"Noxious Fumes","floor":48},{"not_picked":[],"picked":"Footwork","floor":55}],"player_experience":1105871,"relics_obtained":[{"floor":6,"key":"Matryoshka"},{"floor":9,"key":"Centennial Puzzle"},{"floor":9,"key":"Smiling Mask"},{"floor":12,"key":"Lantern"},{"floor":23,"key":"Bronze Scales"},{"floor":26,"key":"Bottled Lightning"},{"floor":31,"key":"Oddly Smooth Stone"},{"floor":41,"key":"Anchor"},{"floor":44,"key":"Bird Faced Urn"},{"floor":47,"key":"Ice Cream"},{"floor":55,"key":"Mummified Hand"}],"event_choices":[{"damage_healed":0,"gold_gain":75,"player_choice":"Gather Gold","damage_taken":11,"max_hp_gain":0,"max_hp_loss":0,"event_name":"World of Goop","floor":2,"gold_loss":0},{"cards_removed":["Strike_G"],"damage_healed":0,"gold_gain":0,"player_choice":"Card Removal","damage_taken":7,"max_hp_gain":0,"max_hp_loss":0,"event_name":"Golden Wing","floor":3,"gold_loss":0},{"damage_healed":0,"gold_gain":0,"player_choice":"Ignored","damage_taken":0,"max_hp_gain":0,"max_hp_loss":0,"event_name":"WeMeetAgain","floor":5,"gold_loss":0},{"damage_healed":0,"gold_gain":0,"player_choice":"Simplicity","damage_taken":0,"max_hp_gain":0,"max_hp_loss":0,"event_name":"Back to Basics","floor":20,"gold_loss":0,"cards_upgraded":["Defend_G","Defend_G","Defend_G","Defend_G","Defend_G","Strike_G","Strike_G","Strike_G","Strike_G"]},{"cards_removed":["Strike_G"],"damage_healed":0,"gold_gain":0,"player_choice":"Offered Basic","damage_taken":0,"max_hp_gain":0,"max_hp_loss":0,"event_name":"Bonfire Elementals","floor":21,"gold_loss":0},{"damage_healed":0,"gold_gain":0,"player_choice":"Joined the Cult","damage_taken":6,"max_hp_gain":0,"max_hp_loss":0,"event_name":"Nest","floor":28,"gold_loss":0,"cards_obtained":["RitualDagger"]},{"damage_healed":0,"gold_gain":50,"player_choice":"Pray","damage_taken":0,"max_hp_gain":0,"max_hp_loss":0,"event_name":"Golden Shrine","floor":37,"gold_loss":0},{"damage_healed":0,"gold_gain":0,"player_choice":"Max HP","damage_taken":0,"max_hp_gain":0,"max_hp_loss":3,"event_name":"Winding Halls","floor":42,"gold_loss":0},{"damage_healed":0,"gold_gain":0,"player_choice":"Fight","damage_taken":0,"max_hp_gain":0,"max_hp_loss":0,"event_name":"Mysterious Sphere","floor":47,"gold_loss":0}],"is_beta":false,"boss_relics":[{"not_picked":["White Beast Statue","Black Star"],"picked":"Cursed Key"},{"not_picked":["Tiny House","Orrery"],"picked":"Busted Crown"}],"items_purged_floors":[24,30,46,54],"is_endless":false,"potions_floor_spawned":[7,13,14,16,22,33,35,41,44,47,55],"ascension_level":20}