{"gold_per_floor":[112,82,94,105,30,55,55,74,74,74,74,89,89,101,101,173,173,184,9,9,9,9,36,36,55,102,2,2,13,31,48,48,119,119,133,133,133,152,171,171,171,6,76,76,76,87,107,49,49,49,49],"floor_reached":51,"playtime":2152,"items_purged":["Strike_B","Strike_B+1"],"score":1234,"play_id":"cade963b-eeed-499f-b5de-c3970ad5801c","local_time":"20190224110622","is_ascension_mode":true,"campfire_choices":[{"data":"Sunder","floor":7.0,"key":"SMITH"},{"floor":13.0,"key":"REST"},{"data":"Conserve Battery","floor":15.0,"key":"SMITH"},{"floor":24.0,"key":"REST"},{"data":"Blind","floor":28.0,"key":"SMITH"},{"data":"Capacitor","floor":32.0,"key":"SMITH"},{"data":"Panacea","floor":40.0,"key":"SMITH"},{"data":"Biased Cognition","floor":45.0,"key":"SMITH"},{"floor":49.0,"key":"REST"}],"neow_cost":"NONE","seed_source_timestamp":2768072623607605,"circlet_count":0,"master_deck":["AscendersBane","Strike_B+1","Defend_B+1","Defend_B+1","Defend_B+1","Defend_B+1","Zap+1","Dualcast+1","Electrodynamics","Conserve Battery+1","Sunder+1","Leap","Ball Lightning+1","Biased Cognition+1","Chill","Capacitor+1","Blind+1","Ghostly","Ghostly+1","Ghostly","FTL+1","Coolheaded+1","Panacea+1","Core Surge+1","Hologram"],"special_seed":0,"relics":["FrozenCore","Dream Catcher","Centennial Puzzle","Molten Egg 2","Regal Pillow","Strawberry","Nuclear Battery","War Paint","Bottled Flame"],"potions_floor_usage":[],"damage_taken":[{"damage":1.0,"enemies":"Cultist","floor":1.0,"turns":3.0},{"damage":0.0,"enemies":"Jaw Worm","floor":3.0,"turns":4.0},{"damage":0.0,"enemies":"Small Slimes","floor":4.0,"turns":4.0},{"damage":32.0,"enemies":"Gremlin Nob","floor":6.0,"turns":4.0},{"damage":2.0,"enemies":"Looter","floor":8.0,"turns":3.0},{"damage":1.0,"enemies":"2 Fungi Beasts","floor":12.0,"turns":2.0},{"damage":1.0,"enemies":"Blue Slaver","floor":14.0,"turns":3.0},{"damage":8.0,"enemies":"The Guardian","floor":16.0,"turns":10.0},{"damage":22.0,"enemies":"2 Thieves","floor":18.0,"turns":3.0},{"damage":32.0,"enemies":"Book of Stabbing","floor":23.0,"turns":8.0},{"damage":0.0,"enemies":"Shell Parasite","floor":25.0,"turns":6.0},{"damage":0.0,"enemies":"Shelled Parasite and Fungi","floor":29.0,"turns":5.0},{"damage":1.0,"enemies":"Centurion and Healer","floor":30.0,"turns":6.0},{"damage":0.0,"enemies":"3 Cultists","floor":31.0,"turns":4.0},{"damage":13.0,"enemies":"Collector","floor":33.0,"turns":10.0},{"damage":0.0,"enemies":"Orb Walker","floor":35.0,"turns":5.0},{"damage":0.0,"enemies":"3 Shapes","floor":38.0,"turns":5.0},{"damage":7.0,"enemies":"3 Darklings","floor":39.0,"turns":5.0},{"damage":4.0,"enemies":"Maw","floor":46.0,"turns":8.0},{"damage":15.0,"enemies":"Jaw Worm Horde","floor":47.0,"turns":5.0},{"damage":35.0,"enemies":"Donu and Deca","floor":50.0,"turns":17.0},{"damage":23,"enemies":"Awakened One","floor":51,"turns":5}],"seed_played":"7954453979320084454","potions_obtained":[{"floor":2.0,"key":"FocusPotion"},{"floor":2.0,"key":"PowerPotion"},{"floor":3.0,"key":"Fire Potion"},{"floor":6.0,"key":"Strength Potion"},{"floor":12.0,"key":"Ancient Potion"},{"floor":14.0,"key":"Dexterity Potion"},{"floor":25.0,"key":"SteroidPotion"},{"floor":38.0,"key":"Regen Potion"},{"floor":39.0,"key":"Regen Potion"}],"is_trial":false,"path_per_floor":["M","?","M","M","$","E","R","M","T","?","?","M","R","M","R","B",null,"M","$","?","?","?","E","R","M","T","$","R","M","M","M","R","B",null,"M","?","?","M","M","R","?","$","T","$","R","M","M","$","R","B","B"],"character_chosen":"DEFECT","items_purchased":["Capacitor","Blind","War Paint","Hologram"],"campfire_rested":3,"item_purchase_floors":[19,19,42,48],"current_hp_per_floor":[63,63,63,63,63,31,31,29,29,11,11,10,31,30,30,22,59,37,37,35,35,35,3,28,28,35,35,35,35,34,34,34,21,37,37,37,37,37,30,30,30,30,30,30,30,26,25,25,42,22,0],"gold":49,"neow_bonus":"ONE_RANDOM_RARE_CARD","is_prod":false,"is_daily":false,"chose_seed":false,"campfire_upgraded":6,"win_rate":0,"timestamp":1550973982,"path_taken":["M","?","M","?","$","E","R","M","T","?","?","M","R","M","R","BOSS","M","?","?","?","?","E","R","M","T","?","R","M","?","M","R","BOSS","M","?","?","?","M","R","?","$","T","$","R","M","M","$","R","BOSS","BOSS"],"build_version":"2019-01-23","purchased_purges":2,"victory":false,"max_hp_per_floor":[71,71,71,71,71,71,71,71,71,71,71,71,71,71,71,71,71,71,71,35,35,35,35,35,35,42,42,42,42,42,42,42,42,42,42,42,42,42,42,42,42,42,42,42,42,42,42,42,42,42,42],"card_choices":[{"not_picked":["Rebound","Genetic Algorithm"],"picked":"Conserve Battery","floor":1.0},{"not_picked":["Beam Cell","Redo"],"picked":"Sunder","floor":3.0},{"not_picked":["Conserve Battery","Coolheaded","Beam Cell"],"picked":"SKIP","floor":4.0},{"not_picked":["Blizzard","Force Field"],"picked":"Leap","floor":6.0},{"not_picked":["Turbo","Reprogram","Rebound"],"picked":"SKIP","floor":8.0},{"not_picked":["Heatsinks","Gash+1","Redo"],"picked":"SKIP","floor":12.0},{"not_picked":["Scrape+1","Redo"],"picked":"Ball Lightning+1","floor":13.0},{"not_picked":["Rainbow","Force Field","Recycle"],"picked":"SKIP","floor":14.0},{"not_picked":["Amplify","Rainbow"],"picked":"Biased Cognition","floor":16.0},{"not_picked":["Darkness","Loop"],"picked":"Chill","floor":18.0},{"not_picked":["Stack","Lockon+1","Hello World"],"picked":"SKIP","floor":23.0},{"not_picked":["Gash+1","Chill","Recycle"],"picked":"SKIP","floor":25.0},{"not_picked":["Rebound+1","Conserve Battery","Streamline+1"],"picked":"SKIP","floor":29.0},{"not_picked":["Rainbow","Streamline+1","Rebound+1"],"picked":"SKIP","floor":30.0},{"not_picked":["Cold Snap+1","Coolheaded"],"picked":"FTL+1","floor":31.0},{"not_picked":["Scrape+1","Sunder+1"],"picked":"Coolheaded+1","floor":35.0},{"not_picked":["Forethought","Dramatic Entrance+1"],"picked":"Panacea","floor":36.0},{"not_picked":["Rebound+1","Reprogram","Genetic Algorithm"],"picked":"SKIP","floor":38.0},{"not_picked":["Heatsinks+1","Melter+1","Storm"],"picked":"SKIP","floor":39.0},{"not_picked":["Cold Snap+1","Rebound+1","Gash+1"],"picked":"SKIP","floor":46.0},{"not_picked":["Thunder Strike+1","Scrape+1","Steam"],"picked":"SKIP","floor":47.0}],"player_experience":582698,"relics_obtained":[{"floor":6.0,"key":"Dream Catcher"},{"floor":9.0,"key":"Centennial Puzzle"},{"floor":23.0,"key":"Regal Pillow"},{"floor":26.0,"key":"Strawberry"},{"floor":43.0,"key":"Bottled Flame"}],"event_choices":[{"damage_healed":0.0,"max_hp_gain":0.0,"max_hp_loss":0.0,"gold_gain":0.0,"event_name":"The Woman in Blue","player_choice":"Bought 2 Potions","floor":2.0,"gold_loss":0.0,"damage_taken":0.0},{"damage_healed":0.0,"max_hp_gain":0.0,"max_hp_loss":0.0,"gold_gain":0.0,"event_name":"Scrap Ooze","player_choice":"Success","floor":10.0,"gold_loss":0.0,"damage_taken":18.0,"relics_obtained":["Molten Egg 2"]},{"damage_healed":0.0,"max_hp_gain":0.0,"max_hp_loss":0.0,"gold_gain":0.0,"event_name":"Upgrade Shrine","player_choice":"Upgraded","floor":11.0,"gold_loss":0.0,"damage_taken":0.0,"cards_upgraded":["Zap"]},{"damage_healed":0.0,"max_hp_gain":0.0,"max_hp_loss":36.0,"gold_gain":0.0,"event_name":"Ghosts","player_choice":"Became a Ghost","floor":20.0,"gold_loss":0.0,"damage_taken":0.0,"cards_obtained":["Ghostly","Ghostly","Ghostly"]},{"damage_healed":0.0,"max_hp_gain":0.0,"max_hp_loss":0.0,"gold_gain":0.0,"event_name":"Vampires","player_choice":"Ignored","floor":21.0,"gold_loss":0.0,"damage_taken":0.0},{"damage_healed":0.0,"max_hp_gain":0.0,"max_hp_loss":0.0,"gold_gain":0.0,"event_name":"Back to Basics","player_choice":"Simplicity","floor":22.0,"gold_loss":0.0,"damage_taken":0.0,"cards_upgraded":["Strike_B","Strike_B","Strike_B","Defend_B","Defend_B","Defend_B","Defend_B"]},{"damage_healed":0.0,"max_hp_gain":0.0,"max_hp_loss":0.0,"gold_gain":0.0,"event_name":"SensoryStone","player_choice":"Memory 1","floor":36.0,"gold_loss":0.0,"damage_taken":0.0},{"cards_removed":["Strike_B"],"damage_healed":0.0,"max_hp_gain":0.0,"max_hp_loss":0.0,"gold_gain":0.0,"event_name":"Falling","player_choice":"Removed Attack","floor":37.0,"gold_loss":0.0,"damage_taken":0.0},{"damage_healed":0.0,"max_hp_gain":0.0,"max_hp_loss":0.0,"gold_gain":0.0,"event_name":"Match and Keep!","player_choice":"1 cards matched","floor":41.0,"gold_loss":0.0,"damage_taken":0.0,"cards_obtained":["Core Surge"]}],"is_beta":false,"boss_relics":[{"not_picked":["White Beast Statue","Eternal Feather"],"picked":"FrozenCore"},{"not_picked":["Calling Bell","Sozu"],"picked":"Nuclear Battery"}],"items_purged_floors":[5,27],"is_endless":false,"potions_floor_spawned":[3,6,12,14,25,29,30,38,39],"killed_by":"Awakened One","ascension_level":20}