{"gold_per_floor":[118,118,39,39,57,91,91,115,115,115,139,139],"floor_reached":12,"playtime":223,"items_purged":[],"score":78,"play_id":"d41df292-0a04-4dc3-a6b7-f3e1f50aaca9","local_time":"20190504205958","is_ascension_mode":false,"campfire_choices":[{"floor":10,"key":"REST"}],"neow_cost":"PERCENT_DAMAGE","seed_source_timestamp":98533928244100,"circlet_count":0,"master_deck":["Strike_B","Strike_B","Strike_B","Defend_B","Defend_B","Defend_B","Defend_B","Zap","Dualcast","Loop","Darkness","Sweeping Beam","Capacitor","Auto Shields","Go for the Eyes"],"relics":["Cracked Core","StoneCalendar","Golden Idol","Centennial Puzzle","Gremlin Horn"],"potions_floor_usage":[6],"damage_taken":[{"damage":0,"enemies":"2 Louse","floor":1,"turns":2},{"damage":5,"enemies":"Small Slimes","floor":5,"turns":3},{"damage":31,"enemies":"Lagavulin","floor":6,"turns":5},{"damage":1,"enemies":"Cultist","floor":8,"turns":3},{"damage":10,"enemies":"2 Fungi Beasts","floor":11,"turns":3},{"damage":26,"enemies":"Exordium Wildlife","floor":12,"turns":5}],"seed_played":"7521564269416311909","potions_obtained":[{"floor":5,"key":"Explosive Potion"},{"floor":6,"key":"EntropicBrew"}],"is_trial":false,"path_per_floor":["M","?","$","?","M","E","?","M","T","R","M","M"],"character_chosen":"DEFECT","items_purchased":["Darkness"],"campfire_rested":1,"item_purchase_floors":[3],"current_hp_per_floor":[68,61,61,39,34,3,3,2,2,28,18,0],"gold":139,"neow_bonus":"TWENTY_PERCENT_HP_BONUS","is_prod":false,"is_daily":false,"chose_seed":false,"campfire_upgraded":0,"win_rate":0,"timestamp":1557017998,"path_taken":["M","?","$","?","M","E","?","M","T","R","M","M"],"build_version":"2019-01-23","purchased_purges":0,"victory":false,"max_hp_per_floor":[89,89,89,89,89,89,89,89,89,89,89,89],"card_choices":[{"not_picked":["Leap","Streamline"],"picked":"Loop","floor":1},{"not_picked":["Aggregate","Beam Cell"],"picked":"Sweeping Beam","floor":5},{"not_picked":["Hologram","Barrage"],"picked":"Capacitor","floor":6},{"not_picked":["Melter","Beam Cell"],"picked":"Auto Shields","floor":8},{"not_picked":["Leap","All For One"],"picked":"Go for the Eyes","floor":11}],"player_experience":93379,"relics_obtained":[{"floor":6,"key":"Centennial Puzzle"},{"floor":9,"key":"Gremlin Horn"}],"event_choices":[{"damage_healed":0,"gold_gain":0,"player_choice":"Success","damage_taken":7,"relics_obtained":["StoneCalendar"],"max_hp_gain":0,"max_hp_loss":0,"event_name":"Scrap Ooze","floor":2,"gold_loss":0},{"damage_healed":0,"gold_gain":0,"player_choice":"Take Damage","damage_taken":22,"relics_obtained":["Golden Idol"],"max_hp_gain":0,"max_hp_loss":0,"event_name":"Golden Idol","floor":4,"gold_loss":0},{"cards_removed":["Strike_B"],"damage_healed":0,"gold_gain":0,"player_choice":"Forget","damage_taken":0,"max_hp_gain":0,"max_hp_loss":0,"event_name":"Living Wall","floor":7,"gold_loss":0}],"is_beta":false,"boss_relics":[],"items_purged_floors":[],"is_endless":false,"potions_floor_spawned":[5,6],"killed_by":"Exordium Wildlife","ascension_level":0}