{"gold_per_floor":[114,189,189,205,20,20,34,63,98,110,133,145,217,154,166,253,265,296,308,295,139,109,109,119,133,133,133,183,18,18,36,36,113,113,127,127,139,63,163,163,191,206,206,206],"floor_reached":44,"playtime":2554,"items_purged":[],"score":825,"play_id":"fd316c91-301b-462d-869e-0e090a625353","local_time":"20190303141643","is_ascension_mode":true,"campfire_choices":[{"data":"Sucker Punch","floor":6,"key":"SMITH"},{"data":"Leg Sweep","floor":10,"key":"SMITH"},{"data":"Riddle With Holes","floor":12,"key":"SMITH"},{"data":"Dagger Spray","floor":15,"key":"SMITH"},{"data":"Bouncing Flask","floor":23,"key":"SMITH"},{"data":"Crippling Poison","floor":27,"key":"SMITH"},{"floor":30,"key":"REST"},{"data":"Bullet Time","floor":32,"key":"SMITH"},{"floor":40,"key":"REST"}],"neow_cost":"TEN_PERCENT_HP_LOSS","seed_source_timestamp":374958298543677,"circlet_count":0,"master_deck":["AscendersBane","Defend_G","Defend_G","Defend_G","Defend_G","Defend_G","Strike_G","Survivor","Neutralize","Bullet Time+1","Prepared","Dash","Sucker Punch+1","Riddle With Holes+1","Leg Sweep+1","Dagger Spray+1","After Image","Night Terror+1","Underhanded Strike+1","Poisoned Stab+1","Flying Knee+1","Footwork","Bouncing Flask+1","Crippling Poison+1","Venomology","Expertise+1","Malaise","Skewer+1","Noxious Fumes","Crippling Poison+1","Footwork","Calculated Gamble","Parasite"],"relics":["Ring of the Snake","Vajra","MawBank","Oddly Smooth Stone","Astrolabe","Torii","Potion Belt","Runic Pyramid","Peace Pipe","Blood Vial","Snake Skull"],"potions_floor_usage":[16,20,25,33,33,39,39,41,42,42,42,42,44,44],"damage_taken":[{"damage":7,"enemies":"Small Slimes","floor":1,"turns":4},{"damage":2,"enemies":"2 Louse","floor":4,"turns":4},{"damage":0,"enemies":"Cultist","floor":7,"turns":4},{"damage":10,"enemies":"3 Sentries","floor":8,"turns":7},{"damage":3,"enemies":"Exordium Wildlife","floor":11,"turns":7},{"damage":26,"enemies":"Hexaghost","floor":16,"turns":15},{"damage":5,"enemies":"Chosen","floor":18,"turns":8},{"damage":10,"enemies":"Colosseum Slavers","floor":19,"turns":5},{"damage":1,"enemies":"2 Thieves","floor":20,"turns":4},{"damage":22,"enemies":"Sentry and Sphere","floor":24,"turns":7},{"damage":1,"enemies":"Snake Plant","floor":25,"turns":4},{"damage":16,"enemies":"3 Cultists","floor":31,"turns":6},{"damage":20,"enemies":"Automaton","floor":33,"turns":12},{"damage":40,"enemies":"3 Darklings","floor":35,"turns":12},{"damage":10,"enemies":"3 Shapes","floor":37,"turns":6},{"damage":0,"enemies":"Mind Bloom Boss Battle","floor":39,"turns":9},{"damage":1,"enemies":"Nemesis","floor":41,"turns":9},{"damage":13,"enemies":"Transient","floor":42,"turns":6},{"damage":29,"enemies":"Writhing Mass","floor":44,"turns":5}],"seed_played":"2824401044191665503","potions_obtained":[{"floor":8,"key":"Swift Potion"},{"floor":16,"key":"Regen Potion"},{"floor":22,"key":"SneckoOil"},{"floor":22,"key":"SpeedPotion"},{"floor":24,"key":"PowerPotion"},{"floor":33,"key":"Ancient Potion"},{"floor":35,"key":"FearPotion"},{"floor":36,"key":"AttackPotion"},{"floor":41,"key":"Energy Potion"}],"is_trial":false,"path_per_floor":["M","?","?","M","$","R","M","E","T","R","M","R","?","?","R","B",null,"M","?","M","$","?","R","M","M","T","R","?","$","R","M","R","B",null,"M","?","M","$","?","R","E","M","T","M"],"character_chosen":"THE_SILENT","items_purchased":["Vajra","Sucker Punch","Footwork","Bouncing Flask","Potion Belt","Noxious Fumes"],"campfire_rested":2,"item_purchase_floors":[5,5,21,21,29,38],"current_hp_per_floor":[52,41,46,44,44,44,44,34,34,34,31,31,31,31,31,5,50,45,35,48,48,48,48,26,25,25,25,25,25,44,28,28,8,51,11,11,1,1,1,20,19,8,8,0],"gold":206,"neow_bonus":"THREE_RARE_CARDS","is_prod":false,"is_daily":false,"chose_seed":false,"campfire_upgraded":7,"win_rate":0,"timestamp":1551590203,"path_taken":["M","?","?","M","$","R","M","E","T","R","M","R","?","?","R","BOSS","M","?","M","$","?","R","?","M","T","R","?","?","R","M","R","BOSS","M","?","?","$","?","R","E","M","T","M"],"build_version":"2019-01-23","purchased_purges":0,"victory":false,"max_hp_per_floor":[60,60,65,65,65,65,65,65,65,65,65,65,65,65,65,65,65,65,65,65,65,65,65,65,65,65,65,65,65,65,65,65,65,65,65,65,65,65,65,65,65,65,65,65],"card_choices":[{"not_picked":["Corpse Explosion","A Thousand Cuts"],"picked":"Bullet Time","floor":0},{"not_picked":["Outmaneuver","Caltrops"],"picked":"Prepared","floor":1},{"not_picked":["Footwork","Underhanded Strike"],"picked":"Dash","floor":4},{"not_picked":["Outmaneuver","Dagger Throw"],"picked":"Riddle With Holes","floor":7},{"not_picked":["Backstab","Dodge and Roll"],"picked":"Leg Sweep","floor":8},{"not_picked":["Dash","PiercingWail"],"picked":"Dagger Spray","floor":11},{"not_picked":["Burst","Unload"],"picked":"After Image","floor":16},{"not_picked":["Dagger Spray","Slice","Underhanded Strike"],"picked":"SKIP","floor":18},{"not_picked":["Dagger Throw","PiercingWail"],"picked":"Flying Knee+1","floor":20},{"not_picked":["Calculated Gamble","Deflect+1"],"picked":"Crippling Poison","floor":24},{"not_picked":["Finisher","Dagger Spray"],"picked":"Venomology","floor":25},{"not_picked":["Dagger Spray+1","Prepared"],"picked":"Expertise+1","floor":31},{"not_picked":["Wraith Form v2","Phantasmal Killer"],"picked":"Malaise","floor":33},{"not_picked":["Bane","Tactician+1"],"picked":"Skewer+1","floor":35},{"not_picked":["Dagger Throw+1","Flying Knee","Masterful Stab"],"picked":"SKIP","floor":37},{"not_picked":["Deadly Poison+1","Bane"],"picked":"Crippling Poison+1","floor":39},{"not_picked":["Flechettes","A Thousand Cuts"],"picked":"Footwork","floor":41},{"not_picked":["Blade Dance","Underhanded Strike"],"picked":"Calculated Gamble","floor":42}],"player_experience":608189,"relics_obtained":[{"floor":8,"key":"MawBank"},{"floor":9,"key":"Oddly Smooth Stone"},{"floor":26,"key":"Torii"},{"floor":39,"key":"Peace Pipe"},{"floor":41,"key":"Blood Vial"},{"floor":43,"key":"Snake Skull"}],"event_choices":[{"damage_healed":0,"gold_gain":75,"player_choice":"Gather Gold","damage_taken":11,"max_hp_gain":0,"max_hp_loss":0,"event_name":"World of Goop","floor":2,"gold_loss":0},{"damage_healed":0,"gold_gain":0,"player_choice":"Donut","damage_taken":0,"max_hp_gain":5,"max_hp_loss":0,"event_name":"Big Fish","floor":3,"gold_loss":0},{"damage_healed":0,"gold_gain":60,"player_choice":"Gained Gold","damage_taken":0,"max_hp_gain":0,"max_hp_loss":0,"event_name":"Golden Wing","floor":13,"gold_loss":0},{"cards_removed":["Strike_G"],"damage_healed":0,"gold_gain":0,"player_choice":"Card Removal","damage_taken":0,"max_hp_gain":0,"max_hp_loss":0,"event_name":"The Cleric","floor":14,"gold_loss":75},{"damage_healed":0,"gold_gain":0,"player_choice":"Fight","damage_taken":0,"max_hp_gain":0,"max_hp_loss":0,"event_name":"Colosseum","floor":19,"gold_loss":0},{"damage_healed":0,"gold_gain":0,"player_choice":"Fled From Nobs","damage_taken":0,"max_hp_gain":0,"max_hp_loss":0,"event_name":"Colosseum","floor":19,"gold_loss":0},{"damage_healed":0,"gold_gain":0,"player_choice":"Bought 2 Potions","damage_taken":0,"max_hp_gain":0,"max_hp_loss":0,"event_name":"The Woman in Blue","floor":22,"gold_loss":0},{"damage_healed":0,"gold_gain":100,"player_choice":"Bet on Murderer","damage_taken":0,"max_hp_gain":0,"max_hp_loss":0,"event_name":"The Joust","floor":28,"gold_loss":50},{"damage_healed":0,"gold_gain":0,"player_choice":"Got Potions","damage_taken":0,"max_hp_gain":0,"max_hp_loss":0,"event_name":"Lab","floor":36,"gold_loss":0},{"damage_healed":0,"gold_gain":0,"player_choice":"Fight","damage_taken":0,"max_hp_gain":0,"max_hp_loss":0,"event_name":"MindBloom","floor":39,"gold_loss":0}],"is_beta":false,"boss_relics":[{"not_picked":["Orrery","Busted Crown"],"picked":"Astrolabe"},{"not_picked":["Philosopher\u0027s Stone","Pandora\u0027s Box"],"picked":"Runic Pyramid"}],"items_purged_floors":[],"is_endless":false,"potions_floor_spawned":[8,16,19,24,33,35,37,41],"killed_by":"Writhing Mass","ascension_level":18}