{"gold_per_floor":[114,131,141,160,179,236,251,251,275,275,307,317,317,329,329,329],"floor_reached":16,"playtime":790,"items_purged":[],"score":232,"play_id":"e7ab7075-385d-41d4-abba-e6c19960bd85","local_time":"20190502101444","is_ascension_mode":true,"campfire_choices":[{"floor":8,"key":"REST"},{"floor":10,"key":"REST"},{"data":"Zap","floor":13,"key":"SMITH"},{"floor":15,"key":"REST"}],"neow_cost":"NONE","seed_source_timestamp":277642281651100,"circlet_count":0,"master_deck":["AscendersBane","Strike_B","Strike_B","Strike_B","Strike_B","Defend_B+1","Defend_B+1","Defend_B","Defend_B","Zap+1","Dualcast","Barrage","Double Energy","Glacier","Cold Snap","Sweeping Beam","Hologram","Reinforced Body","Ball Lightning"],"relics":["Cracked Core","Tiny Chest","War Paint","Kunai"],"potions_floor_usage":[3,6,6,16],"damage_taken":[{"damage":2,"enemies":"Cultist","floor":1,"turns":4},{"damage":9,"enemies":"Small Slimes","floor":2,"turns":3},{"damage":0,"enemies":"Jaw Worm","floor":3,"turns":1},{"damage":17,"enemies":"Lots of Slimes","floor":4,"turns":5},{"damage":0,"enemies":"Blue Slaver","floor":5,"turns":5},{"damage":9,"enemies":"Gremlin Nob","floor":6,"turns":3},{"damage":22,"enemies":"Gremlin Gang","floor":7,"turns":6},{"damage":21,"enemies":"Lagavulin","floor":11,"turns":9},{"damage":6,"enemies":"Lots of Slimes","floor":12,"turns":2},{"damage":2,"enemies":"3 Louse","floor":14,"turns":4},{"damage":44,"enemies":"Slime Boss","floor":16,"turns":10}],"seed_played":"6748310752856771635","potions_obtained":[{"floor":0,"key":"AttackPotion"},{"floor":0,"key":"FearPotion"},{"floor":4,"key":"Fire Potion"},{"floor":12,"key":"EssenceOfSteel"}],"is_trial":false,"path_per_floor":["M","M","M","M","M","E","M","R","T","R","E","M","R","M","R","B"],"character_chosen":"DEFECT","items_purchased":[],"campfire_rested":3,"item_purchase_floors":[],"current_hp_per_floor":[62,53,53,36,36,27,5,26,26,47,26,20,20,18,39,0],"gold":329,"neow_bonus":"THREE_SMALL_POTIONS","is_prod":false,"is_daily":false,"chose_seed":false,"campfire_upgraded":1,"win_rate":0,"timestamp":1556759684,"path_taken":["M","M","M","M","?","E","M","R","T","R","E","M","R","M","R","BOSS"],"build_version":"2019-01-23","purchased_purges":0,"victory":false,"max_hp_per_floor":[71,71,71,71,71,71,71,71,71,71,71,71,71,71,71,71],"card_choices":[{"not_picked":["Lockon","Rip and Tear"],"picked":"Barrage","floor":1},{"not_picked":["Beam Cell","Redo"],"picked":"Double Energy","floor":2},{"not_picked":["Chill","Loop"],"picked":"Glacier","floor":3},{"not_picked":["Compile Driver","Steam"],"picked":"Cold Snap","floor":4},{"not_picked":["Hologram","Rebound"],"picked":"Sweeping Beam","floor":5},{"not_picked":["Rebound","Fission"],"picked":"Hologram","floor":6},{"not_picked":["Leap","Darkness","Rebound"],"picked":"SKIP","floor":7},{"not_picked":["Beam Cell","Reprogram"],"picked":"Reinforced Body","floor":11},{"not_picked":["Steam","Reinforced Body","Sweeping Beam"],"picked":"SKIP","floor":12},{"not_picked":["Rip and Tear","Streamline"],"picked":"Ball Lightning","floor":14}],"player_experience":1181806,"relics_obtained":[{"floor":6,"key":"Tiny Chest"},{"floor":9,"key":"War Paint"},{"floor":11,"key":"Kunai"}],"event_choices":[],"is_beta":false,"boss_relics":[],"items_purged_floors":[],"is_endless":false,"potions_floor_spawned":[2,4,12],"killed_by":"Slime Boss","ascension_level":20}