{"gold_per_floor":[116,133,150,23,23,23,58,58,58,58,83,8,39,39,39,163,163,184,184,158,23,36,36,36],"floor_reached":24,"playtime":1868,"items_purged":[],"score":318,"play_id":"1005274f-8c8d-47e8-b9d3-2d1c7e2eacc9","local_time":"20190331195924","is_ascension_mode":true,"campfire_choices":[{"data":"Skewer","floor":6,"key":"SMITH"},{"floor":8,"key":"REST"},{"floor":10,"key":"REST"},{"floor":15,"key":"REST"},{"floor":23,"key":"REST"}],"neow_cost":"NONE","seed_source_timestamp":593707142087659,"circlet_count":0,"master_deck":["AscendersBane","Defend_G","Defend_G","Defend_G","Defend_G","Defend_G","Strike_G","Strike_G","Strike_G","Strike_G","Strike_G","Survivor","Neutralize","Skewer+1","Caltrops","Well Laid Plans","Dodge and Roll","After Image","Deadly Poison","Noxious Fumes","Backflip","Crippling Poison","Corpse Explosion","Leg Sweep+1"],"relics":["Ring of the Snake","Gambling Chip","The Specimen","Dead Branch","Girya","Oddly Smooth Stone","Golden Idol","Eternal Feather"],"potions_floor_usage":[7,7,7,24],"damage_taken":[{"damage":4,"enemies":"2 Louse","floor":1,"turns":5},{"damage":0,"enemies":"Small Slimes","floor":2,"turns":3},{"damage":6,"enemies":"Cultist","floor":3,"turns":3},{"damage":33,"enemies":"Lagavulin","floor":7,"turns":9},{"damage":21,"enemies":"3 Sentries","floor":11,"turns":7},{"damage":13,"enemies":"Lagavulin","floor":13,"turns":7},{"damage":18,"enemies":"Slime Boss","floor":16,"turns":12},{"damage":12,"enemies":"3 Byrds","floor":18,"turns":6},{"damage":22,"enemies":"2 Thieves","floor":20,"turns":5},{"damage":25,"enemies":"Snake Plant","floor":22,"turns":6},{"damage":36,"enemies":"Slavers","floor":24,"turns":4}],"seed_played":"8023700519727804170","potions_obtained":[{"floor":0,"key":"Ancient Potion"},{"floor":0,"key":"Regen Potion"},{"floor":0,"key":"PowerPotion"},{"floor":1,"key":"SpeedPotion"},{"floor":13,"key":"FairyPotion"},{"floor":22,"key":"SkillPotion"}],"is_trial":false,"path_per_floor":["M","M","M","$","?","R","E","R","T","R","E","$","E","?","R","B",null,"M","?","M","$","M","R","E"],"character_chosen":"THE_SILENT","items_purchased":["Well Laid Plans","Dodge and Roll","Noxious Fumes","Corpse Explosion"],"campfire_rested":4,"item_purchase_floors":[4,4,12,21],"current_hp_per_floor":[59,59,53,53,41,41,23,44,44,65,44,44,31,31,50,32,57,45,39,17,17,4,35,0],"gold":36,"neow_bonus":"THREE_SMALL_POTIONS","is_prod":false,"is_daily":false,"chose_seed":false,"campfire_upgraded":1,"win_rate":0,"timestamp":1554055164,"path_taken":["M","M","M","$","?","R","E","R","T","R","E","$","E","?","R","BOSS","M","?","?","$","M","R","E"],"build_version":"2019-01-23","purchased_purges":0,"victory":false,"max_hp_per_floor":[70,70,70,70,70,70,70,70,70,70,70,70,70,65,65,65,65,65,65,65,65,65,65,65],"card_choices":[{"not_picked":["Bane","Prepared"],"picked":"Skewer","floor":1},{"not_picked":["Dagger Throw","Slice"],"picked":"Caltrops","floor":2},{"not_picked":["Slice","Acrobatics","Prepared"],"picked":"SKIP","floor":3},{"not_picked":["Bane","Outmaneuver"],"picked":"After Image","floor":7},{"not_picked":["Dagger Throw","Underhanded Strike"],"picked":"Deadly Poison","floor":11},{"not_picked":["Dagger Throw","Prepared","Calculated Gamble"],"picked":"SKIP","floor":13},{"not_picked":["Leg Sweep","Dagger Throw"],"picked":"Backflip","floor":18},{"not_picked":["Deflect","Slice"],"picked":"Crippling Poison","floor":20},{"not_picked":["Quick Slash","Skewer"],"picked":"Leg Sweep+1","floor":22}],"player_experience":408028,"relics_obtained":[{"floor":7,"key":"The Specimen"},{"floor":9,"key":"Dead Branch"},{"floor":11,"key":"Girya"},{"floor":13,"key":"Oddly Smooth Stone"}],"event_choices":[{"damage_healed":0,"gold_gain":0,"player_choice":"Success","damage_taken":12,"relics_obtained":["Gambling Chip"],"max_hp_gain":0,"max_hp_loss":0,"event_name":"Scrap Ooze","floor":5,"gold_loss":0},{"damage_healed":0,"gold_gain":0,"player_choice":"Lose Max HP","damage_taken":0,"relics_obtained":["Golden Idol"],"max_hp_gain":0,"max_hp_loss":5,"event_name":"Golden Idol","floor":14,"gold_loss":0},{"damage_healed":0,"gold_gain":0,"player_choice":"Damaged","damage_taken":6,"max_hp_gain":0,"max_hp_loss":0,"event_name":"Wheel of Change","floor":19,"gold_loss":0}],"is_beta":false,"boss_relics":[{"not_picked":["Philosopher\u0027s Stone","Coffee Dripper"],"picked":"Eternal Feather"}],"items_purged_floors":[],"is_endless":false,"potions_floor_spawned":[1,3,13,22],"killed_by":"Slavers","ascension_level":10}