{"gold_per_floor":[113,124,139,139,153,194,51,51],"floor_reached":8,"playtime":292,"items_purged":[],"score":58,"play_id":"2a003dca-d5c4-46ff-8f13-02a8f41cd101","local_time":"20190511190801","is_ascension_mode":false,"campfire_choices":[],"neow_cost":"NONE","seed_source_timestamp":1263265492233203,"circlet_count":0,"master_deck":["Strike_R","Strike_R","Strike_R","Strike_R","Strike_R","Defend_R","Defend_R","Defend_R","Defend_R","Bash+1","True Grit","Flame Barrier"],"relics":["Burning Blood","Golden Idol","Strawberry","Blood Vial"],"potions_floor_usage":[6,6],"damage_taken":[{"damage":1,"enemies":"Jaw Worm","floor":1,"turns":4},{"damage":1,"enemies":"Small Slimes","floor":2,"turns":3},{"damage":10,"enemies":"Cultist","floor":3,"turns":4},{"damage":13,"enemies":"Lots of Slimes","floor":5,"turns":5},{"damage":41,"enemies":"Lagavulin","floor":6,"turns":8},{"damage":28,"enemies":"The Mushroom Lair","floor":8,"turns":4}],"seed_played":"-6050197822982799552","potions_obtained":[{"floor":1,"key":"Dexterity Potion"},{"floor":3,"key":"Block Potion"}],"is_trial":false,"path_per_floor":["M","M","M","?","M","E","$","?"],"character_chosen":"IRONCLAD","items_purchased":["Blood Vial"],"campfire_rested":0,"item_purchase_floors":[7],"current_hp_per_floor":[80,80,76,56,49,21,21,0],"gold":51,"neow_bonus":"UPGRADE_CARD","is_prod":false,"is_daily":false,"chose_seed":false,"campfire_upgraded":0,"win_rate":0,"timestamp":1557572881,"path_taken":["M","M","M","?","M","E","$","?"],"build_version":"2019-01-23","purchased_purges":0,"victory":false,"max_hp_per_floor":[80,80,80,80,80,87,87,87],"card_choices":[{"not_picked":["Fire Breathing","Heavy Blade"],"picked":"True Grit","floor":1},{"not_picked":["Heavy Blade","Warcry"],"picked":"Flame Barrier","floor":2},{"not_picked":["Dual Wield","Iron Wave","Rupture"],"picked":"SKIP","floor":3},{"not_picked":["Entrench","True Grit","Armaments"],"picked":"SKIP","floor":5},{"not_picked":["Clash","Iron Wave","Heavy Blade"],"picked":"SKIP","floor":6}],"player_experience":512979,"relics_obtained":[{"floor":6,"key":"Strawberry"}],"event_choices":[{"damage_healed":0,"gold_gain":0,"player_choice":"Take Damage","damage_taken":20,"relics_obtained":["Golden Idol"],"max_hp_gain":0,"max_hp_loss":0,"event_name":"Golden Idol","floor":4,"gold_loss":0},{"damage_healed":0,"gold_gain":0,"player_choice":"Fought Mushrooms","damage_taken":0,"max_hp_gain":0,"max_hp_loss":0,"event_name":"Mushrooms","floor":8,"gold_loss":0}],"is_beta":false,"boss_relics":[],"items_purged_floors":[],"is_endless":false,"potions_floor_spawned":[1,3],"killed_by":"The Mushroom Lair","ascension_level":0}