{"gold_per_floor":[114,13,28,28,28,55,55,68,68,99,99,110,143,18,18,117,117,135,235,247,261,275,275,305,305,305,5,33,33,48,66,66,166,166,179,193,211,223,243,243,258,278,301,68,68,80,80,95,95,95,95,95,47,78,78],"floor_reached":55,"playtime":5339,"items_purged":["Strike_B","Defend_B"],"score":683,"play_id":"f767fdf3-c40f-46a2-9e0b-98a13777cecb","local_time":"20190405060634","is_ascension_mode":false,"campfire_choices":[{"data":"Loop","floor":7.0,"key":"SMITH"},{"data":"Defragment","floor":11.0,"key":"SMITH"},{"floor":15,"key":"REST"},{"floor":23,"key":"REST"},{"data":"Hologram","floor":25,"key":"SMITH"},{"floor":32,"key":"REST"},{"data":"Capacitor","floor":40,"key":"SMITH"},{"data":"Blizzard","floor":45,"key":"SMITH"},{"floor":47,"key":"REST"},{"floor":49,"key":"RECALL"},{"data":"Electrodynamics","floor":52,"key":"SMITH"}],"neow_cost":"NONE","seed_source_timestamp":0,"circlet_count":0,"master_deck":["Defend_B","Defend_B","Zap","Dualcast","Reprogram+1","Consume+1","Multi-Cast+1","Sunder","Coolheaded","Loop+1","Ball Lightning","Defragment+1","Conserve Battery","Capacitor+1","Leap","Hologram+1","Glacier","Electrodynamics+1","Chaos+1","Go for the Eyes+1","Cold Snap+1","FTL","Defend_B","Redo","Machine Learning","Hologram+1","Self Repair+1","Blizzard+1"],"special_seed":0,"relics":["Astrolabe","Gremlin Horn","Dodecahedron","Ancient Tea Set","Velvet Choker","Incense Burner","Bottled Lightning","Strawberry","Dead Branch","Bottled Flame","Anchor","Runic Pyramid","MawBank","Oddly Smooth Stone","Art of War"],"potions_floor_usage":[19,21,24,30,39,42,50,50,55],"damage_taken":[{"damage":7.0,"enemies":"2 Louse","floor":1.0,"turns":2.0},{"damage":6.0,"enemies":"Small Slimes","floor":3.0,"turns":5.0},{"damage":24.0,"enemies":"Gremlin Nob","floor":6.0,"turns":5.0},{"damage":0.0,"enemies":"Cultist","floor":8.0,"turns":4.0},{"damage":12.0,"enemies":"Lagavulin","floor":10.0,"turns":6.0},{"damage":4.0,"enemies":"Lots of Slimes","floor":12.0,"turns":4.0},{"damage":11.0,"enemies":"Gremlin Nob","floor":13.0,"turns":4.0},{"damage":6,"enemies":"Slime Boss","floor":16,"turns":8},{"damage":20,"enemies":"2 Thieves","floor":18,"turns":3},{"damage":25,"enemies":"Colosseum Slavers","floor":19,"turns":4},{"damage":8,"enemies":"Colosseum Nobs","floor":19,"turns":5},{"damage":0,"enemies":"Shell Parasite","floor":20,"turns":6},{"damage":0,"enemies":"Centurion and Healer","floor":21,"turns":4},{"damage":0,"enemies":"Snecko","floor":22,"turns":6},{"damage":15,"enemies":"Book of Stabbing","floor":24,"turns":4},{"damage":21,"enemies":"Gremlin Leader","floor":28,"turns":5},{"damage":2,"enemies":"Chosen and Byrds","floor":30,"turns":6},{"damage":0,"enemies":"Shelled Parasite and Fungi","floor":31,"turns":6},{"damage":31,"enemies":"Collector","floor":33,"turns":10},{"damage":0,"enemies":"3 Shapes","floor":35,"turns":5},{"damage":0,"enemies":"Orb Walker","floor":36,"turns":4},{"damage":0,"enemies":"Maw","floor":37,"turns":9},{"damage":0,"enemies":"Sphere and 2 Shapes","floor":38,"turns":4},{"damage":7,"enemies":"4 Shapes","floor":39,"turns":5},{"damage":6,"enemies":"Spire Growth","floor":41,"turns":5},{"damage":5,"enemies":"3 Darklings","floor":42,"turns":5},{"damage":30,"enemies":"Transient","floor":46,"turns":5},{"damage":18,"enemies":"Spire Growth","floor":48,"turns":5},{"damage":2,"enemies":"Donu and Deca","floor":50,"turns":7},{"damage":56,"enemies":"Shield and Spear","floor":54,"turns":7},{"damage":43,"enemies":"The Heart","floor":55,"turns":2}],"seed_played":"6808447506670774291","potions_obtained":[{"floor":3.0,"key":"SkillPotion"},{"floor":8.0,"key":"Weak Potion"},{"floor":16,"key":"Dexterity Potion"},{"floor":19,"key":"Block Potion"},{"floor":22,"key":"Strength Potion"},{"floor":28,"key":"Strength Potion"},{"floor":35,"key":"PowerPotion"},{"floor":39,"key":"AttackPotion"},{"floor":41,"key":"FearPotion"},{"floor":48,"key":"FocusPotion"}],"is_trial":false,"path_per_floor":["M","$","M","?","?","E","R","M","T","E","R","M","E","$","R","B",null,"M","?","M","M","M","R","E","R","T","$","E","?","M","M","R","B",null,"M","M","M","M","M","R","M","M","T","$","R","M","R","M","R","B",null,"R","$","E","B"],"character_chosen":"DEFECT","items_purchased":["Coolheaded","Hologram","Glacier","Bottled Flame","Dexterity Potion","Oddly Smooth Stone","Dexterity Potion"],"campfire_rested":4,"item_purchase_floors":[2,14,14,27,27,44,53],"current_hp_per_floor":[68,68,62,67,67,43,43,43,43,31,31,27,16,16,40,34,80,60,27,27,27,27,51,43,43,43,43,22,22,20,20,46,15,87,87,87,87,87,80,80,84,87,87,87,87,67,87,79,79,87,87,87,87,41,0],"gold":78,"neow_bonus":"BOSS_RELIC","is_prod":false,"is_daily":false,"chose_seed":false,"campfire_upgraded":6,"win_rate":0,"timestamp":1554437194,"path_taken":["M","$","M","?","?","E","R","M","T","E","R","M","E","$","R","BOSS","M","?","M","M","M","R","E","R","T","$","E","?","?","M","R","BOSS","M","M","M","M","M","R","M","?","T","$","R","M","R","M","R","BOSS","R","$","E","BOSS"],"build_version":"2019-01-23","purchased_purges":2,"victory":false,"max_hp_per_floor":[75,75,75,80,80,80,80,80,80,80,80,80,80,80,80,80,80,80,80,80,80,80,80,87,87,87,87,87,87,87,87,87,87,87,87,87,87,87,87,87,87,87,87,87,87,87,87,87,87,87,87,87,87,87,87],"card_choices":[{"not_picked":["Redo","Turbo"],"picked":"Sunder","floor":1.0},{"not_picked":["Turbo","Self Repair"],"picked":"Loop","floor":3.0},{"not_picked":["Rebound","Redo"],"picked":"Ball Lightning","floor":6.0},{"not_picked":["Gash","BootSequence"],"picked":"Defragment","floor":8.0},{"not_picked":["Beam Cell","Rebound"],"picked":"Conserve Battery","floor":10.0},{"not_picked":["Thunder Strike","Steam"],"picked":"Capacitor","floor":12.0},{"not_picked":["Melter","Self Repair"],"picked":"Leap","floor":13.0},{"not_picked":["Rainbow","Seek"],"picked":"Electrodynamics","floor":16},{"not_picked":["Sweeping Beam","Melter"],"picked":"Chaos+1","floor":18},{"not_picked":["Streamline","Conserve Battery+1"],"picked":"Go for the Eyes+1","floor":19},{"not_picked":["Hologram+1","Beam Cell"],"picked":"Cold Snap+1","floor":20},{"not_picked":["Stack","Ball Lightning+1"],"picked":"FTL","floor":21},{"not_picked":["Doom and Gloom+1","Go for the Eyes","Steam"],"picked":"SKIP","floor":22},{"not_picked":["Buffer","Beam Cell","Echo Form"],"picked":"SKIP","floor":24},{"not_picked":["Leap","Conserve Battery","Recycle+1"],"picked":"SKIP","floor":28},{"not_picked":["Darkness+1","Hello World","Sweeping Beam"],"picked":"SKIP","floor":30},{"not_picked":["Consume","Steam"],"picked":"Redo","floor":31},{"not_picked":["Core Surge","All For One"],"picked":"Machine Learning","floor":33},{"not_picked":["Reinforced Body","Streamline+1","Self Repair+1"],"picked":"SKIP","floor":35},{"not_picked":["Steam","Beam Cell"],"picked":"Hologram+1","floor":36},{"not_picked":["Gash+1","FTL+1","Hologram"],"picked":"SKIP","floor":37},{"not_picked":["Compile Driver+1","Sweeping Beam","Ball Lightning"],"picked":"SKIP","floor":38},{"not_picked":["Hologram+1","Reinforced Body"],"picked":"Self Repair+1","floor":39},{"not_picked":["Steam+1","Cold Snap","Reinforced Body"],"picked":"SKIP","floor":41},{"not_picked":["White Noise","Go for the Eyes+1"],"picked":"Blizzard","floor":42},{"not_picked":["Coolheaded","Reinforced Body+1","Turbo"],"picked":"SKIP","floor":46},{"not_picked":["Go for the Eyes+1","Amplify","Cold Snap+1"],"picked":"SKIP","floor":48},{"not_picked":["Consume+1","Lockon","Thunder Strike"],"picked":"SKIP","floor":54}],"player_experience":415829,"relics_obtained":[{"floor":6.0,"key":"Gremlin Horn"},{"floor":10.0,"key":"Dodecahedron"},{"floor":13.0,"key":"Ancient Tea Set"},{"floor":19,"key":"Incense Burner"},{"floor":19,"key":"Bottled Lightning"},{"floor":24,"key":"Strawberry"},{"floor":26,"key":"Dead Branch"},{"floor":28,"key":"Anchor"},{"floor":43,"key":"MawBank"},{"floor":54,"key":"Art of War"}],"event_choices":[{"damage_healed":0.0,"max_hp_gain":5.0,"max_hp_loss":0.0,"gold_gain":0.0,"event_name":"Big Fish","player_choice":"Donut","floor":4.0,"gold_loss":0.0,"damage_taken":0.0},{"damage_healed":0.0,"max_hp_gain":0.0,"max_hp_loss":0.0,"gold_gain":0.0,"event_name":"Liars Game","player_choice":"Ignored","floor":5.0,"gold_loss":0.0,"damage_taken":0.0},{"damage_healed":0,"gold_gain":0,"player_choice":"Fight","damage_taken":0,"max_hp_gain":0,"max_hp_loss":0,"event_name":"Colosseum","floor":19,"gold_loss":0},{"damage_healed":0,"gold_gain":0,"player_choice":"Fought Nobs","damage_taken":0,"max_hp_gain":0,"max_hp_loss":0,"event_name":"Colosseum","floor":19,"gold_loss":0},{"cards_removed":["Strike_B"],"damage_healed":0,"gold_gain":0,"player_choice":"Took Card","damage_taken":0,"max_hp_gain":0,"max_hp_loss":0,"event_name":"NoteForYourself","floor":29,"gold_loss":0,"cards_obtained":["Defend_B"]}],"is_beta":false,"boss_relics":[{"not_picked":["Eternal Feather","Black Star"],"picked":"Velvet Choker"},{"not_picked":["Calling Bell","Pandora\u0027s Box"],"picked":"Runic Pyramid"}],"items_purged_floors":[2,44],"is_endless":false,"potions_floor_spawned":[3,8,16,19,19,22,28,35,39,41,48],"killed_by":"The Heart","ascension_level":0}