{"gold_per_floor":[110,75,39,51,65,65,65,65,119,119,48,48,123,123,123,243,243,263,13,13,13,29,29,29,65,65,65,65,78,78,104,104,206,206,222,242,116,116,216,216,227,241,241,0,0,0,35,48,48,48],"floor_reached":51,"playtime":2307,"items_purged":["Capacitor"],"score":1045,"play_id":"31e91f52-413d-4c24-98b8-ef6fa69caea0","local_time":"20190105101619","is_ascension_mode":true,"campfire_choices":[{"data":"Zap","floor":6.0,"key":"SMITH"},{"data":"White Noise","floor":8.0,"key":"SMITH"},{"data":"Tempest","floor":12.0,"key":"SMITH"},{"data":"Go for the Eyes","floor":15.0,"key":"SMITH"},{"floor":23.0,"key":"REST"},{"data":"White Noise","floor":27.0,"key":"SMITH"},{"data":"Seek","floor":30.0,"key":"SMITH"},{"data":"Conserve Battery","floor":32.0,"key":"SMITH"},{"data":"Conserve Battery","floor":40.0,"key":"SMITH"},{"data":"Electrodynamics","floor":45.0,"key":"SMITH"},{"floor":49,"key":"REST"}],"neow_cost":"NONE","seed_source_timestamp":32331260733106,"circlet_count":0,"master_deck":["Strike_B","Strike_B","Strike_B","Defend_B","Defend_B","Defend_B","Defend_B","Zap+1","Dualcast+1","Seek+1","Go for the Eyes+1","White Noise+1","Conserve Battery+1","Tempest+1","Capacitor+1","Echo Form","Conserve Battery+1","Coolheaded+1","Ghostly","Ghostly","Ghostly","Ghostly","Ghostly","White Noise+1","Hologram+1","Amplify","Barrage+1","Parasite","Defragment+1","Electrodynamics+1"],"special_seed":0,"relics":["Cracked Core","Bloody Idol","DataDisk","Velvet Choker","Runic Capacitor","Bird Faced Urn","Strawberry","Oddly Smooth Stone","Inserter","Thread and Needle","Cables","Red Mask","CultistMask","Sundial"],"potions_floor_usage":[50,50],"damage_taken":[{"damage":7.0,"enemies":"Small Slimes","floor":1.0,"turns":3.0},{"damage":2.0,"enemies":"Jaw Worm","floor":4.0,"turns":3.0},{"damage":0.0,"enemies":"2 Louse","floor":5.0,"turns":1.0},{"damage":8.0,"enemies":"Hexaghost","floor":16.0,"turns":8.0},{"damage":30.0,"enemies":"2 Thieves","floor":18.0,"turns":3.0},{"damage":5.0,"enemies":"Shell Parasite","floor":22.0,"turns":4.0},{"damage":3.0,"enemies":"Slavers","floor":25.0,"turns":8.0},{"damage":1.0,"enemies":"Snecko","floor":29.0,"turns":4.0},{"damage":2.0,"enemies":"Champ","floor":33.0,"turns":12.0},{"damage":1.0,"enemies":"Orb Walker","floor":35.0,"turns":5.0},{"damage":0.0,"enemies":"3 Shapes","floor":36.0,"turns":7.0},{"damage":0.0,"enemies":"Mind Bloom Boss Battle","floor":39.0,"turns":7.0},{"damage":0.0,"enemies":"Writhing Mass","floor":41.0,"turns":6.0},{"damage":23.0,"enemies":"3 Darklings","floor":42.0,"turns":7.0},{"damage":0.0,"enemies":"Nemesis","floor":47.0,"turns":7.0},{"damage":43,"enemies":"Transient","floor":48,"turns":5},{"damage":20,"enemies":"Donu and Deca","floor":50,"turns":6}],"seed_played":"7170063577698913765","potions_obtained":[{"floor":1.0,"key":"Block Potion"},{"floor":4.0,"key":"Fire Potion"},{"floor":16.0,"key":"EssenceOfSteel"},{"floor":18.0,"key":"Strength Potion"},{"floor":22.0,"key":"Swift Potion"},{"floor":29.0,"key":"SkillPotion"},{"floor":36.0,"key":"FearPotion"},{"floor":41.0,"key":"Dexterity Potion"}],"is_trial":false,"path_per_floor":["M","?","$","M","M","R","?","R","T","?","$","R","?","?","R","B",null,"M","$","?","?","M","R","?","E","T","R","?","M","R","T","R","B",null,"M","M","$","?","?","R","M","M","T","?","R","?","E","M","R","B",null],"character_chosen":"DEFECT","items_purchased":["White Noise","Capacitor","Runic Capacitor","Conserve Battery","SkillPotion"],"campfire_rested":2,"item_purchase_floors":[3,11,19,19,37],"current_hp_per_floor":[61,75,75,73,73,73,55,55,55,60,60,60,49,33,33,25,66,36,36,36,36,31,55,40,37,44,44,44,47,47,47,47,47,47,47,47,47,47,47,47,47,35,35,35,35,35,47,21,35,27],"gold":48,"neow_bonus":"ONE_RANDOM_RARE_CARD","is_prod":false,"is_daily":false,"chose_seed":false,"campfire_upgraded":9,"win_rate":0,"timestamp":1546650979,"path_taken":["M","?","$","M","M","R","?","R","T","?","?","R","?","?","R","BOSS","M","$","?","?","M","R","?","E","T","R","?","M","R","?","R","BOSS","M","M","$","?","?","R","M","M","T","?","R","?","E","M","R","BOSS"],"build_version":"2019-01-03v4","purchased_purges":1,"victory":true,"max_hp_per_floor":[75,75,75,75,75,75,75,75,75,80,80,80,80,80,80,80,80,80,80,80,80,80,80,40,40,47,47,47,47,47,47,47,47,47,47,47,47,47,47,47,47,47,47,47,47,47,47,47,47,47],"card_choices":[{"not_picked":["Capacitor","Lockon"],"picked":"Go for the Eyes","floor":1.0},{"not_picked":["Reinforced Body","Coolheaded"],"picked":"Conserve Battery","floor":4.0},{"not_picked":["Genetic Algorithm","Hologram"],"picked":"Tempest","floor":5.0},{"not_picked":["Core Surge","Hyperbeam"],"picked":"Echo Form","floor":16.0},{"not_picked":["Reprogram","Melter"],"picked":"Capacitor","floor":18.0},{"not_picked":["Aggregate","Ball Lightning"],"picked":"Coolheaded+1","floor":22.0},{"not_picked":["Heatsinks","Consume"],"picked":"White Noise","floor":25.0},{"not_picked":["Fusion","White Noise"],"picked":"Hologram+1","floor":29.0},{"not_picked":["Creative AI","Core Surge"],"picked":"Amplify","floor":33.0},{"not_picked":["Hologram+1","Stack+1"],"picked":"Barrage+1","floor":35.0},{"not_picked":["Melter+1","Compile Driver","Leap+1"],"picked":"SKIP","floor":36.0},{"not_picked":["Turbo","Rebound+1"],"picked":"Defragment+1","floor":41.0},{"not_picked":["Stack+1","Turbo"],"picked":"Electrodynamics","floor":42.0},{"not_picked":["Steam+1","Barrage+1","Aggregate+1"],"picked":"SKIP","floor":47.0},{"not_picked":["Sweeping Beam+1","Streamline+1","BootSequence+1"],"picked":"SKIP","floor":48}],"player_experience":333785,"relics_obtained":[{"floor":9.0,"key":"DataDisk"},{"floor":25.0,"key":"Bird Faced Urn"},{"floor":26.0,"key":"Strawberry"},{"floor":31.0,"key":"Oddly Smooth Stone"},{"floor":39.0,"key":"Thread and Needle"},{"floor":43.0,"key":"Cables"},{"floor":47.0,"key":"Sundial"}],"event_choices":[{"damage_healed":18.0,"max_hp_gain":0.0,"max_hp_loss":0.0,"gold_gain":0.0,"event_name":"The Cleric","player_choice":"Healed","floor":2.0,"gold_loss":35.0,"damage_taken":0.0},{"damage_healed":0.0,"max_hp_gain":0.0,"max_hp_loss":0.0,"gold_gain":0.0,"event_name":"Golden Idol","player_choice":"Take Damage","floor":7.0,"gold_loss":0.0,"damage_taken":18.0,"relics_obtained":["Golden Idol"]},{"damage_healed":0.0,"max_hp_gain":5.0,"max_hp_loss":0.0,"gold_gain":0.0,"event_name":"Big Fish","player_choice":"Donut","floor":10.0,"gold_loss":0.0,"damage_taken":0.0},{"damage_healed":0.0,"max_hp_gain":0.0,"max_hp_loss":0.0,"gold_gain":75.0,"event_name":"World of Goop","player_choice":"Gather Gold","floor":13.0,"gold_loss":0.0,"damage_taken":11.0},{"damage_healed":0.0,"max_hp_gain":0.0,"max_hp_loss":0.0,"gold_gain":0.0,"event_name":"Shining Light","player_choice":"Entered Light","floor":14.0,"gold_loss":0.0,"damage_taken":16.0,"cards_upgraded":["Dualcast","Capacitor"]},{"damage_healed":0.0,"max_hp_gain":0.0,"max_hp_loss":0.0,"gold_gain":0.0,"event_name":"Cursed Tome","player_choice":"Ignored","floor":20.0,"gold_loss":0.0,"damage_taken":0.0},{"damage_healed":0.0,"max_hp_gain":0.0,"max_hp_loss":0.0,"gold_gain":0.0,"event_name":"The Mausoleum","player_choice":"Ignored","floor":21.0,"gold_loss":0.0,"damage_taken":0.0},{"damage_healed":0.0,"max_hp_gain":0.0,"max_hp_loss":40.0,"gold_gain":0.0,"event_name":"Ghosts","player_choice":"Became a Ghost","floor":24.0,"gold_loss":0.0,"damage_taken":0.0,"cards_obtained":["Ghostly","Ghostly","Ghostly","Ghostly","Ghostly"]},{"damage_healed":0.0,"max_hp_gain":0.0,"max_hp_loss":0.0,"gold_gain":0.0,"event_name":"Forgotten Altar","player_choice":"Gave Idol","floor":28.0,"relics_lost":["Golden Idol"],"gold_loss":0.0,"damage_taken":0.0,"relics_obtained":["Bloody Idol"]},{"cards_removed":["Strike_B"],"damage_healed":0.0,"max_hp_gain":0.0,"max_hp_loss":0.0,"gold_gain":0.0,"event_name":"Falling","player_choice":"Removed Attack","floor":38.0,"gold_loss":0.0,"damage_taken":0.0},{"damage_healed":0.0,"max_hp_gain":0.0,"max_hp_loss":0.0,"gold_gain":0.0,"event_name":"MindBloom","player_choice":"Fight","floor":39.0,"gold_loss":0.0,"damage_taken":0.0},{"damage_healed":0.0,"max_hp_gain":0.0,"max_hp_loss":0.0,"gold_gain":0.0,"event_name":"Tomb of Lord Red Mask","player_choice":"Paid","floor":44.0,"gold_loss":241.0,"damage_taken":0.0,"relics_obtained":["Red Mask"]},{"damage_healed":0.0,"max_hp_gain":0.0,"max_hp_loss":0.0,"gold_gain":0.0,"event_name":"FaceTrader","player_choice":"Trade","floor":46.0,"gold_loss":0.0,"damage_taken":0.0,"relics_obtained":["CultistMask"]}],"is_beta":false,"boss_relics":[{"not_picked":["Nuclear Battery","Sozu"],"picked":"Velvet Choker"},{"not_picked":["Empty Cage","Snecko Eye"],"picked":"Inserter"}],"items_purged_floors":[37],"is_endless":false,"potions_floor_spawned":[1,4,16,18,22,29,36,39,41],"ascension_level":9}