{"gold_per_floor":[119,394,414,414,424,424,56,56,79,79],"floor_reached":10,"playtime":276,"items_purged":["Regret"],"score":112,"play_id":"6f36994a-181e-43d8-b0a8-910610c224ab","local_time":"20190422125338","is_ascension_mode":true,"campfire_choices":[{"data":"Neutralize","floor":6,"key":"SMITH"}],"neow_cost":"CURSE","seed_source_timestamp":138876357640400,"circlet_count":0,"master_deck":["AscendersBane","Defend_G","Defend_G","Defend_G","Defend_G","Strike_G","Strike_G","Strike_G","Strike_G","Survivor","Neutralize+1","Doubt","Concentrate+1","Underhanded Strike","Backflip+1","Acrobatics","Blur","Footwork","Prepared","Regret"],"special_seed":0,"relics":["Ring of the Snake","Ornamental Fan","Bag of Preparation","Snake Skull","War Paint"],"potions_floor_usage":[10],"damage_taken":[{"damage":5,"enemies":"2 Louse","floor":1,"turns":4},{"damage":0,"enemies":"Cultist","floor":3,"turns":4},{"damage":7,"enemies":"Small Slimes","floor":5,"turns":5},{"damage":18,"enemies":"3 Sentries","floor":10,"turns":5}],"seed_played":"1663195680910860743","potions_obtained":[{"floor":3,"key":"AttackPotion"}],"is_trial":false,"path_per_floor":["M","?","M","T","M","R","$","?","T","E"],"character_chosen":"THE_SILENT","items_purchased":["Bag of Preparation","Footwork","Prepared"],"campfire_rested":0,"item_purchase_floors":[7,7,7],"current_hp_per_floor":[54,54,54,54,47,47,47,47,47,29],"gold":79,"neow_bonus":"TRANSFORM_TWO_CARDS","is_prod":false,"is_daily":false,"chose_seed":false,"campfire_upgraded":1,"win_rate":0,"timestamp":1555930418,"path_taken":["M","?","?","?","M","R","$","?","T","E"],"build_version":"2019-01-23","purchased_purges":1,"victory":false,"max_hp_per_floor":[66,66,66,66,66,66,66,66,66,66],"card_choices":[{"not_picked":["Blade Dance","Quick Slash"],"picked":"Backflip","floor":1},{"not_picked":["Slice","Predator"],"picked":"Acrobatics","floor":3},{"not_picked":["Terror","Accuracy"],"picked":"Blur","floor":5}],"player_experience":588297,"relics_obtained":[{"floor":4,"key":"Ornamental Fan"},{"floor":9,"key":"War Paint"}],"event_choices":[{"damage_healed":0,"gold_gain":275,"player_choice":"Desecrate","damage_taken":0,"max_hp_gain":0,"max_hp_loss":0,"event_name":"Golden Shrine","floor":2,"gold_loss":0,"cards_obtained":["Regret"]},{"damage_healed":0,"gold_gain":0,"player_choice":"Box","damage_taken":0,"relics_obtained":["Snake Skull"],"max_hp_gain":0,"max_hp_loss":0,"event_name":"Big Fish","floor":8,"gold_loss":0,"cards_obtained":["Regret"]}],"is_beta":false,"boss_relics":[],"items_purged_floors":[7],"is_endless":false,"potions_floor_spawned":[3],"killed_by":"3 Sentries","ascension_level":20}