{"gold_per_floor":[116,86,161,172,186,186,215,146,146,178,178,178,193,210,210,305,305,320,320,340,359,374,374,391,406,485,485,496,513,530,548,548,548],"floor_reached":33,"playtime":2697,"items_purged":[],"score":290,"play_id":"9b31858b-80b3-49f4-877e-cc06639ec98d","local_time":"20180628221800","is_ascension_mode":false,"campfire_choices":[{"data":"Bouncing Flask","floor":6.0,"key":"SMITH"},{"floor":11.0,"key":"REST"},{"floor":15.0,"key":"REST"},{"floor":23,"key":"REST"},{"floor":27,"key":"REST"},{"floor":32,"key":"REST"}],"neow_cost":"","seed_source_timestamp":0,"circlet_count":0,"master_deck":["Defend_G","Defend_G","Defend_G","Defend_G","Defend_G","Strike_G","Strike_G","Strike_G","Strike_G","Survivor","Neutralize+1","Flying Knee","Poisoned Stab","Bouncing Flask+1","Dagger Spray","Die Die Die","Dagger Spray","Glass Knife","Adrenaline","Leg Sweep","RitualDagger","Deflect","Flying Knee+1","Backflip","Flying Knee","Deadly Poison+1","Poisoned Stab","Flying Knee","Dodge and Roll+1"],"special_seed":0,"relics":["Ring of the Snake","Oddly Smooth Stone","Mercury Hourglass","Centennial Puzzle","Sozu","Toxic Egg 2"],"potions_floor_usage":[],"damage_taken":[{"damage":0.0,"enemies":"Small Slimes","floor":1.0,"turns":4.0},{"damage":0.0,"enemies":"Cultist","floor":4.0,"turns":3.0},{"damage":4.0,"enemies":"Jaw Worm","floor":5.0,"turns":4.0},{"damage":22.0,"enemies":"3 Sentries","floor":7.0,"turns":10.0},{"damage":13.0,"enemies":"Lagavulin","floor":10.0,"turns":4.0},{"damage":0.0,"enemies":"Looter","floor":13.0,"turns":3.0},{"damage":0.0,"enemies":"Red Slaver","floor":14.0,"turns":3.0},{"damage":8.0,"enemies":"Slime Boss","floor":16.0,"turns":7.0},{"damage":13.0,"enemies":"Chosen","floor":18.0,"turns":3.0},{"damage":10.0,"enemies":"3 Byrds","floor":20.0,"turns":3.0},{"damage":9.0,"enemies":"Snecko","floor":21.0,"turns":5.0},{"damage":4,"enemies":"Cultist and Chosen","floor":22,"turns":6},{"damage":17,"enemies":"Sentry and Sphere","floor":24,"turns":4},{"damage":0,"enemies":"Snake Plant","floor":25,"turns":4},{"damage":4,"enemies":"Snecko","floor":28,"turns":4},{"damage":14,"enemies":"Centurion and Healer","floor":29,"turns":4},{"damage":14,"enemies":"Snake Plant","floor":30,"turns":3},{"damage":9,"enemies":"Snecko","floor":31,"turns":4},{"damage":41,"enemies":"Automaton","floor":33,"turns":6}],"seed_played":"-8724271209491321391","potions_obtained":[{"floor":2.0,"key":"PowerPotion"},{"floor":2.0,"key":"Fruit Juice"},{"floor":5.0,"key":"AttackPotion"},{"floor":10.0,"key":"Strength Potion"},{"floor":16.0,"key":"Explosive Potion"}],"is_trial":false,"path_per_floor":["M","?","?","M","M","R","E","$","T","E","R","?","M","M","R","B",null,"M","?","M","M","M","R","M","M","T","R","M","M","M","M","R"],"character_chosen":"THE_SILENT","items_purchased":["Die Die Die"],"campfire_rested":5,"item_purchase_floors":[],"current_hp_per_floor":[70,75,64,64,60,60,38,38,38,25,47,47,47,47,69,61,75,62,56,46,37,33,55,38,38,38,60,56,42,28,19,41,0],"gold":548,"neow_bonus":"","is_prod":false,"is_daily":false,"chose_seed":false,"campfire_upgraded":1,"win_rate":0.0,"timestamp":1530238680,"path_taken":["M","?","?","?","M","R","E","$","T","E","R","?","M","M","R","BOSS","M","?","M","M","M","R","M","M","T","R","M","M","?","M","R","BOSS"],"build_version":"2018-06-21v2","purchased_purges":0,"victory":false,"max_hp_per_floor":[70,75,75,75,75,75,75,75,75,75,75,75,75,75,75,75,75,75,75,75,75,75,75,75,75,75,75,75,75,75,75,75,75],"card_choices":[{"not_picked":["Prepared","Escape Plan"],"picked":"Flying Knee","floor":1.0},{"not_picked":["Underhanded Strike","PiercingWail"],"picked":"Poisoned Stab","floor":4.0},{"not_picked":["Underhanded Strike","Slice"],"picked":"Bouncing Flask","floor":5.0},{"not_picked":["Flechettes","Slice"],"picked":"Dagger Spray","floor":7.0},{"not_picked":["Caltrops","PiercingWail"],"picked":"Dagger Spray","floor":10.0},{"not_picked":["Slice","Well Laid Plans","Heel Hook"],"picked":"SKIP","floor":13.0},{"not_picked":["Underhanded Strike","Heel Hook"],"picked":"Glass Knife","floor":14.0},{"not_picked":["Venomology","Night Terror"],"picked":"Adrenaline","floor":16.0},{"not_picked":["Bouncing Flask","Flechettes"],"picked":"Leg Sweep","floor":18.0},{"not_picked":["Acrobatics","Poisoned Stab"],"picked":"Deflect","floor":20.0},{"not_picked":["Calculated Gamble","Acrobatics"],"picked":"Flying Knee+1","floor":21},{"not_picked":["Slice","Acrobatics","Reflex+1"],"picked":"SKIP","floor":22},{"not_picked":["Dagger Throw","Acrobatics+1"],"picked":"Backflip","floor":24},{"not_picked":["Dodge and Roll","Doppelganger"],"picked":"Flying Knee","floor":25},{"not_picked":["Noxious Fumes","Reflex+1"],"picked":"Deadly Poison+1","floor":28},{"not_picked":["All Out Attack","Masterful Stab"],"picked":"Poisoned Stab","floor":29},{"not_picked":["All Out Attack","Infinite Blades+1"],"picked":"Flying Knee","floor":30},{"not_picked":["Terror+1","Poisoned Stab"],"picked":"Dodge and Roll+1","floor":31}],"player_experience":5230,"relics_obtained":[{"floor":7.0,"key":"Oddly Smooth Stone"},{"floor":9.0,"key":"Mercury Hourglass"},{"floor":10.0,"key":"Centennial Puzzle"},{"floor":26,"key":"Toxic Egg 2"}],"event_choices":[{"event_name":"The Woman in Blue","player_choice":"Bought 2 Potions","floor":2.0,"damage_taken":0.0},{"event_name":"World of Goop","player_choice":"Gather Gold","floor":3.0,"damage_taken":0.0},{"event_name":"Purifier","player_choice":"One Purge","floor":12.0,"damage_taken":0.0},{"event_name":"Nest","player_choice":"Joined the Cult","floor":19.0,"damage_taken":0.0}],"boss_relics":[{"not_picked":["Calling Bell","Snecko Eye"],"picked":"Sozu"}],"items_purged_floors":[],"is_endless":false,"potions_floor_spawned":[5,10,14,16,18,21,24,28,29],"killed_by":"Automaton","ascension_level":0}