{"gold_per_floor":[110,110,35,54,68,68,96,96,119,119,137,149,169,183,183,282,282,301,334,348,348,358,358,374,374,445,8,37,48,48,48,48,151,151,166,266,266,141,159,159,174,24,24,24,39,52,77,29,29,29],"floor_reached":51,"playtime":4544,"items_purged":["Doppelganger","Writhe","Strike_G","Defend_G"],"score":674,"play_id":"68f73b95-6d1c-43ef-b0e9-b16e98c7bb53","local_time":"20180824212637","is_ascension_mode":false,"campfire_choices":[{"data":"Neutralize","floor":6.0,"key":"SMITH"},{"floor":8.0,"key":"REST"},{"floor":10.0,"key":"REST"},{"floor":15.0,"key":"REST"},{"floor":23.0,"key":"REST"},{"floor":25.0,"key":"REST"},{"floor":32.0,"key":"REST"},{"data":"Storm of Steel","floor":40.0,"key":"SMITH"},{"data":"Tactician","floor":49,"key":"SMITH"}],"neow_cost":"NONE","seed_source_timestamp":0,"circlet_count":0,"master_deck":["Defend_G","Defend_G","Defend_G","Defend_G","Strike_G","Survivor","Neutralize+1","Backflip","Cloak And Dagger","Acrobatics","Underhanded Strike","Prepared","Dagger Throw","Cloak And Dagger","Storm of Steel+1","Phantasmal Killer+1","Flechettes+1","Acrobatics+1","Dramatic Entrance","Expertise+1","Blade Dance","Infinite Blades+1","Tactician+1"],"special_seed":0,"relics":["Ring of the Snake","FaceOfCleric","Lantern","Centennial Puzzle","Astrolabe","Red Mask","Tough Bandages","Pantograph","Kunai","Oddly Smooth Stone","Eternal Feather","Bag of Preparation","Peace Pipe","StoneCalendar"],"potions_floor_usage":[47,50,50,50],"damage_taken":[{"damage":0.0,"enemies":"Small Slimes","floor":1.0,"turns":4.0},{"damage":0.0,"enemies":"Cultist","floor":4.0,"turns":5.0},{"damage":0.0,"enemies":"2 Louse","floor":5.0,"turns":2.0},{"damage":68.0,"enemies":"Lagavulin","floor":7.0,"turns":18.0},{"damage":5.0,"enemies":"Lots of Slimes","floor":11.0,"turns":4.0},{"damage":0.0,"enemies":"2 Fungi Beasts","floor":12.0,"turns":3.0},{"damage":10.0,"enemies":"Large Slime","floor":13.0,"turns":7.0},{"damage":2.0,"enemies":"Lots of Slimes","floor":14.0,"turns":4.0},{"damage":54.0,"enemies":"Slime Boss","floor":16.0,"turns":18.0},{"damage":1.0,"enemies":"Shell Parasite","floor":18.0,"turns":3.0},{"damage":46.0,"floor":19.0,"turns":6.0},{"damage":16.0,"enemies":"Spheric Guardian","floor":20.0,"turns":4.0},{"damage":17.0,"enemies":"Centurion and Healer","floor":22.0,"turns":6.0},{"damage":6.0,"enemies":"3 Cultists","floor":24.0,"turns":5.0},{"damage":18.0,"enemies":"Gremlin Leader","floor":28.0,"turns":5.0},{"damage":2.0,"enemies":"Snake Plant","floor":29.0,"turns":3.0},{"damage":67.0,"enemies":"Champ","floor":33.0,"turns":18.0},{"damage":0.0,"enemies":"3 Darklings","floor":35.0,"turns":8.0},{"damage":22.0,"enemies":"Flame Bruiser 1 Orb","floor":39.0,"turns":9.0},{"damage":38.0,"enemies":"4 Shapes","floor":41.0,"turns":4.0},{"damage":0.0,"floor":44.0,"turns":4.0},{"damage":3.0,"enemies":"Maw","floor":45.0,"turns":7.0},{"damage":15.0,"enemies":"Transient","floor":46.0,"turns":5.0},{"damage":9,"enemies":"Giant Head","floor":47,"turns":8},{"damage":50,"enemies":"Awakened One","floor":50,"turns":12}],"seed_played":"-5031199547811525553","potions_obtained":[{"floor":5.0,"key":"Dexterity Potion"},{"floor":7.0,"key":"Fruit Juice"},{"floor":11.0,"key":"GhostInAJar"},{"floor":18.0,"key":"Block Potion"},{"floor":22.0,"key":"Poison Potion"},{"floor":24.0,"key":"Explosive Potion"},{"floor":29.0,"key":"Poison Potion"},{"floor":35.0,"key":"Explosive Potion"},{"floor":41.0,"key":"PowerPotion"},{"floor":45.0,"key":"LiquidBronze"}],"is_trial":false,"path_per_floor":["M","?","$","M","M","R","E","R","T","R","M","M","M","M","R","B",null,"M","?","M","?","M","R","M","R","T","$","E","M","$","?","R","B",null,"M","?","?","$","M","R","M","$","T","?","M","M","E","$","R","B"],"character_chosen":"THE_SILENT","items_purchased":["Dramatic Entrance","Kunai","PowerPotion"],"campfire_rested":6,"item_purchase_floors":[27,27,48],"current_hp_per_floor":[70,70,70,71,72,72,5,26,26,47,48,49,40,39,63,10,83,83,38,23,23,7,33,28,54,54,54,37,36,36,36,63,22,91,92,92,92,92,71,83,46,46,46,72,70,56,48,48,60,36],"gold":29,"neow_bonus":"ONE_RANDOM_RARE_CARD","is_prod":false,"is_daily":false,"chose_seed":false,"campfire_upgraded":3,"win_rate":0,"timestamp":1535117197,"path_taken":["M","?","$","M","M","R","E","R","T","R","M","M","?","M","R","BOSS","M","?","?","?","M","R","M","R","T","$","E","M","$","?","R","BOSS","M","?","?","$","M","R","M","$","T","?","?","M","E","?","R","BOSS"],"build_version":"2018-08-23v2","purchased_purges":4,"victory":true,"max_hp_per_floor":[70,70,70,71,72,72,73,73,73,73,79,80,81,82,82,83,83,84,85,86,86,87,87,88,88,88,88,89,90,90,90,90,91,91,92,92,92,92,93,93,94,94,94,95,96,97,98,98,98,99],"card_choices":[{"not_picked":["Outmaneuver","Endless Agony"],"picked":"Backflip","floor":1.0},{"not_picked":["Masterful Stab","Terror"],"picked":"Cloak And Dagger","floor":4.0},{"not_picked":["Outmaneuver","Calculated Gamble"],"picked":"Acrobatics","floor":5.0},{"not_picked":["Distraction","Blur"],"picked":"Underhanded Strike","floor":7.0},{"not_picked":["Deadly Poison","Bane"],"picked":"Prepared","floor":11.0},{"not_picked":["Flechettes","Backflip"],"picked":"Dagger Throw","floor":12.0},{"not_picked":["Catalyst","Sucker Punch","Finisher"],"picked":"SKIP","floor":13.0},{"not_picked":["Skewer","Underhanded Strike"],"picked":"Cloak And Dagger","floor":14.0},{"not_picked":["Corpse Explosion","Doppelganger"],"picked":"Storm of Steel","floor":16.0},{"not_picked":["Dagger Throw","Deadly Poison+1","Backflip"],"picked":"SKIP","floor":18.0},{"not_picked":["Deflect","Deadly Poison","Concentrate"],"picked":"SKIP","floor":20.0},{"not_picked":["Bane","Expertise"],"picked":"Acrobatics+1","floor":22.0},{"not_picked":["Dagger Throw","Deadly Poison+1","Corpse Explosion"],"picked":"SKIP","floor":24.0},{"not_picked":["Infinite Blades","Dodge and Roll"],"picked":"Expertise+1","floor":28.0},{"not_picked":["Underhanded Strike","Quick Slash+1"],"picked":"Blade Dance","floor":29.0},{"not_picked":["Blade Dance","Distraction+1"],"picked":"Infinite Blades+1","floor":35.0},{"not_picked":["Slice","Backstab+1"],"picked":"Tactician","floor":39.0},{"not_picked":["Dagger Spray","Bouncing Flask","Riddle With Holes+1"],"picked":"SKIP","floor":41.0},{"not_picked":["Deflect","Dagger Spray+1","Flying Knee"],"picked":"SKIP","floor":45.0},{"not_picked":["Outmaneuver","All Out Attack+1","Acrobatics"],"picked":"SKIP","floor":46.0},{"not_picked":["Burst","Blur+1","Bouncing Flask+1"],"picked":"SKIP","floor":47}],"player_experience":326953,"relics_obtained":[{"floor":7.0,"key":"Lantern"},{"floor":9.0,"key":"Centennial Puzzle"},{"floor":19.0,"key":"Red Mask"},{"floor":26.0,"key":"Pantograph"},{"floor":28.0,"key":"Oddly Smooth Stone"},{"floor":43.0,"key":"Bag of Preparation"},{"floor":44.0,"key":"Peace Pipe"},{"floor":47,"key":"StoneCalendar"}],"event_choices":[{"event_name":"FaceTrader","player_choice":"Trade","floor":2.0,"damage_taken":0.0},{"event_name":"Masked Bandits","player_choice":"Fought Bandits","floor":19.0,"damage_taken":0.0},{"event_name":"The Mausoleum","player_choice":"Yes","floor":21.0,"damage_taken":0.0},{"event_name":"Ghosts","player_choice":"Ignored","floor":31.0,"damage_taken":0.0},{"event_name":"Golden Shrine","player_choice":"Pray","floor":36.0,"damage_taken":0.0},{"event_name":"Falling","player_choice":"Removed Power","floor":37.0,"damage_taken":0.0},{"event_name":"MindBloom","player_choice":"Fight","floor":44.0,"damage_taken":0.0}],"is_beta":false,"boss_relics":[{"not_picked":["Velvet Choker","Tiny House"],"picked":"Astrolabe"},{"not_picked":["Runic Dome","Orrery"],"picked":"Eternal Feather"}],"items_purged_floors":[3,27,38,42],"is_endless":false,"potions_floor_spawned":[5,7,11,18,22,24,29,35,41,45,46],"ascension_level":0}