{"gold_per_floor":[111,125,125,140,7,7,34,53,53,69,103,113,132,146,146,220,220,231,231,243,262,262,292,292,312,312,165,175,175,200,211,211,285,285,303,303,320,244,244,279,289,289,316,347,347,16,16],"floor_reached":47,"playtime":3594,"items_purged":[],"score":1178,"play_id":"ec39c0d4-df70-4823-8549-02357a490cc5","local_time":"20190505132215","is_ascension_mode":true,"campfire_choices":[{"data":"Armaments","floor":6.0,"key":"SMITH"},{"data":"Demon Form","floor":15.0,"key":"SMITH"},{"floor":24.0,"key":"REST"},{"floor":29.0,"key":"REST"},{"floor":32.0,"key":"REST"},{"floor":42.0,"key":"RECALL"}],"neow_cost":"TEN_PERCENT_HP_LOSS","seed_source_timestamp":45427883404400,"circlet_count":0,"master_deck":["AscendersBane","Strike_R","Defend_R","Defend_R","Defend_R","Bash","Body Slam","Armaments+1","Shrug It Off","Corruption","Spot Weakness","Shrug It Off","Inflame","Shrug It Off","Feel No Pain","Intimidate","Disarm","Shrug It Off","Demon Form+1","Offering","Clothesline","Uppercut","Entrench+1","Reaper","Pommel Strike+1","Shame","Shrug It Off","Seeing Red","Shockwave","Impervious","Metallicize","Demon Form","Warcry+1","Battle Trance","Master of Strategy","Panacea","Thinking Ahead","Heavy Blade+1","Disarm","Writhe","Armaments"],"special_seed":0,"relics":["Burning Blood","Mummified Hand","Darkstone Periapt","Boot","Cursed Key","Matryoshka","Pen Nib","Blue Candle","Bag of Preparation","Empty Cage","Regal Pillow","Lantern","Champion Belt","Ice Cream"],"potions_floor_usage":[],"damage_taken":[{"damage":0.0,"enemies":"2 Louse","floor":1.0,"turns":3.0},{"damage":1.0,"enemies":"Cultist","floor":2.0,"turns":3.0},{"damage":11.0,"enemies":"Jaw Worm","floor":4.0,"turns":5.0},{"damage":31.0,"enemies":"Gremlin Nob","floor":7.0,"turns":4.0},{"damage":0.0,"enemies":"Blue Slaver","floor":8.0,"turns":4.0},{"damage":11.0,"enemies":"Looter","floor":10.0,"turns":3.0},{"damage":4.0,"enemies":"Lagavulin","floor":11.0,"turns":7.0},{"damage":10.0,"enemies":"Exordium Thugs","floor":12.0,"turns":6.0},{"damage":6.0,"enemies":"2 Fungi Beasts","floor":13.0,"turns":3.0},{"damage":7.0,"enemies":"Exordium Wildlife","floor":14.0,"turns":4.0},{"damage":23.0,"enemies":"Slime Boss","floor":16.0,"turns":11.0},{"damage":10.0,"enemies":"Shell Parasite","floor":18.0,"turns":6.0},{"damage":0.0,"enemies":"Spheric Guardian","floor":20.0,"turns":4.0},{"damage":13.0,"enemies":"Snecko","floor":21.0,"turns":4.0},{"damage":22.0,"enemies":"Gremlin Leader","floor":23.0,"turns":5.0},{"damage":16.0,"enemies":"Snake Plant","floor":25.0,"turns":7.0},{"damage":26.0,"enemies":"Sentry and Sphere","floor":28.0,"turns":6.0},{"damage":53.0,"enemies":"Slavers","floor":30.0,"turns":7.0},{"damage":0.0,"enemies":"Snecko","floor":31.0,"turns":3.0},{"damage":6.0,"enemies":"Automaton","floor":33.0,"turns":9.0},{"damage":15.0,"enemies":"3 Darklings","floor":35.0,"turns":7.0},{"damage":35.0,"enemies":"3 Shapes","floor":37.0,"turns":7.0},{"damage":7.0,"enemies":"Nemesis","floor":40.0,"turns":7.0},{"damage":30.0,"enemies":"Sphere and 2 Shapes","floor":41.0,"turns":10.0},{"damage":101.0,"enemies":"Giant Head","floor":44.0,"turns":10.0},{"damage":36,"enemies":"Nemesis","floor":47,"turns":5}],"seed_played":"-1258059896362222679","potions_obtained":[{"floor":2.0,"key":"SkillPotion"},{"floor":8.0,"key":"PowerPotion"},{"floor":12.0,"key":"FearPotion"},{"floor":13.0,"key":"FairyPotion"},{"floor":14.0,"key":"GamblersBrew"},{"floor":16.0,"key":"Swift Potion"},{"floor":21.0,"key":"Swift Potion"},{"floor":25.0,"key":"SmokeBomb"},{"floor":28.0,"key":"Strength Potion"},{"floor":31.0,"key":"SpeedPotion"},{"floor":33.0,"key":"Regen Potion"},{"floor":37.0,"key":"PowerPotion"}],"is_trial":false,"path_per_floor":["M","M","?","M","$","R","E","M","T","M","E","M","M","M","R","B",null,"M","?","M","M","?","E","R","M","T","$","M","R","E","M","R","B",null,"M","?","M","$","?","E","M","R","T","E","?","$","E"],"character_chosen":"IRONCLAD","items_purchased":["Shrug It Off","Inflame","Shrug It Off","Seeing Red","Battle Trance","Ice Cream"],"campfire_rested":3,"item_purchase_floors":[5,5,27,27,38,46],"current_hp_per_floor":[68,68,68,63,63,63,38,44,44,39,41,37,37,36,36,19,56,52,52,58,51,32,16,37,35,41,41,32,55,32,38,61,79,79,79,79,78,78,68,67,64,64,70,19,19,19,0],"gold":16,"neow_bonus":"TRANSFORM_TWO_CARDS","is_prod":false,"is_daily":false,"chose_seed":false,"campfire_upgraded":2,"win_rate":0,"timestamp":1557055335,"path_taken":["M","M","?","M","?","R","E","M","T","M","E","?","M","M","R","BOSS","M","?","M","M","?","E","R","M","T","$","M","R","E","M","R","BOSS","M","?","M","?","?","E","?","R","T","E","?","$","E"],"build_version":"2019-01-23","purchased_purges":0,"victory":false,"max_hp_per_floor":[68,68,68,68,68,68,68,68,68,68,68,68,68,68,68,68,68,68,68,68,68,73,73,73,73,79,79,79,79,79,79,79,79,79,79,79,79,79,79,79,79,79,85,85,85,85,85],"card_choices":[{"not_picked":["Anger","Entrench"],"picked":"Armaments","floor":1.0},{"not_picked":["Sentinel","Heavy Blade","Infernal Blade"],"picked":"SKIP","floor":2.0},{"not_picked":["Bloodletting","Twin Strike"],"picked":"Spot Weakness","floor":4.0},{"not_picked":["Armaments","Havoc"],"picked":"Shrug It Off","floor":7.0},{"not_picked":["Corruption","Inflame"],"picked":"Feel No Pain","floor":8.0},{"not_picked":["Armaments","Evolve"],"picked":"Intimidate","floor":10.0},{"not_picked":["Uppercut","Flex"],"picked":"Disarm","floor":11.0},{"not_picked":["Heavy Blade","Flex"],"picked":"Shrug It Off","floor":12.0},{"not_picked":["Thunderclap","Corruption","Combust"],"picked":"SKIP","floor":13.0},{"not_picked":["Flex","Heavy Blade"],"picked":"Demon Form","floor":14.0},{"not_picked":["Fiend Fire","Berserk"],"picked":"Offering","floor":16.0},{"not_picked":["Thunderclap","Havoc"],"picked":"Clothesline","floor":18.0},{"not_picked":["True Grit","Havoc","Evolve"],"picked":"SKIP","floor":20.0},{"not_picked":["Clothesline","Seeing Red"],"picked":"Entrench+1","floor":21.0},{"not_picked":["Iron Wave","Bloodletting"],"picked":"Reaper","floor":23.0},{"not_picked":["Body Slam","Iron Wave"],"picked":"Pommel Strike+1","floor":25.0},{"not_picked":["Entrench","Shrug It Off"],"picked":"Shockwave","floor":28.0},{"not_picked":["Ghostly Armor","Body Slam+1"],"picked":"Impervious","floor":30.0},{"not_picked":["Sever Soul","Seeing Red"],"picked":"Metallicize","floor":31.0},{"not_picked":["Berserk","Exhume"],"picked":"Demon Form","floor":33.0},{"not_picked":["Sentinel+1","Flame Barrier"],"picked":"Warcry+1","floor":35.0},{"not_picked":["Flex+1","Pommel Strike","Warcry"],"picked":"SKIP","floor":37.0},{"not_picked":["Dramatic Entrance","Madness"],"picked":"Master of Strategy","floor":39.0},{"not_picked":["Bandage Up","Mind Blast"],"picked":"Panacea","floor":39.0},{"not_picked":["HandOfGreed","Blind"],"picked":"Thinking Ahead","floor":39.0},{"not_picked":["Uppercut","Reaper"],"picked":"Heavy Blade+1","floor":40.0},{"not_picked":["Rage+1","Sever Soul"],"picked":"Disarm","floor":41.0},{"not_picked":["Flex","Searing Blow"],"picked":"Armaments","floor":44.0}],"player_experience":632868,"relics_obtained":[{"floor":7.0,"key":"Mummified Hand"},{"floor":9.0,"key":"Darkstone Periapt"},{"floor":11.0,"key":"Boot"},{"floor":23.0,"key":"Matryoshka"},{"floor":26.0,"key":"Pen Nib"},{"floor":26.0,"key":"Blue Candle"},{"floor":30.0,"key":"Bag of Preparation"},{"floor":40.0,"key":"Regal Pillow"},{"floor":43.0,"key":"Lantern"},{"floor":44.0,"key":"Champion Belt"}],"event_choices":[{"damage_healed":0.0,"max_hp_gain":0.0,"max_hp_loss":0.0,"gold_gain":0.0,"event_name":"Match and Keep!","player_choice":"2 cards matched","floor":3.0,"gold_loss":0.0,"damage_taken":0.0,"cards_obtained":["Shrug It Off","Corruption"]},{"damage_healed":0.0,"max_hp_gain":0.0,"max_hp_loss":0.0,"gold_gain":0.0,"event_name":"The Library","player_choice":"Read","floor":19.0,"gold_loss":0.0,"damage_taken":0.0,"cards_obtained":["Uppercut"]},{"damage_healed":0.0,"max_hp_gain":5.0,"max_hp_loss":0.0,"gold_gain":0.0,"event_name":"Forgotten Altar","player_choice":"Shed Blood","floor":22.0,"gold_loss":0.0,"damage_taken":24.0},{"cards_removed":["Strike_R"],"damage_healed":0.0,"max_hp_gain":0.0,"max_hp_loss":0.0,"gold_gain":0.0,"event_name":"Bonfire Elementals","player_choice":"Offered Basic","floor":36.0,"gold_loss":0.0,"damage_taken":0.0},{"damage_healed":0.0,"max_hp_gain":0.0,"max_hp_loss":0.0,"gold_gain":0.0,"event_name":"SensoryStone","player_choice":"Memory 3","floor":39.0,"gold_loss":0.0,"damage_taken":10.0},{"cards_removed":["Perfected Strike"],"damage_healed":0.0,"max_hp_gain":0.0,"max_hp_loss":0.0,"gold_gain":0.0,"event_name":"Falling","player_choice":"Removed Attack","floor":45.0,"gold_loss":0.0,"damage_taken":0.0}],"is_beta":false,"boss_relics":[{"not_picked":["Calling Bell","Eternal Feather"],"picked":"Cursed Key"},{"not_picked":["Snecko Eye","Pandora\u0027s Box"],"picked":"Empty Cage"}],"items_purged_floors":[],"is_endless":false,"potions_floor_spawned":[2,8,12,13,14,16,21,25,28,31,33,37],"killed_by":"Nemesis","ascension_level":20}