{"gold_per_floor":[116,191,191,191,191,203,268,306,345,374,351,55,55,73,73,173,173,189,189,224,224,243,243,278,278,330,330,350,361,374,194,194,292,292,292],"floor_reached":35,"playtime":2036,"items_purged":["Strike_G","Bite"],"score":371,"play_id":"01733da3-2046-4b3a-a6bc-2d575737dcdd","local_time":"20181207211818","is_ascension_mode":false,"campfire_choices":[{"data":"Neutralize","floor":6,"key":"SMITH"},{"data":"Noxious Fumes","floor":13,"key":"SMITH"},{"data":"Blur","floor":15,"key":"SMITH"},{"data":"Bouncing Flask","floor":23,"key":"SMITH"},{"data":"Adrenaline","floor":25,"key":"SMITH"},{"floor":27,"key":"RECALL"},{"data":"Calculated Gamble","floor":32,"key":"SMITH"}],"neow_cost":"NONE","seed_source_timestamp":762127088213466,"circlet_count":0,"master_deck":["Defend_G","Defend_G","Defend_G","Survivor","Neutralize+1","Deadly Poison","Noxious Fumes+1","Blur+1","Adrenaline+1","Bouncing Flask+1","Deadly Poison","Bite","Bite","Bite","PiercingWail+1","Calculated Gamble+1","Footwork","Malaise","Catalyst+1","Caltrops+1","Forethought+1"],"relics":["Busted Crown","Potion Belt","MawBank","Bronze Scales","Lantern","Strange Spoon","Orrery","Red Mask","Vajra","Regal Pillow","Astrolabe"],"potions_floor_usage":[20,24,33,33,33],"damage_taken":[{"damage":0,"enemies":"Cultist","floor":1,"turns":5},{"damage":32,"enemies":"3 Sentries","floor":8,"turns":12},{"damage":0,"enemies":"2 Louse","floor":10,"turns":2},{"damage":0,"enemies":"Small Slimes","floor":14,"turns":3},{"damage":3,"enemies":"The Guardian","floor":16,"turns":10},{"damage":0,"enemies":"3 Byrds","floor":18,"turns":2},{"damage":34,"enemies":"Masked Bandits","floor":20,"turns":4},{"damage":6,"enemies":"2 Thieves","floor":22,"turns":4},{"damage":32,"enemies":"Slavers","floor":24,"turns":6},{"damage":17,"enemies":"Centurion and Healer","floor":28,"turns":6},{"damage":0,"enemies":"Snecko","floor":29,"turns":5},{"damage":1,"enemies":"Chosen and Byrds","floor":30,"turns":4},{"damage":28,"enemies":"Collector","floor":33,"turns":9},{"damage":53,"enemies":"3 Shapes","floor":35,"turns":3}],"seed_played":"3578841891193270876","potions_obtained":[{"floor":10,"key":"Explosive Potion"},{"floor":16,"key":"Strength Potion"},{"floor":20,"key":"Ancient Potion"},{"floor":28,"key":"FearPotion"},{"floor":29,"key":"GhostInAJar"},{"floor":30,"key":"Weak Potion"}],"is_trial":false,"path_per_floor":["M","?","?","?","?","R","T","E","T","M","?","$","R","M","R","B",null,"M","?","?","?","M","R","E","R","T","R","M","M","M","$","R","B",null,"M"],"character_chosen":"THE_SILENT","items_purchased":["Noxious Fumes","Strange Spoon","Footwork"],"campfire_rested":0,"item_purchase_floors":[12,12,31],"current_hp_per_floor":[70,59,59,52,34,34,34,2,2,2,19,19,19,19,19,16,70,70,49,19,35,41,41,25,25,25,25,24,36,43,43,43,29,49,0],"gold":292,"neow_bonus":"BOSS_RELIC","is_prod":false,"is_daily":false,"chose_seed":false,"campfire_upgraded":6,"win_rate":0,"timestamp":1544185098,"path_taken":["M","?","?","?","?","R","?","E","T","?","?","$","R","M","R","BOSS","M","?","?","?","?","R","E","R","T","R","M","M","M","$","R","BOSS","M"],"build_version":"2018-12-06","purchased_purges":2,"victory":false,"max_hp_per_floor":[70,70,70,70,70,70,70,70,70,70,70,70,70,70,70,70,70,70,49,49,49,49,49,49,49,49,49,49,49,49,49,49,49,49,49],"card_choices":[{"not_picked":["Prepared"],"picked":"SKIP","floor":1},{"not_picked":[],"picked":"Deadly Poison","floor":8},{"not_picked":["Masterful Stab"],"picked":"SKIP","floor":10},{"not_picked":[],"picked":"Blur","floor":14},{"not_picked":[],"picked":"Adrenaline","floor":16},{"not_picked":[],"picked":"Bouncing Flask","floor":17},{"not_picked":[],"picked":"Deadly Poison","floor":17},{"not_picked":["Sucker Punch"],"picked":"SKIP","floor":18},{"not_picked":[],"picked":"PiercingWail+1","floor":20},{"not_picked":["Dagger Throw+1"],"picked":"SKIP","floor":22},{"not_picked":["Backstab"],"picked":"SKIP","floor":24},{"not_picked":["Bane"],"picked":"SKIP","floor":28},{"not_picked":["Tactician"],"picked":"SKIP","floor":29},{"not_picked":[],"picked":"Calculated Gamble","floor":30},{"not_picked":[],"picked":"Malaise","floor":33}],"player_experience":78709,"relics_obtained":[{"floor":7,"key":"Bronze Scales"},{"floor":8,"key":"Lantern"},{"floor":20,"key":"Red Mask"},{"floor":24,"key":"Vajra"},{"floor":26,"key":"Regal Pillow"}],"event_choices":[{"damage_healed":0,"gold_gain":75,"player_choice":"Gather Gold","damage_taken":11,"max_hp_gain":0,"max_hp_loss":0,"event_name":"World of Goop","floor":2,"gold_loss":0},{"damage_healed":0,"gold_gain":0,"player_choice":"Box","damage_taken":0,"relics_obtained":["Potion Belt"],"max_hp_gain":0,"max_hp_loss":0,"event_name":"Big Fish","floor":3,"gold_loss":0,"cards_obtained":["Regret"]},{"cards_removed":["Regret"],"damage_healed":0,"gold_gain":0,"player_choice":"Card Removal","damage_taken":7,"max_hp_gain":0,"max_hp_loss":0,"event_name":"Golden Wing","floor":4,"gold_loss":0},{"damage_healed":0,"gold_gain":0,"player_choice":"Success","damage_taken":18,"relics_obtained":["MawBank"],"max_hp_gain":0,"max_hp_loss":0,"event_name":"Scrap Ooze","floor":5,"gold_loss":0},{"damage_healed":17,"gold_gain":0,"player_choice":"Healed","damage_taken":0,"max_hp_gain":0,"max_hp_loss":0,"event_name":"The Cleric","floor":11,"gold_loss":35},{"damage_healed":0,"gold_gain":0,"player_choice":"Became a vampire","damage_taken":0,"max_hp_gain":0,"max_hp_loss":21,"event_name":"Vampires","floor":19,"gold_loss":0,"cards_obtained":["Bite","Bite","Bite","Bite","Bite"]},{"damage_healed":0,"gold_gain":0,"player_choice":"Fought Bandits","damage_taken":0,"max_hp_gain":0,"max_hp_loss":0,"event_name":"Masked Bandits","floor":20,"gold_loss":0},{"damage_healed":16,"gold_gain":0,"player_choice":"Heal","damage_taken":0,"max_hp_gain":0,"max_hp_loss":0,"event_name":"The Library","floor":21,"gold_loss":0}],"is_beta":false,"boss_relics":[{"not_picked":["Sozu","Snecko Eye"],"picked":"Orrery"},{"not_picked":["Fusion Hammer","Black Star"],"picked":"Astrolabe"}],"items_purged_floors":[12,31],"is_endless":false,"potions_floor_spawned":[10,16,20,28,29,30],"killed_by":"3 Shapes","ascension_level":0}