{"gold_per_floor":[114,124,174,3,19,19,19,40,92,92,92],"floor_reached":11,"playtime":357,"items_purged":[],"score":122,"play_id":"e7b3a54b-198f-4ab0-9321-880bde0d81d0","local_time":"20190306154840","is_ascension_mode":true,"campfire_choices":[{"floor":6,"key":"REST"}],"neow_cost":"NONE","seed_source_timestamp":641872483232737,"circlet_count":0,"master_deck":["AscendersBane","Defend_G","Defend_G","Defend_G","Defend_G","Defend_G","Strike_G","Strike_G","Strike_G","Strike_G","Strike_G","Survivor","Neutralize","Burst","Flying Knee","Leg Sweep","Noxious Fumes","Dagger Spray","Calculated Gamble","Sucker Punch","Blur"],"relics":["Ring of the Snake","Odd Mushroom","Art of War","Golden Idol"],"potions_floor_usage":[8,11],"damage_taken":[{"damage":31,"enemies":"Jaw Worm","floor":1,"turns":9},{"damage":0,"enemies":"Cultist","floor":2,"turns":4},{"damage":6,"enemies":"2 Louse","floor":5,"turns":4},{"damage":19,"enemies":"The Mushroom Lair","floor":8,"turns":4},{"damage":15,"enemies":"Lagavulin","floor":11,"turns":6}],"seed_played":"2582888999971748640","potions_obtained":[{"floor":5,"key":"Ancient Potion"},{"floor":8,"key":"Strength Potion"}],"is_trial":false,"path_per_floor":["M","M","?","$","M","R","$","?","T","?","E"],"character_chosen":"THE_SILENT","items_purchased":["Noxious Fumes","Dagger Spray","Calculated Gamble"],"campfire_rested":1,"item_purchase_floors":[4,4,4],"current_hp_per_floor":[28,28,22,22,16,35,35,16,16,16,1],"gold":92,"neow_bonus":"ONE_RANDOM_RARE_CARD","is_prod":false,"is_daily":false,"chose_seed":false,"campfire_upgraded":0,"win_rate":0,"timestamp":1551854920,"path_taken":["M","M","?","$","?","R","?","?","T","?","E"],"build_version":"2019-01-23","purchased_purges":0,"victory":false,"max_hp_per_floor":[66,66,66,66,66,66,66,66,66,60,60],"card_choices":[{"not_picked":["Acrobatics","Distraction"],"picked":"Flying Knee","floor":1},{"not_picked":["Poisoned Stab","Dodge and Roll"],"picked":"Leg Sweep","floor":2},{"not_picked":["Distraction","Burst"],"picked":"Sucker Punch","floor":5},{"not_picked":["Reflex","Outmaneuver"],"picked":"Blur","floor":8}],"player_experience":634109,"relics_obtained":[{"floor":8,"key":"Odd Mushroom"},{"floor":9,"key":"Art of War"}],"event_choices":[{"damage_healed":0,"gold_gain":50,"player_choice":"Touch","damage_taken":6,"max_hp_gain":0,"max_hp_loss":0,"event_name":"FaceTrader","floor":3,"gold_loss":0},{"damage_healed":0,"gold_gain":0,"player_choice":"Fought Mushrooms","damage_taken":0,"max_hp_gain":0,"max_hp_loss":0,"event_name":"Mushrooms","floor":8,"gold_loss":0},{"damage_healed":0,"gold_gain":0,"player_choice":"Lose Max HP","damage_taken":0,"relics_obtained":["Golden Idol"],"max_hp_gain":0,"max_hp_loss":6,"event_name":"Golden Idol","floor":10,"gold_loss":0}],"is_beta":false,"boss_relics":[],"items_purged_floors":[],"is_endless":false,"potions_floor_spawned":[5,8],"killed_by":"Lagavulin","ascension_level":20}