{"gold_per_floor":[109,125,141,141,153,153,178,178,178,203,220,233,47,47,47,172,172,186,186,111,36,61,61,95,95,95,95,95],"floor_reached":28,"playtime":2658,"items_purged":["Injury"],"score":340,"play_id":"95ea73dc-580c-43db-b22c-aa64b4ec7316","local_time":"20181117225739","is_ascension_mode":true,"campfire_choices":[{"data":"Backflip","floor":6.0,"key":"SMITH"},{"data":"Corpse Explosion","floor":8.0,"key":"SMITH"},{"data":"Noxious Fumes","floor":15.0,"key":"SMITH"},{"data":"RitualDagger","floor":23.0,"key":"SMITH"},{"data":"Corpse Explosion","floor":25,"key":"SMITH"}],"neow_cost":"NONE","seed_source_timestamp":0,"circlet_count":0,"master_deck":["Defend_G","Defend_G","Defend_G","Defend_G","Strike_G+1","Strike_G+1","Strike_G","Strike_G","Survivor","Neutralize","Deadly Poison","Bane","Outmaneuver","Backflip+1","Corpse Explosion+1","Well Laid Plans","Deadly Poison","Noxious Fumes+1","Bane","Unload","Noxious Fumes","RitualDagger+1","Corpse Explosion+1"],"special_seed":0,"relics":["Ring of the Snake","Whetstone","Singing Bowl","Blue Candle","Gremlin Horn","Golden Idol","Sozu","Meat on the Bone","Boot","Sundial"],"potions_floor_usage":[],"damage_taken":[{"damage":0.0,"enemies":"Jaw Worm","floor":1.0,"turns":5.0},{"damage":0.0,"enemies":"2 Louse","floor":2.0,"turns":2.0},{"damage":0.0,"enemies":"Cultist","floor":3.0,"turns":3.0},{"damage":8.0,"enemies":"Large Slime","floor":5.0,"turns":6.0},{"damage":2.0,"enemies":"Gremlin Nob","floor":7.0,"turns":3.0},{"damage":20.0,"enemies":"Lagavulin","floor":10.0,"turns":5.0},{"damage":3.0,"enemies":"Looter","floor":11.0,"turns":3.0},{"damage":0.0,"enemies":"Exordium Wildlife","floor":12.0,"turns":2.0},{"damage":0.0,"enemies":"Slime Boss","floor":16.0,"turns":5.0},{"damage":14.0,"enemies":"2 Thieves","floor":18.0,"turns":2.0},{"damage":12.0,"enemies":"Chosen","floor":22.0,"turns":3.0},{"damage":26,"enemies":"Gremlin Leader","floor":24,"turns":5},{"damage":21,"enemies":"Centurion and Healer","floor":28,"turns":3}],"seed_played":"-8461346739028044498","potions_obtained":[{"floor":2.0,"key":"Regen Potion"},{"floor":5.0,"key":"Fire Potion"},{"floor":10.0,"key":"Poison Potion"},{"floor":11.0,"key":"GamblersBrew"},{"floor":16.0,"key":"SteroidPotion"}],"is_trial":false,"path_per_floor":["M","M","M","?","M","R","E","R","T","E","M","M","$","?","R","B",null,"M","?","$","?","M","R","E","R","T","T","M"],"character_chosen":"THE_SILENT","items_purchased":["Noxious Fumes","Bane","Fruit Juice"],"campfire_rested":0,"item_purchase_floors":[13,13,13],"current_hp_per_floor":[70,70,70,63,70,70,68,68,68,48,47,47,52,52,52,52,77,63,57,57,57,47,47,21,21,21,21,0],"gold":95,"neow_bonus":"RANDOM_COMMON_RELIC","is_prod":false,"is_daily":false,"chose_seed":false,"campfire_upgraded":5,"win_rate":0,"timestamp":1542517059,"path_taken":["M","M","M","?","M","R","E","R","T","E","M","M","$","?","R","BOSS","M","?","?","?","M","R","E","R","T","?","M"],"build_version":"2018-11-15","purchased_purges":1,"victory":false,"max_hp_per_floor":[70,70,70,70,70,70,70,70,70,70,72,72,77,77,77,77,77,77,77,77,77,79,79,79,79,79,79,79],"card_choices":[{"not_picked":["Cloak And Dagger","Outmaneuver"],"picked":"Deadly Poison","floor":1.0},{"not_picked":["Acrobatics","Leg Sweep"],"picked":"Bane","floor":2.0},{"not_picked":["Quick Slash","Sucker Punch"],"picked":"Outmaneuver","floor":3.0},{"not_picked":["Concentrate","Dodge and Roll"],"picked":"Backflip","floor":5.0},{"not_picked":["Slice","Blur"],"picked":"Corpse Explosion","floor":7.0},{"not_picked":["Flechettes","Slice"],"picked":"Well Laid Plans","floor":10.0},{"not_picked":["Heel Hook","Blur","Slice"],"picked":"Singing Bowl","floor":11.0},{"not_picked":["Acrobatics","Deflect"],"picked":"Deadly Poison","floor":12.0},{"not_picked":["Venomology","Wraith Form v2"],"picked":"Unload","floor":16.0},{"not_picked":["Poisoned Stab","Eviscerate"],"picked":"Noxious Fumes","floor":18.0},{"not_picked":["Acrobatics","Prepared","Slice"],"picked":"Singing Bowl","floor":22.0},{"not_picked":["Flying Knee","Infinite Blades"],"picked":"Corpse Explosion","floor":24}],"player_experience":216739,"relics_obtained":[{"floor":7.0,"key":"Singing Bowl"},{"floor":9.0,"key":"Blue Candle"},{"floor":10.0,"key":"Gremlin Horn"},{"floor":24,"key":"Meat on the Bone"},{"floor":26,"key":"Boot"},{"floor":27,"key":"Sundial"}],"event_choices":[{"cards_removed":["Defend_G"],"damage_healed":0.0,"max_hp_gain":0.0,"max_hp_loss":0.0,"gold_gain":0.0,"event_name":"Golden Wing","player_choice":"Card Removal","floor":4.0,"gold_loss":0.0,"damage_taken":7.0},{"damage_healed":0.0,"max_hp_gain":0.0,"max_hp_loss":0.0,"gold_gain":0.0,"event_name":"Golden Idol","player_choice":"Take Wound","floor":14.0,"gold_loss":0.0,"damage_taken":0.0,"relics_obtained":["Golden Idol"],"cards_obtained":["Injury"]},{"damage_healed":0.0,"max_hp_gain":0.0,"max_hp_loss":0.0,"gold_gain":0.0,"event_name":"Nest","player_choice":"Joined the Cult","floor":19.0,"gold_loss":0.0,"damage_taken":6.0,"cards_obtained":["RitualDagger"]},{"cards_removed":["Strike_G"],"damage_healed":0.0,"max_hp_gain":0.0,"max_hp_loss":0.0,"gold_gain":0.0,"event_name":"Beggar","player_choice":"Gave Gold","floor":21.0,"gold_loss":75.0,"damage_taken":0.0}],"is_beta":false,"boss_relics":[{"not_picked":["Snecko Eye","Fusion Hammer"],"picked":"Sozu"}],"items_purged_floors":[20],"is_endless":false,"potions_floor_spawned":[2,5,10,11,16,22],"killed_by":"Centurion and Healer","ascension_level":3}