{"gold_per_floor":[14,14,14,14,27,40,78,40,67,67,67,80,80,123,123,253,253,248,248,20,20,20,20],"floor_reached":23,"playtime":1303,"items_purged":[],"score":245,"play_id":"b06c9a3d-e096-4273-917d-a9c2c1f06e16","local_time":"20190421031951","is_ascension_mode":false,"campfire_choices":[{"floor":11,"key":"REST"},{"data":"Seeing Red","floor":13,"key":"SMITH"},{"data":"Uppercut","floor":15,"key":"SMITH"}],"neow_cost":"NO_GOLD","seed_source_timestamp":34029757709483,"circlet_count":0,"master_deck":["Strike_R","Strike_R","Strike_R","Strike_R","Strike_R","Defend_R","Defend_R","Defend_R","Defend_R","Bash","Bludgeon","Entrench","Uppercut+1","Bloodletting","Searing Blow","Rampage","Seeing Red+1","Demon Form","Demon Form","Sword Boomerang","Metallicize","Metallicize"],"relics":["Burning Blood","Oddly Smooth Stone","Golden Idol","Shuriken","Red Skull","Regal Pillow","Eternal Feather","Blood Vial"],"potions_floor_usage":[14,14,23,23],"damage_taken":[{"damage":2,"enemies":"2 Louse","floor":1,"turns":3},{"damage":4,"enemies":"Small Slimes","floor":5,"turns":3},{"damage":0,"enemies":"Cultist","floor":6,"turns":3},{"damage":45,"enemies":"Lagavulin","floor":7,"turns":7},{"damage":3,"enemies":"3 Louse","floor":12,"turns":3},{"damage":2,"enemies":"Gremlin Nob","floor":14,"turns":3},{"damage":3,"enemies":"Slime Boss","floor":16,"turns":7},{"damage":37,"enemies":"2 Thieves","floor":18,"turns":4},{"damage":58,"enemies":"Slavers","floor":23,"turns":4}],"seed_played":"-5066911159287136972","potions_obtained":[{"floor":5,"key":"EssenceOfSteel"},{"floor":6,"key":"Strength Potion"},{"floor":7,"key":"Energy Potion"}],"is_trial":false,"path_per_floor":["M","?","?","?","M","M","E","$","T","?","R","M","R","E","R","B",null,"M","?","$","?","?","E"],"character_chosen":"IRONCLAD","items_purchased":["Rampage","Blood Vial","Ancient Potion"],"campfire_rested":1,"item_purchase_floors":[8,20,20],"current_hp_per_floor":[80,77,82,61,63,69,30,30,30,30,55,58,58,62,62,65,85,54,54,54,54,54,0],"gold":20,"neow_bonus":"THREE_RARE_CARDS","is_prod":false,"is_daily":false,"chose_seed":false,"campfire_upgraded":2,"win_rate":0.0,"timestamp":1555831191,"path_taken":["M","?","?","?","M","M","E","$","T","?","R","M","R","E","R","BOSS","M","?","$","?","?","E"],"build_version":"2019-01-23","purchased_purges":0,"victory":false,"max_hp_per_floor":[80,80,85,85,85,85,85,85,85,85,85,85,85,85,85,85,85,85,85,85,85,85,85],"card_choices":[{"not_picked":["Dark Embrace","Berserk"],"picked":"Bludgeon","floor":0},{"not_picked":["Headbutt","Pommel Strike"],"picked":"Entrench","floor":1},{"not_picked":["Reckless Charge","Headbutt"],"picked":"Uppercut","floor":5},{"not_picked":["Iron Wave","Pummel"],"picked":"Bloodletting","floor":6},{"not_picked":["Headbutt","Flex"],"picked":"Searing Blow","floor":7},{"not_picked":["Iron Wave","True Grit"],"picked":"Seeing Red","floor":12},{"not_picked":["Ghostly Armor","Shrug It Off"],"picked":"Demon Form","floor":14},{"not_picked":["Offering","Impervious"],"picked":"Demon Form","floor":16},{"not_picked":["True Grit","Warcry+1"],"picked":"Sword Boomerang","floor":18}],"player_experience":6228,"relics_obtained":[{"floor":7,"key":"Shuriken"},{"floor":9,"key":"Red Skull"},{"floor":14,"key":"Regal Pillow"}],"event_choices":[{"damage_healed":0,"gold_gain":0,"player_choice":"Success","damage_taken":3,"relics_obtained":["Oddly Smooth Stone"],"max_hp_gain":0,"max_hp_loss":0,"event_name":"Scrap Ooze","floor":2,"gold_loss":0},{"damage_healed":0,"gold_gain":0,"player_choice":"Donut","damage_taken":0,"max_hp_gain":5,"max_hp_loss":0,"event_name":"Big Fish","floor":3,"gold_loss":0},{"damage_healed":0,"gold_gain":0,"player_choice":"Take Damage","damage_taken":21,"relics_obtained":["Golden Idol"],"max_hp_gain":0,"max_hp_loss":0,"event_name":"Golden Idol","floor":4,"gold_loss":0},{"damage_healed":0,"gold_gain":0,"player_choice":"Ignored","damage_taken":0,"max_hp_gain":0,"max_hp_loss":0,"event_name":"Liars Game","floor":10,"gold_loss":0},{"damage_healed":0,"gold_gain":0,"player_choice":"Read","damage_taken":0,"max_hp_gain":0,"max_hp_loss":0,"event_name":"The Library","floor":19,"gold_loss":0,"cards_obtained":["Metallicize"]},{"damage_healed":0,"gold_gain":0,"player_choice":"Copied","damage_taken":0,"max_hp_gain":0,"max_hp_loss":0,"event_name":"Duplicator","floor":22,"gold_loss":0,"cards_obtained":["Metallicize"]}],"is_beta":false,"boss_relics":[{"not_picked":["Lizard Tail","Calling Bell"],"picked":"Eternal Feather"}],"items_purged_floors":[],"is_endless":false,"potions_floor_spawned":[5,6,7,12],"killed_by":"Slavers","ascension_level":0}