{"gold_per_floor":[112,129,141,141,216,216,251,251,275,293,293,13,43,59,59,159,159,172,172,172,204,204,232,232,232],"floor_reached":25,"playtime":1651,"items_purged":["Strike_G"],"score":416,"play_id":"ef6dff70-f1aa-4bb1-ba93-d12fe72ab29c","local_time":"20190428154749","is_ascension_mode":true,"campfire_choices":[{"data":"Flechettes","floor":6,"key":"SMITH"},{"data":"Crippling Poison","floor":11,"key":"SMITH"},{"data":"Leg Sweep","floor":15,"key":"SMITH"},{"data":"Night Terror","floor":24,"key":"SMITH"}],"neow_cost":"NONE","seed_source_timestamp":157245619522231,"circlet_count":0,"master_deck":["AscendersBane","Defend_G+1","Defend_G+1","Defend_G+1","Defend_G+1","Defend_G+1","Survivor","Neutralize+1","Flechettes+1","Dodge and Roll","Deadly Poison","Crippling Poison+1","Bane+1","Caltrops","Leg Sweep+1","Skewer+1","Night Terror+1","Backflip+1","Escape Plan","Bite+1","Bite+1","Bite+1","Bite+1","Bite+1","Crippling Poison"],"relics":["Ring of the Snake","Dead Branch","Molten Egg 2","Regal Pillow","Potion Belt","Cursed Key","Red Mask","Orichalcum"],"potions_floor_usage":[7,13,21,21,25],"damage_taken":[{"damage":1,"enemies":"Jaw Worm","floor":1,"turns":7},{"damage":0,"enemies":"Small Slimes","floor":2,"turns":3},{"damage":0,"enemies":"2 Louse","floor":3,"turns":4},{"damage":25,"enemies":"3 Sentries","floor":7,"turns":17},{"damage":13,"enemies":"Large Slime","floor":10,"turns":6},{"damage":0,"enemies":"Gremlin Nob","floor":13,"turns":3},{"damage":0,"enemies":"3 Louse","floor":14,"turns":4},{"damage":17,"enemies":"The Guardian","floor":16,"turns":14},{"damage":0,"enemies":"Chosen","floor":18,"turns":4},{"damage":21,"enemies":"Masked Bandits","floor":21,"turns":6},{"damage":20,"enemies":"Slavers","floor":23,"turns":6},{"damage":58,"enemies":"Gremlin Leader","floor":25,"turns":7}],"seed_played":"6485430242020005851","potions_obtained":[{"floor":3,"key":"Dexterity Potion"},{"floor":10,"key":"Energy Potion"},{"floor":13,"key":"Fire Potion"},{"floor":16,"key":"LiquidBronze"},{"floor":18,"key":"SkillPotion"},{"floor":21,"key":"AttackPotion"}],"is_trial":false,"path_per_floor":["M","M","M","?","?","R","E","T","T","M","R","$","E","M","R","B",null,"M","?","?","?","?","E","R","E"],"character_chosen":"THE_SILENT","items_purchased":["Bane+1","Caltrops","Leg Sweep"],"campfire_rested":0,"item_purchase_floors":[12,12,12],"current_hp_per_floor":[69,69,69,69,58,58,33,33,33,20,20,20,20,20,20,3,59,59,59,59,38,38,30,30,0],"gold":232,"neow_bonus":"TEN_PERCENT_HP_BONUS","is_prod":false,"is_daily":false,"chose_seed":false,"campfire_upgraded":4,"win_rate":0,"timestamp":1556459269,"path_taken":["M","M","M","?","?","R","E","?","T","M","R","$","E","M","R","BOSS","M","?","?","?","?","E","R","E"],"build_version":"2019-01-23","purchased_purges":1,"victory":false,"max_hp_per_floor":[77,77,77,77,77,77,77,77,77,77,77,77,77,77,77,77,77,77,77,77,77,53,53,53,53],"card_choices":[{"not_picked":["Acrobatics","Riddle With Holes"],"picked":"Flechettes","floor":1},{"not_picked":["Choke","PiercingWail"],"picked":"Dodge and Roll","floor":2},{"not_picked":["Distraction","Underhanded Strike","Deflect"],"picked":"SKIP","floor":3},{"not_picked":["Reflex","Setup"],"picked":"Deadly Poison","floor":7},{"not_picked":["Backstab+1","PiercingWail"],"picked":"Crippling Poison","floor":10},{"not_picked":["Dodge and Roll","PiercingWail"],"picked":"Skewer+1","floor":13},{"not_picked":["Storm of Steel","Dodge and Roll","Sucker Punch+1"],"picked":"SKIP","floor":14},{"not_picked":["A Thousand Cuts","Die Die Die+1"],"picked":"Night Terror","floor":16},{"not_picked":["Dagger Throw+1","Dash+1"],"picked":"Backflip+1","floor":18},{"not_picked":["Slice+1","Backflip"],"picked":"Escape Plan","floor":21},{"not_picked":["Backstab+1","Cloak And Dagger"],"picked":"Crippling Poison","floor":23}],"player_experience":496621,"relics_obtained":[{"floor":7,"key":"Dead Branch"},{"floor":8,"key":"Molten Egg 2"},{"floor":9,"key":"Regal Pillow"},{"floor":13,"key":"Potion Belt"},{"floor":21,"key":"Red Mask"},{"floor":23,"key":"Orichalcum"}],"event_choices":[{"damage_healed":0,"gold_gain":0,"player_choice":"Grow","damage_taken":0,"max_hp_gain":0,"max_hp_loss":0,"event_name":"Living Wall","floor":4,"gold_loss":0,"cards_upgraded":["Neutralize"]},{"damage_healed":0,"gold_gain":75,"player_choice":"Gather Gold","damage_taken":11,"max_hp_gain":0,"max_hp_loss":0,"event_name":"World of Goop","floor":5,"gold_loss":0},{"damage_healed":0,"gold_gain":0,"player_choice":"Ignored","damage_taken":0,"max_hp_gain":0,"max_hp_loss":0,"event_name":"The Mausoleum","floor":19,"gold_loss":0},{"damage_healed":0,"gold_gain":0,"player_choice":"Simplicity","damage_taken":0,"max_hp_gain":0,"max_hp_loss":0,"event_name":"Back to Basics","floor":20,"gold_loss":0,"cards_upgraded":["Defend_G","Defend_G","Defend_G","Defend_G","Defend_G","Strike_G","Strike_G","Strike_G","Strike_G"]},{"damage_healed":0,"gold_gain":0,"player_choice":"Fought Bandits","damage_taken":0,"max_hp_gain":0,"max_hp_loss":0,"event_name":"Masked Bandits","floor":21,"gold_loss":0},{"damage_healed":0,"gold_gain":0,"player_choice":"Became a vampire","damage_taken":0,"max_hp_gain":0,"max_hp_loss":24,"event_name":"Vampires","floor":22,"gold_loss":0,"cards_obtained":["Bite","Bite","Bite","Bite","Bite"]}],"is_beta":false,"boss_relics":[{"not_picked":["Ring of the Serpent","White Beast Statue"],"picked":"Cursed Key"}],"items_purged_floors":[12],"is_endless":false,"potions_floor_spawned":[3,10,13,16,18,21],"killed_by":"Gremlin Leader","ascension_level":11}