{"gold_per_floor":[111,128,138,148,24,54,69,69,69,83,83,111,111,137,137,238,238,255,5,23,23,40,40,65,65,95,95],"floor_reached":27,"playtime":1697,"items_purged":["Strike_G","Slice"],"score":380,"play_id":"83dc7cf5-72ca-49f0-80e4-71aece2151e9","local_time":"20190324154523","is_ascension_mode":true,"campfire_choices":[{"data":"Noxious Fumes","floor":8,"key":"SMITH"},{"data":"Skewer","floor":11,"key":"SMITH"},{"floor":15,"key":"REST"},{"floor":23,"key":"REST"},{"data":"Endless Agony","floor":25,"key":"SMITH"}],"neow_cost":"NONE","seed_source_timestamp":155203291287846,"circlet_count":0,"master_deck":["AscendersBane","Survivor","Neutralize","Deadly Poison","Noxious Fumes+1","Backstab+1","Deflect","Skewer+1","Dodge and Roll+1","Deflect","Deflect","PiercingWail","Tools of the Trade","Glass Knife+1","Escape Plan","PiercingWail","Endless Agony+1","Dodge and Roll","Bullet Time","Deadly Poison"],"relics":["Ring of the Snake","Anchor","Matryoshka","Juzu Bracelet","Centennial Puzzle","Question Card","Smiling Mask","Pandora\u0027s Box","Whetstone","Strawberry","Omamori","Tiny Chest"],"potions_floor_usage":[6,16,24,27,27],"damage_taken":[{"damage":0,"enemies":"2 Louse","floor":1,"turns":3},{"damage":1,"enemies":"Cultist","floor":2,"turns":5},{"damage":2,"enemies":"Jaw Worm","floor":3,"turns":3},{"damage":8,"enemies":"Large Slime","floor":4,"turns":6},{"damage":9,"enemies":"Gremlin Nob","floor":6,"turns":4},{"damage":1,"enemies":"Blue Slaver","floor":7,"turns":4},{"damage":3,"enemies":"3 Louse","floor":10,"turns":4},{"damage":8,"enemies":"Lagavulin","floor":12,"turns":6},{"damage":18,"enemies":"3 Sentries","floor":14,"turns":9},{"damage":21,"enemies":"Hexaghost","floor":16,"turns":11},{"damage":22,"enemies":"3 Byrds","floor":18,"turns":7},{"damage":5,"enemies":"2 Thieves","floor":20,"turns":4},{"damage":12,"enemies":"Cultist and Chosen","floor":22,"turns":6},{"damage":5,"enemies":"Slavers","floor":24,"turns":5},{"damage":43,"enemies":"Gremlin Leader","floor":27,"turns":6}],"seed_played":"-1094437537558199484","potions_obtained":[{"floor":6,"key":"GamblersBrew"},{"floor":7,"key":"Swift Potion"},{"floor":10,"key":"SpeedPotion"},{"floor":22,"key":"FearPotion"},{"floor":24,"key":"Energy Potion"}],"is_trial":false,"path_per_floor":["M","M","M","M","$","E","M","R","T","M","R","E","?","E","R","B",null,"M","$","M","?","M","R","E","R","T","E"],"character_chosen":"THE_SILENT","items_purchased":["Explosive Potion","Whetstone","Deadly Poison"],"campfire_rested":2,"item_purchase_floors":[5,19,19],"current_hp_per_floor":[63,62,60,52,52,43,42,42,42,39,39,31,31,13,34,13,56,34,34,29,29,17,38,40,40,40,0],"gold":95,"neow_bonus":"RANDOM_COMMON_RELIC","is_prod":false,"is_daily":false,"chose_seed":false,"campfire_upgraded":3,"win_rate":0,"timestamp":1553438723,"path_taken":["M","M","M","M","$","E","M","R","T","M","R","E","?","E","R","BOSS","M","$","M","?","M","R","E","R","T","E"],"build_version":"2019-01-23","purchased_purges":2,"victory":false,"max_hp_per_floor":[70,70,70,70,70,70,70,70,70,70,70,70,70,70,70,70,70,70,70,70,70,70,70,77,77,77,77],"card_choices":[{"not_picked":["Acrobatics","Backflip"],"picked":"Deadly Poison","floor":1},{"not_picked":["Blur","Prepared"],"picked":"Noxious Fumes","floor":2},{"not_picked":["All Out Attack","Acrobatics"],"picked":"Backstab","floor":3},{"not_picked":["Bouncing Flask","Finisher"],"picked":"Deflect","floor":4},{"not_picked":["Flechettes","Storm of Steel"],"picked":"Skewer","floor":6},{"not_picked":["Infinite Blades","Flying Knee","Prepared"],"picked":"SKIP","floor":7},{"not_picked":["Slice","Infinite Blades"],"picked":"Dodge and Roll","floor":10},{"not_picked":["Sucker Punch","Endless Agony"],"picked":"Deflect","floor":12},{"not_picked":["Catalyst","Prepared","Adrenaline"],"picked":"Deflect","floor":14},{"not_picked":["Catalyst","Heel Hook+1","Prepared","Poisoned Stab"],"picked":"SKIP","floor":18},{"not_picked":["Slice","Bane","Leg Sweep","Underhanded Strike"],"picked":"SKIP","floor":20},{"not_picked":["Dodge and Roll","Noxious Fumes","Flechettes","Outmaneuver"],"picked":"SKIP","floor":22},{"not_picked":["Leg Sweep+1","Glass Knife","Poisoned Stab+1","Slice"],"picked":"SKIP","floor":24}],"player_experience":362775,"relics_obtained":[{"floor":6,"key":"Matryoshka"},{"floor":9,"key":"Juzu Bracelet"},{"floor":9,"key":"Centennial Puzzle"},{"floor":12,"key":"Question Card"},{"floor":14,"key":"Smiling Mask"},{"floor":24,"key":"Strawberry"},{"floor":26,"key":"Omamori"},{"floor":26,"key":"Tiny Chest"}],"event_choices":[{"damage_healed":0,"gold_gain":0,"player_choice":"Forge","damage_taken":0,"max_hp_gain":0,"max_hp_loss":0,"event_name":"Accursed Blacksmith","floor":13,"gold_loss":0,"cards_upgraded":["Dodge and Roll"]},{"damage_healed":0,"gold_gain":0,"player_choice":"Ignored","damage_taken":0,"max_hp_gain":0,"max_hp_loss":0,"event_name":"The Mausoleum","floor":21,"gold_loss":0}],"is_beta":false,"boss_relics":[{"not_picked":["Busted Crown","Orrery"],"picked":"Pandora\u0027s Box"}],"items_purged_floors":[5,19],"is_endless":false,"potions_floor_spawned":[6,7,10,14,22,24],"killed_by":"Gremlin Leader","ascension_level":10}