{"gold_per_floor":[214,228,228,242,260,260,273,295,295,295,50,50,50,50,50,148,148,130,141,66,118,118,118,132,150,203,216,315,60,60,80,80,182,182,194,210,210,225,238,238,253,81,81,94,94,0,0,15,15,15],"floor_reached":50,"playtime":4320,"items_purged":["Defend_R","Limit Break"],"score":461,"play_id":"d10cf7c7-8f0b-44c7-97b7-33014ff46253","local_time":"20190511235645","is_ascension_mode":false,"campfire_choices":[{"data":"Perfected Strike","floor":6,"key":"SMITH"},{"data":"Bash","floor":12,"key":"SMITH"},{"floor":15,"key":"REST"},{"floor":23,"key":"REST"},{"data":"Flex","floor":32,"key":"SMITH"},{"floor":45,"key":"REST"},{"floor":49,"key":"REST"}],"neow_cost":"NONE","seed_source_timestamp":537103669563500,"circlet_count":0,"master_deck":["Strike_R","Strike_R","Strike_R","Strike_R","Defend_R+1","Defend_R+1","Bash+1","Flex+1","Shrug It Off","Perfected Strike+1","Uppercut","Armaments","Headbutt","Heavy Blade","Cleave","Heavy Blade+1","Rage+1","Body Slam+1","Shrug It Off","Sword Boomerang+1","Pommel Strike+1","Headbutt+1","True Grit+1","Pommel Strike+1","Parasite","Pommel Strike+1","Metallicize","Fire Breathing+1","Shrug It Off+1"],"relics":["Burning Blood","Odd Mushroom","Letter Opener","TheAbacus","Sundial","Velvet Choker","Ancient Tea Set","War Paint","Orichalcum","Sozu","Molten Egg 2","Red Mask"],"potions_floor_usage":[33,33,44,44],"damage_taken":[{"damage":0,"enemies":"Small Slimes","floor":1,"turns":3},{"damage":0,"enemies":"2 Louse","floor":2,"turns":3},{"damage":2,"enemies":"Jaw Worm","floor":4,"turns":4},{"damage":10,"enemies":"Looter","floor":5,"turns":4},{"damage":2,"enemies":"Blue Slaver","floor":7,"turns":4},{"damage":19,"enemies":"The Mushroom Lair","floor":8,"turns":4},{"damage":64,"enemies":"Hexaghost","floor":16,"turns":10},{"damage":25,"enemies":"2 Thieves","floor":18,"turns":4},{"damage":5,"enemies":"Spheric Guardian","floor":19,"turns":3},{"damage":11,"enemies":"Shelled Parasite and Fungi","floor":24,"turns":5},{"damage":31,"enemies":"Centurion and Healer","floor":25,"turns":7},{"damage":13,"enemies":"Snecko","floor":27,"turns":5},{"damage":4,"enemies":"Shelled Parasite and Fungi","floor":31,"turns":5},{"damage":39,"enemies":"Champ","floor":33,"turns":12},{"damage":0,"enemies":"Orb Walker","floor":35,"turns":2},{"damage":23,"enemies":"3 Shapes","floor":36,"turns":3},{"damage":28,"enemies":"Transient","floor":38,"turns":5},{"damage":33,"enemies":"Sphere and 2 Shapes","floor":39,"turns":4},{"damage":7,"enemies":"Writhing Mass","floor":41,"turns":3},{"damage":6,"enemies":"Maw","floor":44,"turns":7},{"damage":0,"enemies":"Transient","floor":48,"turns":5},{"damage":74,"enemies":"Awakened One","floor":50,"turns":16}],"seed_played":"5811102925592741007","potions_obtained":[{"floor":1,"key":"SpeedPotion"},{"floor":24,"key":"GamblersBrew"},{"floor":27,"key":"SkillPotion"},{"floor":33,"key":"Ancient Potion"}],"is_trial":false,"path_per_floor":["M","M","?","M","M","R","M","?","T","?","$","R","T","$","R","B",null,"M","M","?","T","?","R","M","M","T","M","?","$","?","M","R","B",null,"M","M","?","M","M","?","M","$","T","M","R","?","$","M","R","B"],"character_chosen":"IRONCLAD","items_purchased":["Headbutt","TheAbacus","Orichalcum","Shrug It Off","Metallicize"],"campfire_rested":4,"item_purchase_floors":[11,11,29,29,42],"current_hp_per_floor":[80,80,80,80,76,76,80,67,67,67,67,67,67,67,80,22,80,61,62,62,62,62,80,75,50,50,43,43,43,80,80,80,47,80,80,63,63,41,14,14,13,13,13,13,37,37,37,43,67,0],"gold":15,"neow_bonus":"HUNDRED_GOLD","is_prod":false,"is_daily":false,"chose_seed":false,"campfire_upgraded":3,"win_rate":0.0,"timestamp":1557633405,"path_taken":["M","M","?","M","M","R","M","?","T","?","?","R","?","$","R","BOSS","M","M","?","?","?","R","M","?","T","M","?","$","?","M","R","BOSS","M","?","?","M","M","?","?","$","T","M","R","?","?","M","R","BOSS"],"build_version":"2019-01-23","purchased_purges":2,"victory":false,"max_hp_per_floor":[80,80,80,80,80,80,80,80,80,80,80,80,80,80,80,80,80,80,80,80,80,80,80,80,80,80,80,80,80,80,80,80,80,80,80,80,80,80,80,80,80,80,80,80,80,80,80,80,80,80],"card_choices":[{"not_picked":["Intimidate","Sword Boomerang"],"picked":"Flex","floor":1},{"not_picked":["Headbutt","True Grit"],"picked":"Shrug It Off","floor":2},{"not_picked":["True Grit","Ghostly Armor","Offering"],"picked":"SKIP","floor":4},{"not_picked":["Iron Wave","Thunderclap"],"picked":"Perfected Strike","floor":5},{"not_picked":["Flame Barrier","Reckless Charge"],"picked":"Uppercut","floor":7},{"not_picked":["True Grit","Fire Breathing"],"picked":"Armaments","floor":8},{"not_picked":["Brutality","Berserk"],"picked":"Limit Break","floor":16},{"not_picked":["Rupture","Armaments"],"picked":"Heavy Blade","floor":18},{"not_picked":["Power Through","Clash"],"picked":"Cleave","floor":19},{"not_picked":["Anger","Warcry"],"picked":"Heavy Blade+1","floor":24},{"not_picked":["Iron Wave","Demon Form"],"picked":"Rage+1","floor":25},{"not_picked":["Heavy Blade","Pummel"],"picked":"Body Slam+1","floor":27},{"not_picked":["Clothesline","Warcry"],"picked":"Sword Boomerang+1","floor":31},{"not_picked":["Bludgeon","Offering"],"picked":"Demon Form","floor":33},{"not_picked":["Thunderclap+1","Anger"],"picked":"Pommel Strike+1","floor":35},{"not_picked":["Shrug It Off+1","Sword Boomerang"],"picked":"Headbutt+1","floor":36},{"not_picked":["Power Through+1","Seeing Red+1"],"picked":"True Grit+1","floor":38},{"not_picked":["Entrench","Flame Barrier","Clash+1"],"picked":"SKIP","floor":39},{"not_picked":["Intimidate","Body Slam+1"],"picked":"Pommel Strike+1","floor":41},{"not_picked":["Anger+1","Bloodletting+1"],"picked":"Fire Breathing+1","floor":44},{"not_picked":["Disarm+1","Clash+1"],"picked":"Shrug It Off+1","floor":48}],"player_experience":7050,"relics_obtained":[{"floor":8,"key":"Odd Mushroom"},{"floor":9,"key":"Letter Opener"},{"floor":13,"key":"Sundial"},{"floor":21,"key":"Ancient Tea Set"},{"floor":26,"key":"War Paint"},{"floor":43,"key":"Molten Egg 2"}],"event_choices":[{"cards_removed":["Defend_R"],"damage_healed":0,"gold_gain":0,"player_choice":"Forget","damage_taken":0,"max_hp_gain":0,"max_hp_loss":0,"event_name":"Living Wall","floor":3,"gold_loss":0},{"damage_healed":0,"gold_gain":0,"player_choice":"Fought Mushrooms","damage_taken":0,"max_hp_gain":0,"max_hp_loss":0,"event_name":"Mushrooms","floor":8,"gold_loss":0},{"damage_healed":0,"gold_gain":0,"player_choice":"Ignored","damage_taken":0,"max_hp_gain":0,"max_hp_loss":0,"event_name":"Shining Light","floor":10,"gold_loss":0},{"cards_removed":["Strike_R"],"damage_healed":0,"gold_gain":0,"player_choice":"Gave Gold","damage_taken":0,"max_hp_gain":0,"max_hp_loss":0,"event_name":"Beggar","floor":20,"gold_loss":75},{"damage_healed":0,"gold_gain":0,"player_choice":"Ignored","damage_taken":0,"max_hp_gain":0,"max_hp_loss":0,"event_name":"Ghosts","floor":22,"gold_loss":0},{"damage_healed":0,"gold_gain":99,"player_choice":"Stole From Cult","damage_taken":0,"max_hp_gain":0,"max_hp_loss":0,"event_name":"Nest","floor":28,"gold_loss":0},{"damage_healed":37,"gold_gain":0,"player_choice":"Full Heal","damage_taken":0,"max_hp_gain":0,"max_hp_loss":0,"event_name":"Wheel of Change","floor":30,"gold_loss":0},{"cards_removed":["Demon Form"],"damage_healed":0,"gold_gain":0,"player_choice":"Removed Power","damage_taken":0,"max_hp_gain":0,"max_hp_loss":0,"event_name":"Falling","floor":37,"gold_loss":0},{"damage_healed":0,"gold_gain":0,"player_choice":"Copied","damage_taken":0,"max_hp_gain":0,"max_hp_loss":0,"event_name":"Duplicator","floor":40,"gold_loss":0,"cards_obtained":["Pommel Strike"]},{"damage_healed":0,"gold_gain":0,"player_choice":"Paid","damage_taken":0,"relics_obtained":["Red Mask"],"max_hp_gain":0,"max_hp_loss":0,"event_name":"Tomb of Lord Red Mask","floor":46,"gold_loss":94}],"is_beta":false,"boss_relics":[{"not_picked":["Ectoplasm","Calling Bell"],"picked":"Velvet Choker"},{"not_picked":["Snecko Eye","Mark of Pain"],"picked":"Sozu"}],"items_purged_floors":[29,42],"is_endless":false,"potions_floor_spawned":[1,24,27,31,33,36,41,48],"killed_by":"Awakened One","ascension_level":0}