{"gold_per_floor":[363,71,71,16,16,16,26,36,86,86,105,118,149,160,160,160],"floor_reached":16,"playtime":680,"items_purged":["Regret"],"score":189,"play_id":"41fe5a3a-fe81-4a70-bb4c-c1fc88e3dd16","local_time":"20190124195435","is_ascension_mode":true,"campfire_choices":[{"data":"Neutralize","floor":6,"key":"SMITH"},{"floor":10,"key":"REST"},{"data":"Crippling Poison","floor":15,"key":"SMITH"}],"neow_cost":"CURSE","seed_source_timestamp":122970781697389,"circlet_count":0,"master_deck":["AscendersBane","Defend_G","Defend_G","Defend_G","Defend_G","Defend_G","Strike_G","Strike_G","Strike_G","Strike_G","Survivor","Neutralize+1","Apotheosis+1","Crippling Poison+1","Dagger Spray","Prepared","Leg Sweep","Flying Knee","PiercingWail"],"relics":["Ring of the Snake","Art of War","Pear"],"potions_floor_usage":[11,13],"damage_taken":[{"damage":4,"enemies":"Cultist","floor":1,"turns":5},{"damage":2,"enemies":"Jaw Worm","floor":7,"turns":5},{"damage":1,"enemies":"Small Slimes","floor":8,"turns":4},{"damage":6,"enemies":"Gremlin Gang","floor":11,"turns":4},{"damage":0,"enemies":"Red Slaver","floor":12,"turns":3},{"damage":7,"enemies":"3 Sentries","floor":13,"turns":12},{"damage":3,"enemies":"Looter","floor":14,"turns":4},{"damage":61,"enemies":"Hexaghost","floor":16,"turns":17}],"seed_played":"5868567584640500048","potions_obtained":[{"floor":1,"key":"Weak Potion"},{"floor":8,"key":"EssenceOfSteel"},{"floor":11,"key":"PowerPotion"}],"is_trial":false,"path_per_floor":["M","$","?","?","?","R","M","M","T","R","M","M","E","M","R","B"],"character_chosen":"THE_SILENT","items_purchased":["Apotheosis"],"campfire_rested":1,"item_purchase_floors":[2],"current_hp_per_floor":[55,55,48,48,48,48,46,45,45,64,58,58,61,58,58,0],"gold":160,"neow_bonus":"TWO_FIFTY_GOLD","is_prod":false,"is_daily":false,"chose_seed":false,"campfire_upgraded":2,"win_rate":0,"timestamp":1548327275,"path_taken":["M","$","?","?","?","R","M","M","T","R","?","M","E","M","R","BOSS"],"build_version":"2019-01-23","purchased_purges":1,"victory":false,"max_hp_per_floor":[66,66,66,66,66,66,66,66,66,66,66,66,76,76,76,76],"card_choices":[{"not_picked":["Deflect","Blade Dance","Slice"],"picked":"SKIP","floor":1},{"not_picked":["Eviscerate","Terror"],"picked":"Crippling Poison","floor":7},{"not_picked":["Infinite Blades","Flechettes"],"picked":"Dagger Spray","floor":8},{"not_picked":["Bane","Tactician"],"picked":"Prepared","floor":11},{"not_picked":["Infinite Blades","Flying Knee"],"picked":"Leg Sweep","floor":12},{"not_picked":["Prepared","Night Terror"],"picked":"Flying Knee","floor":13},{"not_picked":["Prepared","Distraction"],"picked":"PiercingWail","floor":14}],"player_experience":446705,"relics_obtained":[{"floor":9,"key":"Art of War"},{"floor":13,"key":"Pear"}],"event_choices":[{"cards_removed":["Strike_G"],"damage_healed":0,"gold_gain":0,"player_choice":"Card Removal","damage_taken":7,"max_hp_gain":0,"max_hp_loss":0,"event_name":"Golden Wing","floor":3,"gold_loss":0},{"damage_healed":0,"gold_gain":0,"player_choice":"Left Gold","damage_taken":0,"max_hp_gain":0,"max_hp_loss":0,"event_name":"World of Goop","floor":4,"gold_loss":55},{"damage_healed":0,"gold_gain":0,"player_choice":"Forge","damage_taken":0,"max_hp_gain":0,"max_hp_loss":0,"event_name":"Accursed Blacksmith","floor":5,"gold_loss":0,"cards_upgraded":["Apotheosis"]}],"is_beta":false,"boss_relics":[],"items_purged_floors":[2],"is_endless":false,"potions_floor_spawned":[1,8,11,12],"killed_by":"Hexaghost","ascension_level":17}