{"gold_per_floor":[115,134,150,162,162,162,200,200,223,223,244,269,313,325,337,473,485,518,530,542,554,579,591,603],"floor_reached":24,"playtime":1090,"items_purged":[],"score":299,"play_id":"b182b395-36be-42ba-913a-323cbdfc275e","local_time":"20190415210028","is_ascension_mode":true,"campfire_choices":[{"data":"Zap","floor":6,"key":"SMITH"},{"data":"Defragment","floor":8,"key":"SMITH"},{"floor":10,"key":"REST"},{"data":"Buffer","floor":15,"key":"SMITH"},{"data":"Barrage","floor":23,"key":"SMITH"}],"neow_cost":"NONE","seed_source_timestamp":346318985617700,"circlet_count":0,"master_deck":["Strike_B","Strike_B","Strike_B","Strike_B","Defend_B","Defend_B","Defend_B","Defend_B","Zap+1","Dualcast","Capacitor","Ball Lightning","Coolheaded","Coolheaded","Defragment+1","Hologram","Buffer+1","Amplify","Barrage+1"],"relics":["Cracked Core","Bloody Idol","Anchor","Pen Nib","MawBank","Velvet Choker"],"potions_floor_usage":[13,24],"damage_taken":[{"damage":1,"enemies":"Cultist","floor":1,"turns":3},{"damage":4,"enemies":"Jaw Worm","floor":2,"turns":3},{"damage":0,"enemies":"Small Slimes","floor":3,"turns":3},{"damage":11,"enemies":"3 Louse","floor":4,"turns":3},{"damage":23,"enemies":"3 Sentries","floor":7,"turns":7},{"damage":0,"enemies":"Red Slaver","floor":11,"turns":4},{"damage":10,"enemies":"2 Fungi Beasts","floor":12,"turns":3},{"damage":27,"enemies":"Gremlin Nob","floor":13,"turns":4},{"damage":15,"enemies":"Hexaghost","floor":16,"turns":11},{"damage":0,"enemies":"Shell Parasite","floor":18,"turns":7},{"damage":0,"enemies":"Chosen","floor":22,"turns":5},{"damage":87,"enemies":"Book of Stabbing","floor":24,"turns":5}],"seed_played":"8851837140150971695","potions_obtained":[{"floor":0,"key":"Fruit Juice"},{"floor":0,"key":"SteroidPotion"},{"floor":0,"key":"SpeedPotion"},{"floor":22,"key":"Regen Potion"}],"is_trial":false,"path_per_floor":["M","M","M","M","?","R","E","R","T","R","M","M","E","?","R","B",null,"M","?","$","?","M","R","E"],"character_chosen":"DEFECT","items_purchased":[],"campfire_rested":1,"item_purchase_floors":[],"current_hp_per_floor":[67,63,63,52,52,52,29,29,29,49,49,39,17,41,41,26,62,62,62,62,62,72,74,0],"gold":603,"neow_bonus":"THREE_SMALL_POTIONS","is_prod":false,"is_daily":false,"chose_seed":false,"campfire_upgraded":4,"win_rate":0,"timestamp":1555354828,"path_taken":["M","M","?","M","?","R","E","R","T","R","M","M","E","?","R","BOSS","M","?","$","?","M","R","E"],"build_version":"2019-01-23","purchased_purges":0,"victory":false,"max_hp_per_floor":[75,75,75,75,69,69,69,69,69,69,69,69,74,74,74,74,74,74,74,74,74,74,74,74],"card_choices":[{"not_picked":["Self Repair","Reprogram"],"picked":"Capacitor","floor":1},{"not_picked":["Static Discharge","Barrage"],"picked":"Ball Lightning","floor":2},{"not_picked":["Compile Driver","Hologram"],"picked":"Coolheaded","floor":3},{"not_picked":["Fusion","Cold Snap"],"picked":"Coolheaded","floor":4},{"not_picked":["Turbo","Undo"],"picked":"Defragment","floor":7},{"not_picked":["White Noise","Tempest","Turbo"],"picked":"SKIP","floor":11},{"not_picked":["BootSequence","Streamline"],"picked":"Hologram","floor":12},{"not_picked":["White Noise","Hologram"],"picked":"Buffer","floor":13},{"not_picked":["All For One","Buffer"],"picked":"Amplify","floor":16},{"not_picked":["Blizzard","Turbo","Conserve Battery+1"],"picked":"SKIP","floor":18},{"not_picked":["Reinforced Body+1","Force Field+1"],"picked":"Barrage","floor":22}],"player_experience":451244,"relics_obtained":[{"floor":7,"key":"Anchor"},{"floor":9,"key":"Pen Nib"},{"floor":13,"key":"MawBank"}],"event_choices":[{"damage_healed":0,"gold_gain":0,"player_choice":"Lose Max HP","damage_taken":0,"relics_obtained":["Golden Idol"],"max_hp_gain":0,"max_hp_loss":6,"event_name":"Golden Idol","floor":5,"gold_loss":0},{"damage_healed":24,"gold_gain":0,"player_choice":"Banana","damage_taken":0,"max_hp_gain":0,"max_hp_loss":0,"event_name":"Big Fish","floor":14,"gold_loss":0},{"damage_healed":0,"gold_gain":0,"player_choice":"Ignored","damage_taken":0,"max_hp_gain":0,"max_hp_loss":0,"event_name":"The Mausoleum","floor":19,"gold_loss":0},{"damage_healed":0,"gold_gain":0,"player_choice":"Gave Idol","damage_taken":0,"relics_obtained":["Bloody Idol"],"max_hp_gain":0,"max_hp_loss":0,"event_name":"Forgotten Altar","floor":21,"relics_lost":["Golden Idol"],"gold_loss":0}],"is_beta":false,"boss_relics":[{"not_picked":["Pandora\u0027s Box","Black Star"],"picked":"Velvet Choker"}],"items_purged_floors":[],"is_endless":false,"potions_floor_spawned":[1,3,4,22],"killed_by":"Book of Stabbing","ascension_level":9}