{"gold_per_floor":[115,135,135,146,43,78,78,112,112,141,157,157,168,194,194,268,268,280,280,297,297,314,314],"floor_reached":23,"playtime":939,"items_purged":["Regret"],"score":442,"play_id":"ba271486-9f45-478f-8a32-5c2919e40dd4","local_time":"20190330180053","is_ascension_mode":true,"campfire_choices":[{"data":"White Noise","floor":7.0,"key":"SMITH"},{"floor":12.0,"key":"REST"},{"floor":15.0,"key":"REST"}],"neow_cost":"NONE","seed_source_timestamp":0,"circlet_count":0,"master_deck":["AscendersBane","Strike_B","Strike_B","Strike_B","Strike_B","Defend_B","Defend_B","Defend_B","Defend_B","Zap","Dualcast","Ball Lightning","Darkness","White Noise+1","Ball Lightning","Seek","Conserve Battery","Glacier","Conserve Battery","Leap","Capacitor","Echo Form","White Noise","Cold Snap","Coolheaded"],"special_seed":0,"relics":["Cracked Core","Question Card","Nunchaku","The Courier","Calipers","Omamori","Pantograph","Sozu"],"potions_floor_usage":[23],"damage_taken":[{"damage":0.0,"enemies":"2 Louse","floor":1.0,"turns":3.0},{"damage":1.0,"enemies":"Small Slimes","floor":2.0,"turns":3.0},{"damage":11.0,"enemies":"Jaw Worm","floor":4.0,"turns":3.0},{"damage":10.0,"enemies":"Lagavulin","floor":6.0,"turns":5.0},{"damage":15.0,"enemies":"3 Sentries","floor":8.0,"turns":6.0},{"damage":13.0,"enemies":"Lagavulin","floor":10.0,"turns":7.0},{"damage":6.0,"enemies":"Exordium Wildlife","floor":11.0,"turns":2.0},{"damage":11.0,"enemies":"Looter","floor":13.0,"turns":3.0},{"damage":5.0,"enemies":"3 Sentries","floor":14.0,"turns":8.0},{"damage":11.0,"enemies":"Slime Boss","floor":16.0,"turns":9.0},{"damage":14.0,"enemies":"Spheric Guardian","floor":18.0,"turns":5.0},{"damage":31.0,"enemies":"3 Byrds","floor":20.0,"turns":3.0},{"damage":11.0,"enemies":"Centurion and Healer","floor":22.0,"turns":6.0},{"damage":17,"enemies":"Gremlin Leader","floor":23,"turns":2}],"seed_played":"-431348070441892991","potions_obtained":[{"floor":2.0,"key":"Swift Potion"},{"floor":6.0,"key":"SteroidPotion"},{"floor":8.0,"key":"Weak Potion"},{"floor":11.0,"key":"Block Potion"}],"is_trial":false,"path_per_floor":["M","M","?","M","$","E","R","E","T","E","M","R","M","E","R","B",null,"M","?","M","?","M","E"],"character_chosen":"DEFECT","items_purchased":["Ball Lightning"],"campfire_rested":2,"item_purchase_floors":[5],"current_hp_per_floor":[71,70,70,59,59,49,49,34,34,21,15,38,27,22,45,59,73,59,59,28,28,17,0],"gold":314,"neow_bonus":"TEN_PERCENT_HP_BONUS","is_prod":false,"is_daily":false,"chose_seed":false,"campfire_upgraded":1,"win_rate":0,"timestamp":1553986853,"path_taken":["M","M","?","M","$","E","R","E","T","E","M","R","M","E","R","BOSS","M","?","M","?","M","E"],"build_version":"2019-01-23","purchased_purges":1,"victory":false,"max_hp_per_floor":[78,78,78,78,78,78,78,78,78,78,78,78,78,78,78,78,78,78,78,78,78,78,78],"card_choices":[{"not_picked":["Barrage","Conserve Battery"],"picked":"Ball Lightning","floor":1.0},{"not_picked":["Go for the Eyes","Tempest"],"picked":"Darkness","floor":2.0},{"not_picked":["Lockon","Go for the Eyes","Barrage"],"picked":"White Noise","floor":4.0},{"not_picked":["Core Surge","Redo","Rebound"],"picked":"Seek","floor":6.0},{"not_picked":["Gash","Streamline","Redo"],"picked":"Conserve Battery","floor":8.0},{"not_picked":["Meteor Strike","Reprogram","Leap"],"picked":"Glacier","floor":10.0},{"not_picked":["Force Field","Reprogram","Skim"],"picked":"Conserve Battery","floor":11.0},{"not_picked":["Force Field","FTL","Compile Driver"],"picked":"Leap","floor":13.0},{"not_picked":["Defragment","Conserve Battery","Go for the Eyes"],"picked":"Capacitor","floor":14.0},{"not_picked":["Machine Learning","Creative AI","Meteor Strike"],"picked":"Echo Form","floor":16.0},{"not_picked":["Melter","Reinforced Body","Conserve Battery"],"picked":"White Noise","floor":18.0},{"not_picked":["BootSequence","Undo","Hello World"],"picked":"Cold Snap","floor":20.0},{"not_picked":["Melter","Ball Lightning","Gash"],"picked":"Coolheaded","floor":22.0}],"player_experience":1197378,"relics_obtained":[{"floor":6.0,"key":"Nunchaku"},{"floor":8.0,"key":"The Courier"},{"floor":9.0,"key":"Calipers"},{"floor":10.0,"key":"Omamori"},{"floor":14.0,"key":"Pantograph"}],"event_choices":[{"damage_healed":0.0,"max_hp_gain":0.0,"max_hp_loss":0.0,"gold_gain":0.0,"event_name":"Big Fish","player_choice":"Box","floor":3.0,"gold_loss":0.0,"damage_taken":0.0,"relics_obtained":["Question Card"],"cards_obtained":["Regret"]},{"damage_healed":0.0,"max_hp_gain":0.0,"max_hp_loss":0.0,"gold_gain":0.0,"event_name":"Ghosts","player_choice":"Ignored","floor":19.0,"gold_loss":0.0,"damage_taken":0.0},{"damage_healed":0.0,"max_hp_gain":0.0,"max_hp_loss":0.0,"gold_gain":0.0,"event_name":"Beggar","player_choice":"Ignored","floor":21.0,"gold_loss":0.0,"damage_taken":0.0}],"is_beta":false,"boss_relics":[{"not_picked":["Calling Bell","Astrolabe"],"picked":"Sozu"}],"items_purged_floors":[5],"is_endless":false,"potions_floor_spawned":[2,6,8,11,13,20],"killed_by":"Gremlin Leader","ascension_level":20}