{"gold_per_floor":[362,362,2,18,37,37,69,69,69,69,81,81,44,60,60,164,164,184,204,81,99,99,99,0,0,25,25,25,25,35,69,69,168,168,188,34,45,62,62,62,80,80,80,92,103,35,35,48,48,48],"floor_reached":51,"playtime":2092,"items_purged":["Strike_B","Strike_B"],"score":850,"play_id":"e5c126a1-d8cd-400f-ab5c-6c2e23e04e33","local_time":"20181026203328","is_ascension_mode":true,"campfire_choices":[{"floor":6,"key":"REST"},{"data":"Buffer","floor":12,"key":"SMITH"},{"floor":15,"key":"REST"},{"data":"White Noise","floor":23,"key":"SMITH"},{"data":"Storm","floor":25,"key":"SMITH"},{"data":"Dualcast","floor":29,"key":"SMITH"},{"data":"Steam","floor":32,"key":"SMITH"},{"floor":40,"key":"REST"},{"floor":42,"key":"REST"},{"floor":47,"key":"REST"},{"data":"Steam","floor":49,"key":"SMITH"}],"neow_cost":"PERCENT_DAMAGE","seed_source_timestamp":512711949007971,"circlet_count":0,"master_deck":["Strike_B","Strike_B","Defend_B","Defend_B","Defend_B","Defend_B","Zap","Dualcast+1","Cold Snap","Storm+1","Buffer+1","Ball Lightning","Darkness","Electrodynamics","White Noise+1","Leap","Steam+1","Steam+1","Capacitor+1","Multi-Cast","Creative AI+1","Skim+1","Steam+1","Self Repair+1","Leap+1"],"relics":["Cracked Core","Thread and Needle","Girya","Kunai","Mummified Hand","Shuriken","Velvet Choker","Centennial Puzzle","Frozen Egg 2","Ornamental Fan","Sozu","PreservedInsect","DataDisk"],"potions_floor_usage":[7,16,16,31,33,50],"damage_taken":[{"damage":3,"enemies":"2 Louse","floor":1,"turns":2},{"damage":3,"enemies":"Jaw Worm","floor":4,"turns":2},{"damage":0,"enemies":"Cultist","floor":5,"turns":4},{"damage":17,"enemies":"Lagavulin","floor":7,"turns":6},{"damage":0,"enemies":"Looter","floor":11,"turns":4},{"damage":2,"enemies":"Exordium Wildlife","floor":14,"turns":3},{"damage":46,"enemies":"Hexaghost","floor":16,"turns":11},{"damage":0,"enemies":"Chosen","floor":18,"turns":3},{"damage":3,"enemies":"2 Thieves","floor":19,"turns":3},{"damage":1,"enemies":"Shelled Parasite and Fungi","floor":21,"turns":6},{"damage":5,"enemies":"Centurion and Healer","floor":30,"turns":3},{"damage":20,"enemies":"Slavers","floor":31,"turns":3},{"damage":0,"enemies":"Automaton","floor":33,"turns":8},{"damage":10,"enemies":"3 Darklings","floor":35,"turns":4},{"damage":0,"enemies":"3 Shapes","floor":37,"turns":2},{"damage":14,"enemies":"3 Darklings","floor":38,"turns":4},{"damage":19,"enemies":"4 Shapes","floor":41,"turns":4},{"damage":0,"enemies":"Transient","floor":44,"turns":5},{"damage":24,"enemies":"Jaw Worm Horde","floor":45,"turns":3},{"damage":14,"enemies":"4 Shapes","floor":48,"turns":2},{"damage":51,"enemies":"Time Eater","floor":50,"turns":9}],"seed_played":"-5386825043985886191","potions_obtained":[{"floor":1,"key":"SpeedPotion"},{"floor":5,"key":"Dexterity Potion"},{"floor":7,"key":"EntropicBrew"},{"floor":16,"key":"Regen Potion"},{"floor":33,"key":"FearPotion"}],"is_trial":false,"path_per_floor":["M","?","$","M","M","R","E","?","T","T","M","R","$","M","R","B",null,"M","M","$","M","?","R","?","R","T","T","$","R","M","E","R","B",null,"M","$","M","M","?","R","M","R","T","M","M","$","R","M","R","B"],"character_chosen":"DEFECT","items_purchased":["Thread and Needle","Darkness","Steam","PreservedInsect","Self Repair+1"],"campfire_rested":5,"item_purchase_floors":[3,13,20,36,46],"current_hp_per_floor":[51,51,51,48,48,70,53,41,41,41,41,41,41,39,61,15,75,75,72,72,71,71,71,71,71,71,71,71,71,66,55,55,55,75,65,65,65,51,51,73,54,75,75,75,51,51,73,69,69,28],"gold":48,"neow_bonus":"TWO_FIFTY_GOLD","is_prod":false,"is_daily":false,"chose_seed":false,"campfire_upgraded":6,"win_rate":0,"timestamp":1540578808,"path_taken":["M","?","$","M","M","R","E","?","T","?","?","R","$","M","R","BOSS","M","M","$","?","?","R","?","R","T","?","$","R","M","E","R","BOSS","M","$","M","M","?","R","M","R","T","M","M","$","R","M","R","BOSS"],"build_version":"2018-10-25v2","purchased_purges":2,"victory":true,"max_hp_per_floor":[75,75,75,75,75,75,75,75,75,75,75,75,75,75,75,75,75,75,75,75,75,75,75,75,75,75,75,75,75,75,75,75,75,75,75,75,75,75,75,75,75,75,75,75,75,75,75,75,75,75],"card_choices":[{"not_picked":["Recycle","Fusion","Sweeping Beam"],"picked":"SKIP","floor":1},{"not_picked":["Barrage","Compile Driver"],"picked":"Cold Snap","floor":4},{"not_picked":["Fusion","Rebound"],"picked":"Storm","floor":5},{"not_picked":["Coolheaded","Fusion"],"picked":"Buffer","floor":7},{"not_picked":["Rip and Tear","Leap"],"picked":"Ball Lightning","floor":11},{"not_picked":["Tempest","Streamline","Redo"],"picked":"SKIP","floor":14},{"not_picked":["Rainbow","Meteor Strike"],"picked":"Electrodynamics","floor":16},{"not_picked":["Stack","Sweeping Beam"],"picked":"White Noise","floor":18},{"not_picked":["Gash","Hello World+1"],"picked":"Leap","floor":19},{"not_picked":["Melter","Tempest"],"picked":"Steam","floor":21},{"not_picked":["Conserve Battery","Redo+1"],"picked":"Capacitor+1","floor":30},{"not_picked":["Recycle","Aggregate"],"picked":"Multi-Cast","floor":31},{"not_picked":["Seek","Amplify"],"picked":"Creative AI+1","floor":33},{"not_picked":["Go for the Eyes+1","Stack"],"picked":"Skim+1","floor":35},{"not_picked":["Hologram+1","Amplify"],"picked":"Steam+1","floor":37},{"not_picked":["Ball Lightning","Redo","Go for the Eyes+1"],"picked":"SKIP","floor":38},{"not_picked":["Rip and Tear+1","Hologram+1","Streamline+1"],"picked":"SKIP","floor":41},{"not_picked":["Turbo","Heatsinks+1","Blizzard+1"],"picked":"SKIP","floor":44},{"not_picked":["Thunder Strike","Compile Driver","Rebound+1"],"picked":"SKIP","floor":45},{"not_picked":["Go for the Eyes","Double Energy+1"],"picked":"Leap+1","floor":48}],"player_experience":250456,"relics_obtained":[{"floor":7,"key":"Girya"},{"floor":9,"key":"Mummified Hand"},{"floor":10,"key":"Shuriken"},{"floor":26,"key":"Centennial Puzzle"},{"floor":27,"key":"Frozen Egg 2"},{"floor":31,"key":"Ornamental Fan"},{"floor":43,"key":"DataDisk"}],"event_choices":[{"damage_healed":0,"gold_gain":0,"player_choice":"Ignored","damage_taken":0,"max_hp_gain":0,"max_hp_loss":0,"event_name":"Shining Light","floor":2,"gold_loss":0},{"damage_healed":0,"gold_gain":0,"player_choice":"Success","damage_taken":12,"relics_obtained":["Kunai"],"max_hp_gain":0,"max_hp_loss":0,"event_name":"Scrap Ooze","floor":8,"gold_loss":0},{"damage_healed":0,"gold_gain":0,"player_choice":"Ignored","damage_taken":0,"max_hp_gain":0,"max_hp_loss":0,"event_name":"Vampires","floor":22,"gold_loss":0},{"damage_healed":0,"gold_gain":0,"player_choice":"Paid Fearfully","damage_taken":0,"max_hp_gain":0,"max_hp_loss":0,"event_name":"Masked Bandits","floor":24,"gold_loss":99},{"damage_healed":0,"gold_gain":0,"player_choice":"Ignored","damage_taken":0,"max_hp_gain":0,"max_hp_loss":0,"event_name":"Mysterious Sphere","floor":39,"gold_loss":0}],"is_beta":false,"boss_relics":[{"not_picked":["Astrolabe","Runic Pyramid"],"picked":"Velvet Choker"},{"not_picked":["Runic Dome","Busted Crown"],"picked":"Sozu"}],"items_purged_floors":[3,20],"is_endless":false,"potions_floor_spawned":[1,5,7,16,18,19,33,38,48],"ascension_level":4}