{"gold_per_floor":[109,58,208,225,3,34,34,51,51,61,61,80,80,100,100,176,176,188,60,110,25,25,58,58,58],"floor_reached":25,"playtime":741,"items_purged":["Strike_R"],"score":463,"play_id":"9a87cbb4-e03d-41fa-9355-ef4c094b1671","local_time":"20190422232906","is_ascension_mode":true,"campfire_choices":[{"data":"Doubt","floor":11,"key":"PURGE"},{"data":"Uppercut","floor":13,"key":"SMITH"},{"data":"Spot Weakness","floor":15,"key":"SMITH"},{"floor":24,"key":"REST"}],"neow_cost":"NONE","seed_source_timestamp":176575529671700,"circlet_count":0,"master_deck":["AscendersBane","Defend_R","Defend_R","Defend_R","Defend_R","Bash","Shrug It Off","Headbutt","Cleave","Sword Boomerang","Fiend Fire","Feel No Pain","Uppercut+1","Headbutt","Spot Weakness+1","Barricade","Flame Barrier","Shrug It Off","Bite","Bite","Bite","Bite","Bite"],"relics":["Burning Blood","Bronze Scales","Ice Cream","Peace Pipe","Runic Dome","Pen Nib","PreservedInsect"],"potions_floor_usage":[8,18,25,25],"damage_taken":[{"damage":6,"enemies":"Cultist","floor":1,"turns":3},{"damage":9,"enemies":"2 Louse","floor":4,"turns":3},{"damage":32,"enemies":"3 Sentries","floor":6,"turns":8},{"damage":0,"enemies":"Small Slimes","floor":8,"turns":2},{"damage":4,"enemies":"Looter","floor":10,"turns":3},{"damage":0,"enemies":"Gremlin Gang","floor":12,"turns":5},{"damage":7,"enemies":"3 Louse","floor":14,"turns":4},{"damage":24,"enemies":"The Guardian","floor":16,"turns":9},{"damage":19,"enemies":"Spheric Guardian","floor":18,"turns":5},{"damage":57,"enemies":"Book of Stabbing","floor":23,"turns":5},{"damage":34,"enemies":"Slavers","floor":25,"turns":1}],"seed_played":"1177170311114342709","potions_obtained":[{"floor":4,"key":"Poison Potion"},{"floor":7,"key":"EssenceOfSteel"},{"floor":7,"key":"AttackPotion"},{"floor":8,"key":"GamblersBrew"},{"floor":14,"key":"SneckoOil"},{"floor":16,"key":"PowerPotion"},{"floor":23,"key":"Explosive Potion"}],"is_trial":false,"path_per_floor":["M","$","?","M","$","E","?","M","T","M","R","M","R","M","R","B",null,"M","$","?","?","?","E","R","E"],"character_chosen":"IRONCLAD","items_purchased":["Headbutt","Bronze Scales","Sword Boomerang","Shrug It Off"],"campfire_rested":1,"item_purchase_floors":[2,5,5,19],"current_hp_per_floor":[75,75,75,72,72,46,46,52,52,54,54,60,60,59,59,41,72,59,59,59,59,57,10,27,0],"gold":58,"neow_bonus":"TEN_PERCENT_HP_BONUS","is_prod":false,"is_daily":false,"chose_seed":false,"campfire_upgraded":2,"win_rate":0,"timestamp":1555968546,"path_taken":["M","?","?","M","$","E","?","?","T","M","R","M","R","M","R","BOSS","M","$","?","?","?","E","R","E"],"build_version":"2019-01-23","purchased_purges":1,"victory":false,"max_hp_per_floor":[82,82,82,82,82,82,82,82,82,82,82,82,82,82,82,82,82,82,82,82,82,57,57,57,57],"card_choices":[{"not_picked":["Havoc","Reckless Charge"],"picked":"Shrug It Off","floor":1},{"not_picked":["Burning Pact","Hemokinesis"],"picked":"Cleave","floor":4},{"not_picked":["Rupture","Thunderclap"],"picked":"Fiend Fire","floor":6},{"not_picked":["Clash","Twin Strike"],"picked":"Feel No Pain","floor":8},{"not_picked":["Body Slam","Sword Boomerang"],"picked":"Uppercut","floor":10},{"not_picked":["Anger","Clash"],"picked":"Headbutt","floor":12},{"not_picked":["Second Wind","Shrug It Off"],"picked":"Spot Weakness","floor":14},{"not_picked":["Feed","Reaper"],"picked":"Barricade","floor":16},{"not_picked":["Pommel Strike","Carnage"],"picked":"Flame Barrier","floor":18},{"not_picked":["Wild Strike+1","Searing Blow+1","Armaments"],"picked":"SKIP","floor":23}],"player_experience":589949,"relics_obtained":[{"floor":6,"key":"Ice Cream"},{"floor":9,"key":"Peace Pipe"},{"floor":23,"key":"PreservedInsect"}],"event_choices":[{"damage_healed":0,"gold_gain":150,"player_choice":"AGREE","damage_taken":0,"max_hp_gain":0,"max_hp_loss":0,"event_name":"Liars Game","floor":3,"gold_loss":0,"cards_obtained":["Doubt"]},{"damage_healed":0,"gold_gain":0,"player_choice":"Got Potions","damage_taken":0,"max_hp_gain":0,"max_hp_loss":0,"event_name":"Lab","floor":7,"gold_loss":0},{"damage_healed":0,"gold_gain":50,"player_choice":"Stole From Cult","damage_taken":0,"max_hp_gain":0,"max_hp_loss":0,"event_name":"Nest","floor":20,"gold_loss":0},{"damage_healed":0,"gold_gain":0,"player_choice":"Obtained Relic","damage_taken":0,"relics_obtained":["Pen Nib"],"max_hp_gain":0,"max_hp_loss":0,"event_name":"Addict","floor":21,"gold_loss":85},{"damage_healed":0,"gold_gain":0,"player_choice":"Became a vampire","damage_taken":0,"max_hp_gain":0,"max_hp_loss":25,"event_name":"Vampires","floor":22,"gold_loss":0,"cards_obtained":["Bite","Bite","Bite","Bite","Bite"]}],"is_beta":false,"boss_relics":[{"not_picked":["Calling Bell","Black Star"],"picked":"Runic Dome"}],"items_purged_floors":[19],"is_endless":false,"potions_floor_spawned":[4,8,10,14,16,23],"killed_by":"Slavers","ascension_level":20}