{"gold_per_floor":[113,132,3,103,114,147,172,190,190,218,236,236,236,246,246,347,347,361,361,376,391,391,391,418,418,418,428,440,275,294,322,322,420,420,430,20,74,90,90,115,115,149,149,179,190,225,243,243,243,243,243,243,20,52,52],"floor_reached":56,"playtime":3752,"items_purged":["Defend_B","Strike_B","Defend_B"],"score":1836,"play_id":"573fea2b-9f4c-44c6-8269-b77a6c00d806","local_time":"20190410112211","is_ascension_mode":true,"campfire_choices":[{"data":"Defragment","floor":12,"key":"SMITH"},{"data":"Hologram","floor":15,"key":"SMITH"},{"data":"Buffer","floor":23,"key":"SMITH"},{"data":"Seek","floor":25,"key":"SMITH"},{"data":"Go for the Eyes","floor":32,"key":"SMITH"},{"data":"Buffer","floor":41,"key":"SMITH"},{"floor":49,"key":"RECALL"},{"data":"Electrodynamics","floor":52,"key":"SMITH"}],"neow_cost":"NONE","seed_source_timestamp":390592138554648,"circlet_count":0,"master_deck":["Strike_B","Defend_B+1","Zap","Dualcast","Cold Snap","Cold Snap","Defragment+1","Leap+1","Go for the Eyes","Electrodynamics+1","Chill","Hologram+1","Core Surge","Buffer+1","Chill","Seek+1","Conserve Battery+1","Coolheaded+1","Compile Driver","Loop","Go for the Eyes+1","Buffer+1","Blizzard+1","Storm","White Noise","BootSequence","Chill+1","Storm","Go for the Eyes","Defragment"],"relics":["Cracked Core","NeowsBlessing","Regal Pillow","Odd Mushroom","DataDisk","Gremlin Horn","Coffee Dripper","Ancient Tea Set","Singing Bowl","Red Mask","Inserter","Toy Ornithopter","Du-Vu Doll","War Paint","Pear","Happy Flower","Girya","Bag of Preparation"],"potions_floor_usage":[10,11,11,24,24,33,33,37,40,46,55,55,55,55,55],"damage_taken":[{"damage":0,"enemies":"Jaw Worm","floor":1,"turns":1},{"damage":0,"enemies":"Cultist","floor":2,"turns":1},{"damage":0,"enemies":"Small Slimes","floor":5,"turns":1},{"damage":13,"enemies":"3 Sentries","floor":6,"turns":9},{"damage":13,"enemies":"The Mushroom Lair","floor":7,"turns":5},{"damage":1,"enemies":"2 Fungi Beasts","floor":8,"turns":2},{"damage":11,"enemies":"Lagavulin","floor":10,"turns":6},{"damage":0,"enemies":"Lots of Slimes","floor":11,"turns":2},{"damage":0,"enemies":"3 Louse","floor":14,"turns":3},{"damage":12,"enemies":"The Guardian","floor":16,"turns":14},{"damage":17,"enemies":"2 Thieves","floor":18,"turns":4},{"damage":3,"enemies":"Chosen","floor":20,"turns":3},{"damage":0,"enemies":"Centurion and Healer","floor":21,"turns":6},{"damage":2,"enemies":"Book of Stabbing","floor":24,"turns":9},{"damage":18,"enemies":"Cultist and Chosen","floor":27,"turns":5},{"damage":0,"enemies":"Chosen and Byrds","floor":28,"turns":4},{"damage":0,"enemies":"Sentry and Sphere","floor":30,"turns":6},{"damage":0,"enemies":"Masked Bandits","floor":31,"turns":3},{"damage":0,"enemies":"Collector","floor":33,"turns":10},{"damage":4,"enemies":"3 Darklings","floor":35,"turns":6},{"damage":20,"enemies":"2 Orb Walkers","floor":37,"turns":4},{"damage":0,"enemies":"3 Shapes","floor":38,"turns":3},{"damage":35,"enemies":"Nemesis","floor":40,"turns":9},{"damage":0,"enemies":"Giant Head","floor":42,"turns":10},{"damage":0,"enemies":"Nemesis","floor":44,"turns":7},{"damage":8,"enemies":"Jaw Worm Horde","floor":45,"turns":4},{"damage":0,"enemies":"Reptomancer","floor":46,"turns":5},{"damage":0,"enemies":"4 Shapes","floor":47,"turns":3},{"damage":8,"enemies":"Time Eater","floor":50,"turns":12},{"damage":9,"enemies":"Shield and Spear","floor":54,"turns":7},{"damage":65,"enemies":"The Heart","floor":55,"turns":11}],"seed_played":"-5124921632807862329","potions_obtained":[{"floor":1,"key":"PowerPotion"},{"floor":5,"key":"Weak Potion"},{"floor":8,"key":"GamblersBrew"},{"floor":10,"key":"SteroidPotion"},{"floor":11,"key":"Dexterity Potion"},{"floor":20,"key":"GamblersBrew"},{"floor":24,"key":"LiquidBronze"},{"floor":27,"key":"Block Potion"},{"floor":37,"key":"SneckoOil"},{"floor":38,"key":"EntropicBrew"},{"floor":45,"key":"LiquidBronze"}],"is_trial":false,"path_per_floor":["M","M","$","?","M","E","?","M","T","E","M","R","?","M","R","B",null,"M","?","M","M","?","R","E","R","T","M","M","$","M","?","R","B",null,"M","$","?","M","?","E","R","E","T","E","M","E","M","?","R","B",null,"R","$","E","B",null],"character_chosen":"DEFECT","items_purchased":["Defragment","Leap","Loop","Go for the Eyes","Toy Ornithopter","Swift Potion","Storm","Storm","Go for the Eyes"],"campfire_rested":0,"item_purchase_floors":[3,3,29,29,36,36,36,53,53],"current_hp_per_floor":[68,68,68,68,68,55,42,41,41,30,30,30,55,55,55,43,67,50,50,47,47,47,47,45,45,45,29,31,31,33,35,35,35,71,67,67,54,54,95,62,62,72,72,74,66,73,75,75,75,67,97,97,97,88,48],"gold":52,"neow_bonus":"THREE_ENEMY_KILL","is_prod":false,"is_daily":false,"chose_seed":false,"campfire_upgraded":7,"win_rate":0,"timestamp":1554888131,"path_taken":["M","M","$","?","?","E","?","M","T","E","M","R","?","M","R","BOSS","M","?","M","M","?","R","E","R","T","M","?","$","?","?","R","BOSS","M","$","?","M","?","E","R","E","T","E","?","E","M","?","R","BOSS","R","$","E","BOSS"],"build_version":"2019-01-23","purchased_purges":3,"victory":true,"max_hp_per_floor":[75,75,75,75,75,75,75,75,75,75,75,75,75,75,75,75,75,75,75,75,75,75,75,75,75,75,77,79,79,81,83,83,83,83,83,83,85,85,95,97,97,107,107,109,109,111,113,107,107,107,107,107,107,107,107],"card_choices":[{"not_picked":["Rip and Tear","Beam Cell"],"picked":"Cold Snap","floor":1},{"not_picked":["Rebound","Hyperbeam"],"picked":"Cold Snap","floor":2},{"not_picked":["Go for the Eyes","Beam Cell","Hologram"],"picked":"SKIP","floor":5},{"not_picked":["Beam Cell","Hologram"],"picked":"Go for the Eyes","floor":5},{"not_picked":["Go for the Eyes","Stack","Rebound"],"picked":"SKIP","floor":6},{"not_picked":["Leap","Beam Cell"],"picked":"Electrodynamics","floor":7},{"not_picked":["Consume","Turbo"],"picked":"Chill","floor":8},{"not_picked":["Rebound","Fusion"],"picked":"Hologram","floor":10},{"not_picked":["Beam Cell","Leap","Turbo"],"picked":"SKIP","floor":11},{"not_picked":["Conserve Battery","Gash"],"picked":"Core Surge","floor":14},{"not_picked":["Creative AI","Electrodynamics"],"picked":"Buffer","floor":16},{"not_picked":["Sweeping Beam","Steam","Lockon"],"picked":"SKIP","floor":18},{"not_picked":["Rebound","Static Discharge"],"picked":"Conserve Battery+1","floor":20},{"not_picked":["Tempest","Blizzard"],"picked":"Coolheaded+1","floor":21},{"not_picked":["Sweeping Beam","Echo Form"],"picked":"Compile Driver","floor":24},{"not_picked":["Reprogram+1","Conserve Battery","Lockon"],"picked":"Singing Bowl","floor":27},{"not_picked":["Conserve Battery","Sweeping Beam","Stack"],"picked":"Singing Bowl","floor":28},{"not_picked":["Hologram","Compile Driver","Force Field"],"picked":"Singing Bowl","floor":30},{"not_picked":["Genetic Algorithm+1","Go for the Eyes","Barrage+1"],"picked":"Singing Bowl","floor":31},{"not_picked":["Electrodynamics","Amplify"],"picked":"Buffer","floor":33},{"not_picked":["Chill","Rebound"],"picked":"Blizzard+1","floor":35},{"not_picked":["Redo+1","Steam Power+1","Steam"],"picked":"Singing Bowl","floor":37},{"not_picked":["Turbo","Static Discharge+1"],"picked":"White Noise","floor":38},{"not_picked":["Redo+1","Leap","Turbo+1"],"picked":"Singing Bowl","floor":40},{"not_picked":["Sweeping Beam","Static Discharge"],"picked":"BootSequence","floor":42},{"not_picked":["Hologram+1","Rebound","Genetic Algorithm+1"],"picked":"Singing Bowl","floor":44},{"not_picked":["Redo","Recycle"],"picked":"Chill+1","floor":45},{"not_picked":["Fusion+1","Core Surge","Sweeping Beam"],"picked":"Singing Bowl","floor":46},{"not_picked":["Conserve Battery","Hologram+1","Stack+1"],"picked":"Singing Bowl","floor":47},{"not_picked":["Double Energy+1","Scrape+1"],"picked":"Defragment","floor":54}],"player_experience":506360,"relics_obtained":[{"floor":6,"key":"Regal Pillow"},{"floor":7,"key":"Odd Mushroom"},{"floor":9,"key":"DataDisk"},{"floor":10,"key":"Gremlin Horn"},{"floor":24,"key":"Ancient Tea Set"},{"floor":26,"key":"Singing Bowl"},{"floor":31,"key":"Red Mask"},{"floor":37,"key":"Du-Vu Doll"},{"floor":40,"key":"War Paint"},{"floor":42,"key":"Pear"},{"floor":44,"key":"Happy Flower"},{"floor":46,"key":"Girya"},{"floor":54,"key":"Bag of Preparation"}],"event_choices":[{"damage_healed":0,"gold_gain":100,"player_choice":"Pray","damage_taken":0,"max_hp_gain":0,"max_hp_loss":0,"event_name":"Golden Shrine","floor":4,"gold_loss":0},{"damage_healed":0,"gold_gain":0,"player_choice":"Fought Mushrooms","damage_taken":0,"max_hp_gain":0,"max_hp_loss":0,"event_name":"Mushrooms","floor":7,"gold_loss":0},{"damage_healed":25,"gold_gain":0,"player_choice":"Banana","damage_taken":0,"max_hp_gain":0,"max_hp_loss":0,"event_name":"Big Fish","floor":13,"gold_loss":0},{"damage_healed":0,"gold_gain":0,"cards_transformed":["Strike_B","Strike_B"],"player_choice":"Became Test Subject","damage_taken":0,"max_hp_gain":0,"max_hp_loss":0,"event_name":"Drug Dealer","floor":19,"gold_loss":0,"cards_obtained":["Chill","Seek"]},{"damage_healed":0,"gold_gain":0,"cards_transformed":["Defend_B"],"player_choice":"Transformed","damage_taken":0,"max_hp_gain":0,"max_hp_loss":0,"event_name":"Transmorgrifier","floor":22,"gold_loss":0,"cards_obtained":["Echo Form"]},{"damage_healed":0,"gold_gain":0,"player_choice":"Fought Bandits","damage_taken":0,"max_hp_gain":0,"max_hp_loss":0,"event_name":"Masked Bandits","floor":31,"gold_loss":0},{"damage_healed":0,"gold_gain":0,"player_choice":"Fight","damage_taken":0,"max_hp_gain":0,"max_hp_loss":0,"event_name":"Mysterious Sphere","floor":37,"gold_loss":0},{"cards_removed":["Echo Form"],"damage_healed":31,"gold_gain":0,"player_choice":"Offered Rare","damage_taken":0,"max_hp_gain":10,"max_hp_loss":0,"event_name":"Bonfire Elementals","floor":39,"gold_loss":0},{"damage_healed":0,"gold_gain":0,"player_choice":"Max HP","damage_taken":0,"max_hp_gain":0,"max_hp_loss":6,"event_name":"Winding Halls","floor":48,"gold_loss":0}],"is_beta":false,"boss_relics":[{"not_picked":["Tiny House","Black Star"],"picked":"Coffee Dripper"},{"not_picked":["FrozenCore","Nuclear Battery"],"picked":"Inserter"}],"items_purged_floors":[29,36,53],"is_endless":false,"potions_floor_spawned":[1,5,8,10,11,20,24,27,37,38,45],"ascension_level":8}