{"gold_per_floor":[113,113,130,8,27,27,45,45,68,87,87,10,10,185,185,283,283,294,209,209,87,87,87,11,23,23,23,23,23,35,47,47,147,147,161,61,61,61,61,61,61],"floor_reached":41,"playtime":1595,"items_purged":["Doubt","Strike_B+1"],"score":450,"play_id":"1cc95eaa-570c-40f7-a737-11436ff82ed9","local_time":"20181026194926","is_ascension_mode":true,"campfire_choices":[{"data":"Static Discharge","floor":6,"key":"SMITH"},{"data":"Static Discharge","floor":8,"key":"SMITH"},{"data":"Steam","floor":11,"key":"SMITH"},{"data":"White Noise","floor":13,"key":"SMITH"},{"data":"Self Repair","floor":15,"key":"SMITH"},{"data":"Stack","floor":23,"key":"SMITH"},{"data":"Capacitor","floor":29,"key":"SMITH"},{"floor":32,"key":"REST"},{"data":"Defragment","floor":40,"key":"SMITH"}],"neow_cost":"NONE","seed_source_timestamp":510594122983564,"circlet_count":0,"master_deck":["Strike_B+1","Strike_B+1","Defend_B+1","Defend_B+1","Defend_B+1","Defend_B+1","Zap","Dualcast","Finesse","Doom and Gloom","Static Discharge+1","Static Discharge+1","Leap","Stack","Steam+1","White Noise+1","Self Repair+1","Biased Cognition","Undo","Stack+1","Capacitor+1","Defragment+1","Steam+1","Multi-Cast","Cold Snap+1"],"relics":["FrozenCore","Juzu Bracelet","Velvet Choker","Vajra","StoneCalendar"],"potions_floor_usage":[16,20,31,33,33],"damage_taken":[{"damage":4,"enemies":"Small Slimes","floor":1,"turns":3},{"damage":1,"enemies":"Cultist","floor":3,"turns":4},{"damage":0,"enemies":"Jaw Worm","floor":5,"turns":3},{"damage":3,"enemies":"Looter","floor":7,"turns":3},{"damage":0,"enemies":"Lots of Slimes","floor":10,"turns":1},{"damage":18,"enemies":"Slime Boss","floor":16,"turns":7},{"damage":12,"enemies":"Spheric Guardian","floor":18,"turns":4},{"damage":4,"enemies":"Colosseum Slavers","floor":20,"turns":5},{"damage":4,"enemies":"3 Byrds","floor":25,"turns":3},{"damage":22,"enemies":"Snake Plant","floor":30,"turns":4},{"damage":28,"enemies":"Shelled Parasite and Fungi","floor":31,"turns":6},{"damage":45,"enemies":"Automaton","floor":33,"turns":8},{"damage":18,"enemies":"3 Shapes","floor":35,"turns":7},{"damage":76,"enemies":"Giant Head","floor":41,"turns":9}],"seed_played":"-5976115199284931613","potions_obtained":[{"floor":1,"key":"Energy Potion"},{"floor":3,"key":"Poison Potion"},{"floor":10,"key":"Fire Potion"},{"floor":25,"key":"FocusPotion"},{"floor":31,"key":"SkillPotion"}],"is_trial":false,"path_per_floor":["M","?","M","$","M","R","M","R","T","M","R","$","R","?","R","B",null,"M","?","?","$","?","R","$","M","T","?","?","R","M","M","R","B",null,"M","$","?","?","$","R"],"character_chosen":"DEFECT","items_purchased":["Static Discharge","Leap","Self Repair","Stack","Capacitor"],"campfire_rested":1,"item_purchase_floors":[4,4,12,21,24],"current_hp_per_floor":[71,56,55,55,55,55,52,52,52,52,52,52,52,52,52,44,75,73,73,75,75,61,61,61,57,57,57,57,57,45,27,51,6,80,72,72,72,72,72,72,0],"gold":61,"neow_bonus":"RANDOM_COLORLESS","is_prod":false,"is_daily":false,"chose_seed":false,"campfire_upgraded":8,"win_rate":0,"timestamp":1540576166,"path_taken":["M","?","M","$","M","R","M","R","T","M","R","$","R","?","R","BOSS","M","?","?","$","?","R","$","M","T","?","?","R","M","M","R","BOSS","M","$","?","?","?","R","E"],"build_version":"2018-10-25v2","purchased_purges":2,"victory":false,"max_hp_per_floor":[75,75,75,75,75,75,75,75,75,75,75,75,75,75,75,75,75,75,75,75,75,80,80,80,80,80,80,80,80,80,80,80,80,80,80,80,80,76,76,76,76],"card_choices":[{"not_picked":["Genetic Algorithm","Redo"],"picked":"Doom and Gloom","floor":1},{"not_picked":["Gash","Sweeping Beam"],"picked":"Static Discharge","floor":3},{"not_picked":["Sweeping Beam","Reprogram"],"picked":"Stack","floor":5},{"not_picked":["Rebound","Compile Driver"],"picked":"Steam","floor":7},{"not_picked":["Double Energy","Consume"],"picked":"White Noise","floor":10},{"not_picked":["Hyperbeam","Rainbow"],"picked":"Biased Cognition","floor":16},{"not_picked":["Rebound","Doom and Gloom"],"picked":"Undo","floor":18},{"not_picked":["Coolheaded+1","FTL"],"picked":"Defragment","floor":25},{"not_picked":["Chaos","Sweeping Beam","Darkness"],"picked":"SKIP","floor":30},{"not_picked":["Turbo","Steam Power","Leap"],"picked":"SKIP","floor":31},{"not_picked":["Amplify","Machine Learning"],"picked":"Multi-Cast","floor":33},{"not_picked":["Hologram+1","Aggregate+1"],"picked":"Cold Snap+1","floor":35}],"player_experience":248363,"relics_obtained":[{"floor":9,"key":"Juzu Bracelet"},{"floor":26,"key":"StoneCalendar"}],"event_choices":[{"damage_healed":0,"gold_gain":0,"player_choice":"Entered Light","damage_taken":15,"max_hp_gain":0,"max_hp_loss":0,"event_name":"Shining Light","floor":2,"gold_loss":0,"cards_upgraded":["Defend_B","Strike_B"]},{"damage_healed":0,"gold_gain":175,"player_choice":"AGREE","damage_taken":0,"max_hp_gain":0,"max_hp_loss":0,"event_name":"Liars Game","floor":14,"gold_loss":0,"cards_obtained":["Doubt"]},{"damage_healed":0,"gold_gain":0,"player_choice":"Obtained Relic","damage_taken":0,"relics_obtained":["Vajra"],"max_hp_gain":0,"max_hp_loss":0,"event_name":"Addict","floor":19,"gold_loss":85},{"damage_healed":0,"gold_gain":0,"player_choice":"Fight","damage_taken":0,"max_hp_gain":0,"max_hp_loss":0,"event_name":"Colosseum","floor":20,"gold_loss":0},{"damage_healed":0,"gold_gain":0,"player_choice":"Fled From Nobs","damage_taken":0,"max_hp_gain":0,"max_hp_loss":0,"event_name":"Colosseum","floor":20,"gold_loss":0},{"damage_healed":0,"gold_gain":0,"player_choice":"Shed Blood","damage_taken":19,"max_hp_gain":5,"max_hp_loss":0,"event_name":"Forgotten Altar","floor":22,"gold_loss":0},{"damage_healed":0,"gold_gain":0,"player_choice":"Simplicity","damage_taken":0,"max_hp_gain":0,"max_hp_loss":0,"event_name":"Back to Basics","floor":27,"gold_loss":0,"cards_upgraded":["Strike_B","Strike_B","Strike_B","Defend_B","Defend_B","Defend_B"]},{"damage_healed":0,"gold_gain":0,"player_choice":"Copied","damage_taken":0,"max_hp_gain":0,"max_hp_loss":0,"event_name":"Duplicator","floor":28,"gold_loss":0,"cards_obtained":["Steam"]},{"cards_removed":["Strike_B"],"damage_healed":0,"gold_gain":0,"player_choice":"Removed Attack","damage_taken":0,"max_hp_gain":0,"max_hp_loss":0,"event_name":"Falling","floor":37,"gold_loss":0},{"damage_healed":0,"gold_gain":0,"player_choice":"Max HP","damage_taken":0,"max_hp_gain":0,"max_hp_loss":4,"event_name":"Winding Halls","floor":38,"gold_loss":0}],"is_beta":false,"boss_relics":[{"not_picked":["Fusion Hammer","Inserter"],"picked":"Velvet Choker"},{"not_picked":["White Beast Statue","Runic Pyramid"],"picked":"FrozenCore"}],"items_purged_floors":[21,36],"is_endless":false,"potions_floor_spawned":[1,3,10,25,31],"killed_by":"Giant Head","ascension_level":4}