{"gold_per_floor":[119,135,135,155,105,105,121,121,203,219,230,230,246,196,196,297,297,297,104,116,116,135,135,135],"floor_reached":24,"playtime":885,"items_purged":["Regret","Strike_R","Strike_R"],"score":190,"play_id":"a7c839e2-d408-4abc-af26-c8adccebdf34","local_time":"20181019163607","is_ascension_mode":false,"campfire_choices":[{"data":"Rampage","floor":6,"key":"SMITH"},{"data":"Bash","floor":8,"key":"SMITH"},{"data":"Spot Weakness","floor":12,"key":"SMITH"},{"data":"Defend_R","floor":15,"key":"SMITH"},{"data":"Feed","floor":23,"key":"SMITH"}],"neow_cost":"NONE","seed_source_timestamp":28770486952585,"circlet_count":0,"master_deck":["Strike_R","Strike_R","Strike_R","Defend_R","Defend_R","Defend_R","Defend_R+1","Bash+1","Rampage+1","Spot Weakness+1","Feed+1"],"relics":["Burning Blood","Smiling Mask","Letter Opener","Philosopher\u0027s Stone","Regal Pillow"],"potions_floor_usage":[7,10,18,22],"damage_taken":[{"damage":6,"enemies":"Cultist","floor":1,"turns":3},{"damage":0,"enemies":"2 Louse","floor":2,"turns":3},{"damage":15,"enemies":"Jaw Worm","floor":4,"turns":3},{"damage":10,"enemies":"2 Fungi Beasts","floor":7,"turns":4},{"damage":6,"enemies":"Lots of Slimes","floor":10,"turns":4},{"damage":13,"enemies":"Gremlin Gang","floor":11,"turns":6},{"damage":16,"enemies":"2 Fungi Beasts","floor":13,"turns":3},{"damage":36,"enemies":"The Guardian","floor":16,"turns":8},{"damage":49,"enemies":"3 Byrds","floor":18,"turns":3},{"damage":20,"enemies":"Spheric Guardian","floor":20,"turns":4},{"damage":45,"enemies":"Centurion and Healer","floor":22,"turns":5},{"damage":47,"enemies":"Gremlin Leader","floor":24,"turns":6}],"seed_played":"8158924624434431927","potions_obtained":[{"floor":0,"key":"SmokeBomb"},{"floor":0,"key":"BloodPotion"},{"floor":0,"key":"Energy Potion"},{"floor":7,"key":"Swift Potion"},{"floor":16,"key":"Strength Potion"},{"floor":22,"key":"FearPotion"}],"is_trial":false,"path_per_floor":["M","M","?","M","$","R","M","R","T","M","M","R","M","$","R","B",null,"M","$","M","?","M","R"],"character_chosen":"IRONCLAD","items_purchased":["Regal Pillow"],"campfire_rested":0,"item_purchase_floors":[19],"current_hp_per_floor":[80,80,80,71,71,71,75,75,75,75,68,68,58,58,58,28,80,37,37,26,83,44,44,0],"gold":135,"neow_bonus":"THREE_SMALL_POTIONS","is_prod":false,"is_daily":false,"chose_seed":false,"campfire_upgraded":5,"win_rate":0,"timestamp":1539938167,"path_taken":["M","?","?","M","$","R","M","R","T","?","M","R","M","$","R","BOSS","M","$","?","?","M","R","E"],"build_version":"2018-10-18","purchased_purges":3,"victory":false,"max_hp_per_floor":[80,80,80,80,80,80,80,80,80,80,80,80,80,80,80,80,80,80,80,83,83,83,83,83],"card_choices":[{"not_picked":["Second Wind","Havoc"],"picked":"Rampage","floor":1},{"not_picked":["Blood for Blood","Uppercut","Twin Strike"],"picked":"SKIP","floor":2},{"not_picked":["Clothesline","Headbutt","Power Through"],"picked":"SKIP","floor":4},{"not_picked":["True Grit","Sentinel","Carnage"],"picked":"SKIP","floor":7},{"not_picked":["True Grit","Burning Pact","Armaments"],"picked":"SKIP","floor":10},{"not_picked":["Power Through","Cleave"],"picked":"Spot Weakness","floor":11},{"not_picked":["Wild Strike","Demon Form","Anger"],"picked":"SKIP","floor":13},{"not_picked":["Exhume","Juggernaut"],"picked":"Feed","floor":16},{"not_picked":["Body Slam","Rampage"],"picked":"Seeing Red","floor":20},{"not_picked":["Twin Strike","Iron Wave","True Grit+1"],"picked":"SKIP","floor":22}],"player_experience":353809,"relics_obtained":[{"floor":9,"key":"Letter Opener"}],"event_choices":[{"damage_healed":0,"gold_gain":0,"player_choice":"Box","damage_taken":0,"relics_obtained":["Smiling Mask"],"max_hp_gain":0,"max_hp_loss":0,"event_name":"Big Fish","floor":3,"gold_loss":0,"cards_obtained":["Regret"]},{"cards_removed":["Seeing Red"],"damage_healed":57,"gold_gain":0,"player_choice":"Offered Uncommon","damage_taken":0,"max_hp_gain":0,"max_hp_loss":0,"event_name":"Bonfire Elementals","floor":21,"gold_loss":0}],"is_beta":false,"boss_relics":[{"not_picked":["Runic Pyramid","Lizard Tail"],"picked":"Philosopher\u0027s Stone"}],"items_purged_floors":[5,14,19],"is_endless":false,"potions_floor_spawned":[4,7,16,22],"killed_by":"Gremlin Leader","ascension_level":0}