{"gold_per_floor":[111,111,121,121,133,158,158,192,192,204,223,254,337,353,353,451,451,440,450,143,58,75,75,101,101,101,112,112,112],"floor_reached":29,"playtime":2313,"items_purged":["Strike_G"],"score":384,"play_id":"921001f3-fcd4-4c54-908e-223c157f4062","local_time":"20190429223001","is_ascension_mode":true,"campfire_choices":[{"floor":7,"key":"REST"},{"floor":15,"key":"REST"},{"floor":23,"key":"REST"},{"data":"Footwork","floor":25,"key":"SMITH"},{"data":"All Out Attack","floor":28,"key":"SMITH"}],"neow_cost":"TEN_PERCENT_HP_LOSS","seed_source_timestamp":780508958844828,"circlet_count":0,"master_deck":["Defend_G","Defend_G","Defend_G","Defend_G","Defend_G","Strike_G","Strike_G+1","Strike_G","Strike_G+1","Survivor","Neutralize+1","Dash","Sucker Punch","Cloak And Dagger","Dodge and Roll","Backflip","All Out Attack+1","Backflip","Dagger Throw","Malaise","Venomology","Backstab","Footwork+1","Backstab","Die Die Die"],"relics":["Ring of the Snake","Pocketwatch","Dream Catcher","Letter Opener","Whetstone","Tiny Chest","HoveringKite","Regal Pillow","Ancient Tea Set","Kunai","StoneCalendar"],"potions_floor_usage":[10,12,22,27,29],"damage_taken":[{"damage":0,"enemies":"2 Louse","floor":1,"turns":3},{"damage":0,"enemies":"Jaw Worm","floor":3,"turns":3},{"damage":0,"enemies":"Small Slimes","floor":5,"turns":4},{"damage":21,"enemies":"Gremlin Nob","floor":6,"turns":5},{"damage":34,"enemies":"Lagavulin","floor":8,"turns":10},{"damage":0,"enemies":"2 Fungi Beasts","floor":10,"turns":2},{"damage":0,"enemies":"Exordium Wildlife","floor":11,"turns":4},{"damage":9,"enemies":"3 Sentries","floor":12,"turns":7},{"damage":0,"enemies":"Looter","floor":14,"turns":3},{"damage":33,"enemies":"Hexaghost","floor":16,"turns":17},{"damage":12,"enemies":"2 Thieves","floor":18,"turns":4},{"damage":0,"enemies":"3 Byrds","floor":19,"turns":5},{"damage":6,"enemies":"Centurion and Healer","floor":22,"turns":8},{"damage":15,"enemies":"Slavers","floor":24,"turns":6},{"damage":0,"enemies":"Snecko","floor":27,"turns":6},{"damage":5,"enemies":"Snake Plant","floor":29,"turns":5}],"seed_played":"-8506452283929604514","potions_obtained":[{"floor":3,"key":"Swift Potion"},{"floor":6,"key":"AttackPotion"},{"floor":11,"key":"AttackPotion"},{"floor":12,"key":"Dexterity Potion"},{"floor":18,"key":"Strength Potion"}],"is_trial":false,"path_per_floor":["M","?","M","?","M","E","R","E","T","M","M","E","T","M","R","B",null,"M","M","$","?","M","R","E","R","T","M","R","M"],"character_chosen":"THE_SILENT","items_purchased":["Regal Pillow","Footwork"],"campfire_rested":3,"item_purchase_floors":[20,20],"current_hp_per_floor":[63,63,63,63,63,42,60,26,26,26,26,17,17,17,35,2,48,36,36,36,36,30,63,48,48,48,48,48,43],"gold":112,"neow_bonus":"ONE_RARE_RELIC","is_prod":false,"is_daily":false,"chose_seed":false,"campfire_upgraded":2,"win_rate":0,"timestamp":1556591401,"path_taken":["M","?","M","?","M","E","R","E","T","M","M","E","?","M","R","BOSS","M","M","$","?","M","R","E","R","T","M","R","M"],"build_version":"2019-01-23","purchased_purges":1,"victory":false,"max_hp_per_floor":[63,63,63,63,63,63,63,63,63,63,63,63,63,63,63,63,63,63,63,63,63,63,63,63,63,63,63,63,63],"card_choices":[{"not_picked":["Cloak And Dagger","Deadly Poison"],"picked":"Dash","floor":1},{"not_picked":["Cloak And Dagger","Tactician"],"picked":"Sucker Punch","floor":3},{"not_picked":["Deflect","Acrobatics"],"picked":"Cloak And Dagger","floor":5},{"not_picked":["Skewer","Accuracy"],"picked":"Dodge and Roll","floor":6},{"not_picked":["A Thousand Cuts","Finisher"],"picked":"Backflip","floor":7},{"not_picked":["Distraction","Prepared"],"picked":"All Out Attack","floor":8},{"not_picked":["Prepared","Outmaneuver"],"picked":"Backflip","floor":10},{"not_picked":["Catalyst","Underhanded Strike","Acrobatics"],"picked":"SKIP","floor":11},{"not_picked":["Endless Agony","Blade Dance","Tactician"],"picked":"SKIP","floor":12},{"not_picked":["Tactician","Dagger Spray"],"picked":"Dagger Throw","floor":14},{"not_picked":["Heel Hook","Underhanded Strike"],"picked":"Malaise","floor":15},{"not_picked":["Tools of the Trade","Corpse Explosion"],"picked":"Venomology","floor":16},{"not_picked":["Acrobatics","Setup"],"picked":"Backstab","floor":18},{"not_picked":["Bane","Cloak And Dagger","Deadly Poison"],"picked":"SKIP","floor":19},{"not_picked":["Acrobatics+1","Dagger Spray"],"picked":"Backstab","floor":22},{"not_picked":["Unload","After Image"],"picked":"Die Die Die","floor":24},{"not_picked":["Slice","Choke","Tactician"],"picked":"SKIP","floor":27}],"player_experience":223890,"relics_obtained":[{"floor":6,"key":"Dream Catcher"},{"floor":8,"key":"Letter Opener"},{"floor":12,"key":"Whetstone"},{"floor":13,"key":"Tiny Chest"},{"floor":24,"key":"Kunai"},{"floor":26,"key":"StoneCalendar"}],"event_choices":[{"damage_healed":0,"gold_gain":0,"player_choice":"Grow","damage_taken":0,"max_hp_gain":0,"max_hp_loss":0,"event_name":"Living Wall","floor":2,"gold_loss":0,"cards_upgraded":["Neutralize"]},{"damage_healed":0,"gold_gain":0,"player_choice":"Ignored","damage_taken":0,"max_hp_gain":0,"max_hp_loss":0,"event_name":"Liars Game","floor":4,"gold_loss":0},{"damage_healed":0,"gold_gain":0,"player_choice":"Obtained Relic","damage_taken":0,"relics_obtained":["Ancient Tea Set"],"max_hp_gain":0,"max_hp_loss":0,"event_name":"Addict","floor":21,"gold_loss":85}],"is_beta":false,"boss_relics":[{"not_picked":["WristBlade","Cursed Key"],"picked":"HoveringKite"}],"items_purged_floors":[20],"is_endless":false,"potions_floor_spawned":[3,6,11,12,18,19,27],"killed_by":"Snake Plant","ascension_level":9}