{"gold_per_floor":[117,117,117,117,128,128,158,158,158,6,6,18,29,44,44,143,143,83,98,23,40,40,40],"floor_reached":23,"playtime":941,"items_purged":["Tools of the Trade+1"],"score":227,"play_id":"d3fc5f0c-ccec-4877-9c72-2e2d85e05a6d","local_time":"20181021210848","is_ascension_mode":true,"campfire_choices":[{"data":"Deadly Poison","floor":6,"key":"SMITH"},{"floor":8,"key":"REST"},{"data":"Envenom","floor":11,"key":"SMITH"},{"data":"Deadly Poison","floor":15,"key":"SMITH"}],"neow_cost":"NONE","seed_source_timestamp":84007269458568,"circlet_count":0,"master_deck":["Defend_G","Defend_G","Defend_G","Defend_G","Defend_G","Survivor","Neutralize","Deadly Poison+1","Deflect","Deadly Poison+1","Envenom+1","Deflect","Leg Sweep","After Image","Dodge and Roll+1","Sucker Punch+1","Dodge and Roll","Dash+1"],"relics":["Ring of the Snake","Lantern","PreservedInsect","Darkstone Periapt","Astrolabe"],"potions_floor_usage":[7,14,21,21],"damage_taken":[{"damage":0,"enemies":"2 Louse","floor":1,"turns":2},{"damage":0,"enemies":"Cultist","floor":5,"turns":4},{"damage":33,"enemies":"3 Sentries","floor":7,"turns":16},{"damage":0,"enemies":"Small Slimes","floor":12,"turns":4},{"damage":7,"enemies":"Looter","floor":13,"turns":4},{"damage":5,"enemies":"3 Louse","floor":14,"turns":3},{"damage":13,"enemies":"Hexaghost","floor":16,"turns":10},{"damage":18,"enemies":"2 Thieves","floor":18,"turns":4},{"damage":0,"enemies":"Chosen","floor":19,"turns":6},{"damage":21,"enemies":"3 Cultists","floor":21,"turns":5},{"damage":26,"enemies":"Colosseum Slavers","floor":22,"turns":8},{"damage":0,"enemies":"Gremlin Leader","floor":23,"turns":1}],"seed_played":"-1188557572389826248","potions_obtained":[{"floor":5,"key":"LiquidBronze"},{"floor":13,"key":"Energy Potion"},{"floor":14,"key":"Block Potion"},{"floor":16,"key":"SkillPotion"}],"is_trial":false,"path_per_floor":["M","?","?","?","M","R","E","R","T","$","R","M","M","M","R","B",null,"M","M","$","M","?"],"character_chosen":"THE_SILENT","items_purchased":["Envenom"],"campfire_rested":1,"item_purchase_floors":[10],"current_hp_per_floor":[70,75,72,65,65,65,32,54,54,54,54,54,47,42,42,29,75,57,57,57,36,10,10],"gold":40,"neow_bonus":"REMOVE_CARD","is_prod":false,"is_daily":false,"chose_seed":false,"campfire_upgraded":3,"win_rate":0,"timestamp":1540148928,"path_taken":["M","?","?","?","M","R","E","R","T","$","R","M","?","M","R","BOSS","M","M","$","M","?","E"],"build_version":"2018-10-18","purchased_purges":1,"victory":false,"max_hp_per_floor":[70,75,75,75,75,75,75,75,75,75,75,75,75,75,75,75,75,75,75,75,75,75,75],"card_choices":[{"not_picked":["PiercingWail","Dagger Spray"],"picked":"Deadly Poison","floor":1},{"not_picked":["Dagger Throw","Setup"],"picked":"Deflect","floor":5},{"not_picked":["Distraction","Dagger Spray"],"picked":"Deadly Poison","floor":7},{"not_picked":["Backstab","Acrobatics"],"picked":"Deflect","floor":12},{"not_picked":["Flying Knee","Cloak And Dagger"],"picked":"Leg Sweep","floor":13},{"not_picked":["Bane","Eviscerate","Backstab"],"picked":"SKIP","floor":14},{"not_picked":["Adrenaline","Phantasmal Killer"],"picked":"After Image","floor":16},{"not_picked":["Dagger Throw","Deflect","Backstab"],"picked":"SKIP","floor":18},{"not_picked":["Poisoned Stab+1","Deflect"],"picked":"Dodge and Roll","floor":19},{"not_picked":["Setup+1","Acrobatics"],"picked":"Dash+1","floor":21}],"player_experience":225989,"relics_obtained":[{"floor":7,"key":"PreservedInsect"},{"floor":9,"key":"Darkstone Periapt"}],"event_choices":[{"damage_healed":0,"gold_gain":0,"player_choice":"Donut","damage_taken":0,"max_hp_gain":5,"max_hp_loss":0,"event_name":"Big Fish","floor":2,"gold_loss":0},{"damage_healed":0,"gold_gain":0,"player_choice":"Success","damage_taken":3,"relics_obtained":["Lantern"],"max_hp_gain":0,"max_hp_loss":0,"event_name":"Scrap Ooze","floor":3,"gold_loss":0},{"cards_removed":["Strike_G"],"damage_healed":0,"gold_gain":0,"player_choice":"Card Removal","damage_taken":7,"max_hp_gain":0,"max_hp_loss":0,"event_name":"Golden Wing","floor":4,"gold_loss":0},{"damage_healed":0,"gold_gain":0,"player_choice":"Fight","damage_taken":0,"max_hp_gain":0,"max_hp_loss":0,"event_name":"Colosseum","floor":22,"gold_loss":0},{"damage_healed":0,"gold_gain":0,"player_choice":"Fled From Nobs","damage_taken":0,"max_hp_gain":0,"max_hp_loss":0,"event_name":"Colosseum","floor":22,"gold_loss":0}],"is_beta":false,"boss_relics":[{"not_picked":["Coffee Dripper","Runic Pyramid"],"picked":"Astrolabe"}],"items_purged_floors":[20],"is_endless":false,"potions_floor_spawned":[5,13,14,16,22],"killed_by":"Gremlin Leader","ascension_level":4}