{"gold_per_floor":[365,312,462,462,29,59,59,86,165,165,165,178,178,189,189,263,263,280,291,15,31,45,45,64,64,87,87,4,4,4,4,4,83,83,98,98,14,29,45,45,0,0,0,0,100,100,100,111,111,111],"floor_reached":50,"playtime":1709,"items_purged":["Doubt"],"score":988,"play_id":"31c8ec96-4f64-40fb-b692-14ce93ff3b98","local_time":"20190221151341","is_ascension_mode":true,"campfire_choices":[{"floor":7.0,"key":"REST"},{"data":"Apotheosis","floor":11.0,"key":"SMITH"},{"data":"Self Repair","floor":13.0,"key":"SMITH"},{"data":"Stack","floor":15.0,"key":"SMITH"},{"data":"Go for the Eyes","floor":23.0,"key":"SMITH"},{"data":"BootSequence","floor":27.0,"key":"SMITH"},{"data":"Defragment","floor":29.0,"key":"SMITH"},{"floor":32.0,"key":"REST"},{"data":"Echo Form","floor":40.0,"key":"SMITH"},{"floor":44.0,"key":"REST"},{"data":"Hologram","floor":46.0,"key":"SMITH"},{"data":"Capacitor","floor":49.0,"key":"SMITH"}],"neow_cost":"TEN_PERCENT_HP_LOSS","seed_source_timestamp":2524195417012469,"circlet_count":0,"master_deck":["AscendersBane","Strike_B","Strike_B","Strike_B+1","Defend_B","Defend_B","Defend_B","Defend_B","Zap","Dualcast","Sunder+1","Self Repair+1","BootSequence+1","Apotheosis+1","Stack+1","Go for the Eyes+1","Electrodynamics","Streamline+1","Defragment+1","Echo Form+1","Hologram+1","Panacea","Defragment","Capacitor+1","Leap+1"],"special_seed":0,"relics":["Cracked Core","Whetstone","Incense Burner","Cables","White Beast Statue","Gremlin Horn","Juzu Bracelet","Velvet Choker","Red Mask","Symbiotic Virus","Prayer Wheel"],"potions_floor_usage":[50,50],"damage_taken":[{"damage":1.0,"enemies":"Cultist","floor":1.0,"turns":4.0},{"damage":60.0,"enemies":"Gremlin Nob","floor":6.0,"turns":5.0},{"damage":4.0,"enemies":"Lagavulin","floor":8.0,"turns":7.0},{"damage":0.0,"enemies":"2 Louse","floor":12.0,"turns":1.0},{"damage":2.0,"enemies":"Jaw Worm","floor":14.0,"turns":2.0},{"damage":0.0,"enemies":"Slime Boss","floor":16.0,"turns":7.0},{"damage":1.0,"enemies":"Spheric Guardian","floor":18.0,"turns":3.0},{"damage":0.0,"enemies":"3 Byrds","floor":19.0,"turns":2.0},{"damage":8.0,"enemies":"Snake Plant","floor":21.0,"turns":3.0},{"damage":10.0,"enemies":"Centurion and Healer","floor":22.0,"turns":3.0},{"damage":2.0,"enemies":"Chosen and Byrds","floor":24.0,"turns":4.0},{"damage":44.0,"enemies":"Collector","floor":33.0,"turns":10.0},{"damage":38.0,"enemies":"3 Darklings","floor":35.0,"turns":5.0},{"damage":13.0,"enemies":"3 Shapes","floor":38.0,"turns":5.0},{"damage":35.0,"enemies":"Jaw Worm Horde","floor":39.0,"turns":5.0},{"damage":0.0,"enemies":"Mind Bloom Boss Battle","floor":45.0,"turns":5.0},{"damage":28.0,"enemies":"Maw","floor":48.0,"turns":8.0},{"damage":70,"enemies":"Awakened One","floor":50,"turns":5}],"seed_played":"8343447764889254241","potions_obtained":[{"floor":6.0,"key":"SteroidPotion"},{"floor":8.0,"key":"PowerPotion"},{"floor":16.0,"key":"EntropicBrew"},{"floor":18.0,"key":"SkillPotion"},{"floor":22.0,"key":"PowerPotion"},{"floor":33.0,"key":"FearPotion"},{"floor":35.0,"key":"Regen Potion"},{"floor":39.0,"key":"Poison Potion"},{"floor":45.0,"key":"Energy Potion"},{"floor":48.0,"key":"Strength Potion"}],"is_trial":false,"path_per_floor":["M","$","?","?","$","E","R","E","T","?","R","M","R","M","R","B",null,"M","M","$","M","M","R","M","?","T","R","$","R","?","$","R","B",null,"M","?","$","M","M","R","?","$","T","R","?","R","?","M","R","B"],"character_chosen":"DEFECT","items_purchased":["Explosive Potion","Self Repair","BootSequence","Apotheosis","Gremlin Horn","Defragment","Defragment"],"campfire_rested":3,"item_purchase_floors":[2,5,5,5,20,28,37],"current_hp_per_floor":[63,63,63,68,68,8,28,31,31,31,31,31,31,39,39,59,67,69,69,69,61,51,51,59,59,59,59,59,59,40,40,62,28,63,45,45,45,52,41,41,41,41,41,63,74,74,70,62,62,0],"gold":111,"neow_bonus":"TWO_FIFTY_GOLD","is_prod":false,"is_daily":false,"chose_seed":false,"campfire_upgraded":9,"win_rate":0,"timestamp":1550729621,"path_taken":["M","$","?","?","$","E","R","E","T","?","R","?","R","M","R","BOSS","M","M","$","M","M","R","?","?","T","R","$","R","?","$","R","BOSS","M","?","$","M","M","R","?","$","T","R","?","R","?","M","R","BOSS"],"build_version":"2019-01-23","purchased_purges":1,"victory":false,"max_hp_per_floor":[64,64,64,69,69,69,69,69,69,69,69,69,69,69,69,69,69,69,69,69,69,69,69,69,69,69,69,69,69,74,74,74,74,74,74,74,74,74,74,74,74,74,74,74,74,74,70,70,70,70],"card_choices":[{"not_picked":["Rebound","Stack"],"picked":"Sunder","floor":1.0},{"not_picked":["Rebound","Redo","Conserve Battery"],"picked":"SKIP","floor":6.0},{"not_picked":["Turbo","Storm","Lockon"],"picked":"SKIP","floor":8.0},{"not_picked":["Chaos","Chill","Sweeping Beam"],"picked":"SKIP","floor":12.0},{"not_picked":["Steam","Scrape"],"picked":"Go for the Eyes","floor":14.0},{"not_picked":["Echo Form","Creative AI"],"picked":"Electrodynamics","floor":16.0},{"not_picked":["Stack","Steam+1","Beam Cell"],"picked":"SKIP","floor":18.0},{"not_picked":["Sweeping Beam+1","Redo","Stack"],"picked":"SKIP","floor":19.0},{"not_picked":["Steam","Gash+1","Recycle"],"picked":"SKIP","floor":21.0},{"not_picked":["Coolheaded","Fusion"],"picked":"Streamline+1","floor":22.0},{"not_picked":["Stack","Rebound","Buffer"],"picked":"SKIP","floor":24.0},{"not_picked":["Meteor Strike","Rainbow"],"picked":"Echo Form","floor":33.0},{"not_picked":["Turbo","Steam"],"picked":"Hologram","floor":35.0},{"not_picked":["Deep Breath","Discovery"],"picked":"Panacea","floor":36.0},{"not_picked":["Beam Cell","Skim","Hello World"],"picked":"SKIP","floor":38.0},{"not_picked":["Lockon+1","Chill"],"picked":"Capacitor","floor":39.0},{"not_picked":["Hologram","Turbo"],"picked":"Leap+1","floor":48.0},{"not_picked":["Rip and Tear","Doom and Gloom","Compile Driver"],"picked":"SKIP","floor":48.0}],"player_experience":577357,"relics_obtained":[{"floor":6.0,"key":"Whetstone"},{"floor":8.0,"key":"Incense Burner"},{"floor":9.0,"key":"Cables"},{"floor":26.0,"key":"Juzu Bracelet"},{"floor":43.0,"key":"Symbiotic Virus"},{"floor":45.0,"key":"Prayer Wheel"}],"event_choices":[{"damage_healed":0.0,"max_hp_gain":0.0,"max_hp_loss":0.0,"gold_gain":150.0,"event_name":"Liars Game","player_choice":"AGREE","floor":3.0,"gold_loss":0.0,"damage_taken":0.0,"cards_obtained":["Doubt"]},{"damage_healed":0.0,"max_hp_gain":5.0,"max_hp_loss":0.0,"gold_gain":0.0,"event_name":"Big Fish","player_choice":"Donut","floor":4.0,"gold_loss":0.0,"damage_taken":0.0},{"damage_healed":0.0,"max_hp_gain":0.0,"max_hp_loss":0.0,"gold_gain":0.0,"cards_transformed":["Strike_B"],"event_name":"Transmorgrifier","player_choice":"Transformed","floor":10.0,"gold_loss":0.0,"damage_taken":0.0,"cards_obtained":["Stack"]},{"damage_healed":0.0,"max_hp_gain":0.0,"max_hp_loss":0.0,"gold_gain":0.0,"event_name":"Vampires","player_choice":"Ignored","floor":25.0,"gold_loss":0.0,"damage_taken":0.0},{"damage_healed":0.0,"max_hp_gain":5.0,"max_hp_loss":0.0,"gold_gain":0.0,"event_name":"Forgotten Altar","player_choice":"Shed Blood","floor":30.0,"gold_loss":0.0,"damage_taken":24.0},{"damage_healed":0.0,"max_hp_gain":0.0,"max_hp_loss":0.0,"gold_gain":0.0,"event_name":"SensoryStone","player_choice":"Memory 1","floor":36.0,"gold_loss":0.0,"damage_taken":0.0},{"damage_healed":0.0,"max_hp_gain":0.0,"max_hp_loss":0.0,"gold_gain":0.0,"event_name":"Tomb of Lord Red Mask","player_choice":"Paid","floor":41.0,"gold_loss":45.0,"damage_taken":0.0,"relics_obtained":["Red Mask"]},{"damage_healed":0.0,"max_hp_gain":0.0,"max_hp_loss":0.0,"gold_gain":0.0,"event_name":"MindBloom","player_choice":"Fight","floor":45.0,"gold_loss":0.0,"damage_taken":0.0},{"damage_healed":0.0,"max_hp_gain":0.0,"max_hp_loss":4.0,"gold_gain":0.0,"event_name":"Winding Halls","player_choice":"Max HP","floor":47.0,"gold_loss":0.0,"damage_taken":0.0}],"is_beta":false,"boss_relics":[{"not_picked":["Pandora\u0027s Box","Astrolabe"],"picked":"White Beast Statue"},{"not_picked":["Runic Pyramid","Snecko Eye"],"picked":"Velvet Choker"}],"items_purged_floors":[5],"is_endless":false,"potions_floor_spawned":[6,8,16,18,19,21,22,24,33,35,38,39,45,48],"killed_by":"Awakened One","ascension_level":20}