{"gold_per_floor":[114,134,84,104,51,51,66,66,145,155,184,49,66,80,80,181,181,198,74,90,105,105,135,135,146,146,146,146,146,46,46,46,149,149,161,171,181,181,194,194,225,20,20,20,20],"floor_reached":45,"playtime":2191,"items_purged":["Strike_R","Strike_R","Strike_R"],"score":583,"play_id":"80153582-d69b-4376-95c7-8bc0fb6942ea","local_time":"20181020181224","is_ascension_mode":true,"campfire_choices":[{"data":"Iron Wave","floor":6,"key":"SMITH"},{"data":"Juggernaut","floor":8,"key":"SMITH"},{"data":"Body Slam","floor":15,"key":"SMITH"},{"floor":24,"key":"REST"},{"data":"Iron Wave","floor":27,"key":"SMITH"},{"data":"Iron Wave","floor":29,"key":"SMITH"},{"floor":32,"key":"REST"},{"floor":40,"key":"REST"},{"floor":44,"key":"REST"}],"neow_cost":"NONE","seed_source_timestamp":372294954293607,"circlet_count":0,"master_deck":["Strike_R","Defend_R","Defend_R","Defend_R","Defend_R","Bash","Iron Wave+1","Clash","Shrug It Off","Iron Wave+1","Juggernaut+1","Body Slam+1","Metallicize","Wild Strike","Shrug It Off","Iron Wave+1","Iron Wave+1","Shrug It Off","Cleave+1","Barricade","Rage","Clash+1","Bandage Up","Metallicize","Anger+1","Rage"],"relics":["Black Blood","NeowsBlessing","Sundial","Oddly Smooth Stone","Lizard Tail","Red Skull","Ornamental Fan","Centennial Puzzle","Matryoshka"],"potions_floor_usage":[13,16,23,23,37,37,39],"damage_taken":[{"damage":0,"enemies":"Cultist","floor":1,"turns":1},{"damage":0,"enemies":"Small Slimes","floor":2,"turns":1},{"damage":0,"enemies":"2 Louse","floor":4,"turns":1},{"damage":5,"enemies":"2 Fungi Beasts","floor":7,"turns":4},{"damage":5,"enemies":"3 Louse","floor":10,"turns":4},{"damage":25,"enemies":"3 Sentries","floor":11,"turns":7},{"damage":16,"enemies":"Lots of Slimes","floor":13,"turns":4},{"damage":5,"enemies":"Blue Slaver","floor":14,"turns":3},{"damage":8,"enemies":"The Guardian","floor":16,"turns":9},{"damage":3,"enemies":"Shell Parasite","floor":18,"turns":4},{"damage":0,"enemies":"Spheric Guardian","floor":20,"turns":3},{"damage":27,"enemies":"Snake Plant","floor":21,"turns":6},{"damage":52,"enemies":"Gremlin Leader","floor":23,"turns":7},{"damage":8,"enemies":"Sentry and Sphere","floor":25,"turns":4},{"damage":11,"enemies":"Colosseum Slavers","floor":28,"turns":3},{"damage":68,"enemies":"Champ","floor":33,"turns":11},{"damage":16,"enemies":"3 Shapes","floor":35,"turns":4},{"damage":7,"enemies":"Orb Walker","floor":36,"turns":3},{"damage":27,"enemies":"Transient","floor":37,"turns":5},{"damage":47,"enemies":"Sphere and 2 Shapes","floor":39,"turns":8},{"damage":38,"enemies":"Nemesis","floor":41,"turns":7},{"damage":66,"enemies":"Giant Head","floor":45,"turns":8}],"seed_played":"5206177022627953106","potions_obtained":[{"floor":7,"key":"Weak Potion"},{"floor":11,"key":"BloodPotion"},{"floor":14,"key":"SpeedPotion"},{"floor":21,"key":"Fruit Juice"},{"floor":33,"key":"SkillPotion"},{"floor":35,"key":"Dexterity Potion"},{"floor":37,"key":"Dexterity Potion"}],"is_trial":false,"path_per_floor":["M","M","?","M","$","R","M","R","T","M","E","$","M","M","R","B",null,"M","$","M","M","?","E","R","M","T","R","?","R","$","?","R","B",null,"M","M","M","?","M","R","E","$","T","R"],"character_chosen":"IRONCLAD","items_purchased":["Iron Wave","Metallicize","Wild Strike","Shrug It Off","Rage"],"campfire_rested":4,"item_purchase_floors":[5,12,12,19,42],"current_hp_per_floor":[80,80,80,80,80,80,80,80,80,80,61,61,59,60,60,58,80,80,80,80,59,59,18,43,41,41,41,36,36,36,36,61,48,85,79,82,65,65,32,57,33,33,33,58,0],"gold":20,"neow_bonus":"THREE_ENEMY_KILL","is_prod":false,"is_daily":false,"chose_seed":false,"campfire_upgraded":5,"win_rate":0,"timestamp":1540051944,"path_taken":["M","M","?","M","$","R","M","R","T","M","E","$","M","?","R","BOSS","M","$","M","M","?","E","R","?","T","R","?","R","$","?","R","BOSS","M","?","M","?","M","R","E","$","T","R","E"],"build_version":"2018-10-18","purchased_purges":3,"victory":false,"max_hp_per_floor":[80,80,80,80,80,80,80,80,80,80,80,80,80,80,80,80,80,80,80,80,80,80,85,85,85,85,85,85,85,85,85,85,85,85,85,85,85,85,85,85,85,85,85,85,85],"card_choices":[{"not_picked":["Wild Strike","Shrug It Off"],"picked":"Iron Wave","floor":1},{"not_picked":["Dual Wield","Flex"],"picked":"Clash","floor":2},{"not_picked":["Perfected Strike","Pummel"],"picked":"Shrug It Off","floor":4},{"not_picked":["Clash","Cleave"],"picked":"Juggernaut","floor":7},{"not_picked":["Flame Barrier","Pummel"],"picked":"Body Slam","floor":10},{"not_picked":["Hemokinesis","Thunderclap","Headbutt"],"picked":"SKIP","floor":11},{"not_picked":["Battle Trance","Warcry"],"picked":"Shrug It Off","floor":13},{"not_picked":["Anger","Evolve"],"picked":"Iron Wave","floor":14},{"not_picked":["Cleave+1","Thunderclap+1"],"picked":"Iron Wave","floor":18},{"not_picked":["Clash","Perfected Strike"],"picked":"Cleave+1","floor":20},{"not_picked":["Body Slam","Wild Strike","Rampage+1"],"picked":"SKIP","floor":21},{"not_picked":["Headbutt","Brutality","Perfected Strike"],"picked":"SKIP","floor":23},{"not_picked":["Wild Strike","Clash","Dropkick"],"picked":"SKIP","floor":25},{"not_picked":["Impervious","Double Tap"],"picked":"Barricade","floor":33},{"not_picked":["Heavy Blade","Shrug It Off","True Grit"],"picked":"SKIP","floor":35},{"not_picked":["Cleave+1","Body Slam"],"picked":"Rage","floor":36},{"not_picked":["Cleave","Carnage"],"picked":"Clash+1","floor":37},{"not_picked":["Secret Weapon","Purity"],"picked":"Bandage Up","floor":38},{"not_picked":["Feel No Pain","Battle Trance"],"picked":"Metallicize","floor":39},{"not_picked":["Warcry+1","Hemokinesis+1"],"picked":"Anger+1","floor":41}],"player_experience":212135,"relics_obtained":[{"floor":9,"key":"Sundial"},{"floor":11,"key":"Oddly Smooth Stone"},{"floor":23,"key":"Red Skull"},{"floor":26,"key":"Ornamental Fan"},{"floor":41,"key":"Centennial Puzzle"},{"floor":43,"key":"Matryoshka"}],"event_choices":[{"cards_removed":["Strike_R"],"damage_healed":0,"gold_gain":0,"player_choice":"Card Removal","damage_taken":0,"max_hp_gain":0,"max_hp_loss":0,"event_name":"The Cleric","floor":3,"gold_loss":50},{"damage_healed":0,"gold_gain":0,"player_choice":"Ignored","damage_taken":0,"max_hp_gain":0,"max_hp_loss":0,"event_name":"The Mausoleum","floor":22,"gold_loss":0},{"damage_healed":0,"gold_gain":0,"player_choice":"Fight","damage_taken":0,"max_hp_gain":0,"max_hp_loss":0,"event_name":"Colosseum","floor":28,"gold_loss":0},{"damage_healed":0,"gold_gain":0,"player_choice":"Fled From Nobs","damage_taken":0,"max_hp_gain":0,"max_hp_loss":0,"event_name":"Colosseum","floor":28,"gold_loss":0},{"damage_healed":0,"gold_gain":0,"player_choice":"Forge","damage_taken":0,"max_hp_gain":0,"max_hp_loss":0,"event_name":"Accursed Blacksmith","floor":31,"gold_loss":0,"cards_upgraded":["Iron Wave"]},{"damage_healed":0,"gold_gain":0,"player_choice":"Memory 1","damage_taken":0,"max_hp_gain":0,"max_hp_loss":0,"event_name":"SensoryStone","floor":38,"gold_loss":0}],"is_beta":false,"boss_relics":[{"not_picked":["Pandora\u0027s Box","Runic Dome"],"picked":"Lizard Tail"},{"not_picked":["White Beast Statue","Calling Bell"],"picked":"Black Blood"}],"items_purged_floors":[19,30,42],"is_endless":false,"potions_floor_spawned":[7,11,14,21,33,35,37],"killed_by":"Giant Head","ascension_level":4}