{"gold_per_floor":[114,114,133,151,167,167,167,79,105,105,121,121,141,173,173,278,278,292,309,309,320,320,320,352,368,368,380,380,380,391,405,405,405],"floor_reached":33,"playtime":1525,"items_purged":[],"score":321,"play_id":"e8f1ec79-ccd8-4c5c-9076-466a9f6ebff0","local_time":"20181214124335","is_ascension_mode":false,"campfire_choices":[{"floor":10,"key":"REST"},{"floor":12,"key":"REST"},{"floor":15,"key":"REST"},{"floor":23,"key":"REST"},{"floor":32,"key":"REST"}],"neow_cost":"NONE","seed_source_timestamp":1336555324804793,"circlet_count":0,"master_deck":["Strike_R+1","Strike_R+1","Strike_R+1","Strike_R+1","Defend_R+1","Defend_R+1","Bash","Twin Strike","Twin Strike","Perfected Strike","Iron Wave","Trip","Rage","Flex","Clothesline","Offering","Ghostly Armor+1","Rage","Rampage","Perfected Strike+1","Perfected Strike+1","Shockwave","Shrug It Off+1"],"relics":["Fusion Hammer"],"potions_floor_usage":[11,16,33,33,33],"damage_taken":[{"damage":6,"enemies":"Jaw Worm","floor":1,"turns":3},{"damage":0,"enemies":"Cultist","floor":3,"turns":3},{"damage":2,"enemies":"2 Louse","floor":4,"turns":3},{"damage":2,"enemies":"Blue Slaver","floor":5,"turns":2},{"damage":2,"enemies":"Looter","floor":11,"turns":2},{"damage":0,"enemies":"Gremlin Gang","floor":13,"turns":5},{"damage":6,"enemies":"Gremlin Nob","floor":14,"turns":3},{"damage":0,"enemies":"Slime Boss","floor":16,"turns":7},{"damage":20,"enemies":"Shell Parasite","floor":18,"turns":4},{"damage":21,"enemies":"3 Byrds","floor":19,"turns":5},{"damage":12,"enemies":"Shelled Parasite and Fungi","floor":21,"turns":5},{"damage":13,"enemies":"Book of Stabbing","floor":24,"turns":4},{"damage":0,"enemies":"Centurion and Healer","floor":25,"turns":4},{"damage":6,"enemies":"3 Cultists","floor":27,"turns":4},{"damage":3,"enemies":"Cultist and Chosen","floor":30,"turns":3},{"damage":19,"enemies":"Snecko","floor":31,"turns":4},{"damage":41,"enemies":"Collector","floor":33,"turns":5}],"seed_played":"8571869106942021435","potions_obtained":[{"floor":1,"key":"Block Potion"},{"floor":4,"key":"Block Potion"},{"floor":5,"key":"Fruit Juice"},{"floor":11,"key":"Fire Potion"},{"floor":18,"key":"Ancient Potion"}],"is_trial":false,"path_per_floor":["M","?","M","M","M","?","?","$","T","R","M","R","M","E","R","B",null,"M","M","?","M","?","R","E","M","T","M","?","?","M","M","R","B"],"character_chosen":"IRONCLAD","items_purchased":["Trip"],"campfire_rested":5,"item_purchase_floors":[8],"current_hp_per_floor":[74,74,74,72,70,54,47,47,47,71,74,85,85,79,85,85,85,65,44,44,32,32,57,44,44,44,38,38,38,35,16,41,0],"gold":405,"neow_bonus":"BOSS_RELIC","is_prod":false,"is_daily":false,"chose_seed":false,"campfire_upgraded":0,"win_rate":0,"timestamp":1544759015,"path_taken":["M","?","?","M","?","?","?","?","T","R","M","R","M","E","R","BOSS","M","M","?","M","?","R","E","M","T","?","?","?","M","M","R","BOSS"],"build_version":"2018-12-13","purchased_purges":0,"victory":false,"max_hp_per_floor":[80,80,80,80,80,80,80,80,80,80,85,85,85,85,85,85,85,85,85,85,85,85,85,85,85,85,85,85,85,85,85,85,85],"card_choices":[{"not_picked":["Sever Soul","Evolve"],"picked":"Twin Strike","floor":1},{"not_picked":["Sword Boomerang","Burning Pact"],"picked":"Twin Strike","floor":3},{"not_picked":["Warcry","Anger"],"picked":"Perfected Strike","floor":4},{"not_picked":["Second Wind","Havoc"],"picked":"Iron Wave","floor":5},{"not_picked":["Infernal Blade","Pummel"],"picked":"Rage","floor":11},{"not_picked":["Body Slam","Clash"],"picked":"Flex","floor":13},{"not_picked":["Headbutt","Warcry"],"picked":"Clothesline","floor":14},{"not_picked":["Bludgeon","Reaper"],"picked":"Offering","floor":16},{"not_picked":["Blood for Blood","Evolve+1"],"picked":"Ghostly Armor+1","floor":18},{"not_picked":["Sever Soul+1","Body Slam"],"picked":"Rage","floor":19},{"not_picked":["Uppercut","Cleave"],"picked":"Rampage","floor":21},{"not_picked":["Barricade","Carnage"],"picked":"Perfected Strike+1","floor":24},{"not_picked":["Body Slam+1","Pommel Strike"],"picked":"Perfected Strike+1","floor":25},{"not_picked":["Perfected Strike+1","Flame Barrier"],"picked":"Shockwave","floor":27},{"not_picked":["Burning Pact","Carnage"],"picked":"Shrug It Off+1","floor":30},{"not_picked":["Thunderclap","Armaments","Heavy Blade"],"picked":"SKIP","floor":31}],"player_experience":184122,"relics_obtained":[],"event_choices":[{"cards_removed":["Strike_R"],"damage_healed":0,"gold_gain":0,"player_choice":"Offered Basic","damage_taken":0,"max_hp_gain":0,"max_hp_loss":0,"event_name":"Bonfire Elementals","floor":2,"gold_loss":0},{"damage_healed":0,"gold_gain":0,"player_choice":"Entered Light","damage_taken":16,"max_hp_gain":0,"max_hp_loss":0,"event_name":"Shining Light","floor":6,"gold_loss":0,"cards_upgraded":["Defend_R","Strike_R"]},{"cards_removed":["Defend_R"],"damage_healed":0,"gold_gain":0,"player_choice":"Card Removal","damage_taken":7,"max_hp_gain":0,"max_hp_loss":0,"event_name":"Golden Wing","floor":7,"gold_loss":0},{"damage_healed":0,"gold_gain":0,"player_choice":"Ignored","damage_taken":0,"max_hp_gain":0,"max_hp_loss":0,"event_name":"The Mausoleum","floor":20,"gold_loss":0},{"cards_removed":["Defend_R"],"damage_healed":0,"gold_gain":0,"player_choice":"Purged","damage_taken":0,"max_hp_gain":0,"max_hp_loss":0,"event_name":"Purifier","floor":22,"gold_loss":0},{"damage_healed":0,"gold_gain":0,"player_choice":"Simplicity","damage_taken":0,"max_hp_gain":0,"max_hp_loss":0,"event_name":"Back to Basics","floor":28,"gold_loss":0,"cards_upgraded":["Strike_R","Strike_R","Strike_R","Defend_R"]},{"damage_healed":0,"gold_gain":0,"player_choice":"Ignored","damage_taken":0,"max_hp_gain":0,"max_hp_loss":0,"event_name":"Beggar","floor":29,"gold_loss":0}],"is_beta":false,"boss_relics":[{"not_picked":["Busted Crown","Ectoplasm","Mark of Pain"]}],"items_purged_floors":[],"is_endless":false,"potions_floor_spawned":[1,4,5,11,18,21,24,27],"killed_by":"Collector","ascension_level":0}