{"gold_per_floor":[115,115,65,65,85,85,96,127,127,159,159,175,24,38,38,142,142,156,75,25,25,37,37,65,65,91,91],"floor_reached":27,"playtime":2073,"items_purged":[],"score":330,"play_id":"6a8801bd-9b39-4d12-b0bf-9d62b368acc8","local_time":"20190309162843","is_ascension_mode":true,"campfire_choices":[{"data":"Zap","floor":6,"key":"SMITH"},{"data":"Hologram","floor":11,"key":"SMITH"},{"data":"Self Repair","floor":15,"key":"SMITH"},{"data":"FTL","floor":23,"key":"SMITH"},{"data":"Electrodynamics","floor":25,"key":"SMITH"}],"neow_cost":"NONE","seed_source_timestamp":1881828617601439,"circlet_count":0,"master_deck":["Strike_B+1","Strike_B","Strike_B","Defend_B","Defend_B+1","Defend_B+1","Defend_B","Zap+1","Dualcast+1","FTL+1","Hologram+1","Undo","Electrodynamics+1","Self Repair+1","Cold Snap","Steam+1","All For One","Consume+1","Flash of Steel","White Noise+1","Cold Snap"],"relics":["Cracked Core","War Paint","Toxic Egg 2","Oddly Smooth Stone","Gremlin Horn","Pen Nib","Inserter","Juzu Bracelet"],"potions_floor_usage":[8,10,24,24],"damage_taken":[{"damage":2,"enemies":"2 Louse","floor":1,"turns":2},{"damage":7,"enemies":"Jaw Worm","floor":5,"turns":2},{"damage":0,"enemies":"Cultist","floor":7,"turns":2},{"damage":12,"enemies":"Gremlin Nob","floor":8,"turns":3},{"damage":0,"enemies":"3 Sentries","floor":10,"turns":4},{"damage":1,"enemies":"Blue Slaver","floor":12,"turns":3},{"damage":0,"enemies":"Gremlin Gang","floor":14,"turns":3},{"damage":6,"enemies":"Slime Boss","floor":16,"turns":9},{"damage":0,"enemies":"2 Thieves","floor":18,"turns":4},{"damage":0,"enemies":"3 Byrds","floor":22,"turns":5},{"damage":23,"enemies":"Book of Stabbing","floor":24,"turns":5},{"damage":79,"enemies":"Slavers","floor":27,"turns":4}],"seed_played":"8357595879868223452","potions_obtained":[{"floor":5,"key":"Block Potion"},{"floor":7,"key":"Poison Potion"},{"floor":12,"key":"AttackPotion"},{"floor":16,"key":"Weak Potion"},{"floor":24,"key":"FairyPotion"}],"is_trial":false,"path_per_floor":["M","?","?","?","M","R","M","E","T","E","R","M","$","M","R","B",null,"M","$","?","$","M","R","E","R","T","E"],"character_chosen":"DEFECT","items_purchased":["Pen Nib","Flash of Steel"],"campfire_rested":0,"item_purchase_floors":[13,19],"current_hp_per_floor":[73,58,58,58,51,51,51,39,39,39,39,45,45,52,52,56,70,75,75,75,75,75,75,52,52,52,0],"gold":91,"neow_bonus":"RANDOM_COMMON_RELIC","is_prod":false,"is_daily":false,"chose_seed":false,"campfire_upgraded":5,"win_rate":0,"timestamp":1552166923,"path_taken":["M","?","?","?","M","R","M","E","T","E","R","?","$","M","R","BOSS","M","$","?","$","?","R","E","R","T","E"],"build_version":"2019-01-23","purchased_purges":0,"victory":false,"max_hp_per_floor":[75,75,75,75,75,75,75,75,75,75,75,75,75,75,75,75,75,75,75,75,75,75,75,75,75,75,75],"card_choices":[{"not_picked":["Stack","Loop"],"picked":"FTL","floor":1},{"not_picked":["Turbo","Barrage"],"picked":"Hologram","floor":5},{"not_picked":["Steam","Rebound"],"picked":"Undo","floor":7},{"not_picked":["Loop","Beam Cell"],"picked":"Electrodynamics","floor":8},{"not_picked":["Auto Shields+1","Leap+1"],"picked":"Self Repair","floor":10},{"not_picked":["Storm","Coolheaded+1"],"picked":"Cold Snap","floor":12},{"not_picked":["Doom and Gloom","Hello World"],"picked":"Steam+1","floor":14},{"not_picked":["Machine Learning","Hyperbeam"],"picked":"All For One","floor":16},{"not_picked":["Rebound","Leap+1"],"picked":"Consume+1","floor":18},{"not_picked":["Capacitor","Beam Cell"],"picked":"White Noise+1","floor":22},{"not_picked":["Tempest+1","Machine Learning"],"picked":"Cold Snap","floor":24}],"player_experience":137200,"relics_obtained":[{"floor":8,"key":"Toxic Egg 2"},{"floor":9,"key":"Oddly Smooth Stone"},{"floor":10,"key":"Gremlin Horn"},{"floor":24,"key":"Juzu Bracelet"}],"event_choices":[{"damage_healed":0,"gold_gain":0,"player_choice":"Entered Light","damage_taken":15,"max_hp_gain":0,"max_hp_loss":0,"event_name":"Shining Light","floor":2,"gold_loss":0,"cards_upgraded":["Strike_B","Defend_B"]},{"cards_removed":["Strike_B"],"damage_healed":0,"gold_gain":0,"player_choice":"Card Removal","damage_taken":0,"max_hp_gain":0,"max_hp_loss":0,"event_name":"The Cleric","floor":3,"gold_loss":50},{"damage_healed":0,"gold_gain":0,"player_choice":"Ignored","damage_taken":0,"max_hp_gain":0,"max_hp_loss":0,"event_name":"WeMeetAgain","floor":4,"gold_loss":0},{"damage_healed":0,"gold_gain":0,"player_choice":"Bet on Murderer","damage_taken":0,"max_hp_gain":0,"max_hp_loss":0,"event_name":"The Joust","floor":20,"gold_loss":50}],"is_beta":false,"boss_relics":[{"not_picked":["Philosopher\u0027s Stone","Calling Bell"],"picked":"Inserter"}],"items_purged_floors":[],"is_endless":false,"potions_floor_spawned":[5,7,12,16,24],"killed_by":"Slavers","ascension_level":5}