{"gold_per_floor":[114,21,51,63,76,76,110,61,131,149,169,182,202,234,234,329,379,389,16,16,16,28,28,44,44,44,57,76,76,76,103,103,204,204,216,316,148,167,183,183,183,110,110,110,124,138,191,119,119,119,119,119,50,78,78],"floor_reached":55,"playtime":4695,"items_purged":["Strike_G","Writhe"],"score":787,"play_id":"aa6cab77-bc5c-4b3a-97a6-275533b5243b","local_time":"20181123162037","is_ascension_mode":true,"campfire_choices":[{"data":"Neutralize","floor":6,"key":"SMITH"},{"floor":15,"key":"RECALL"},{"data":"Footwork","floor":23,"key":"SMITH"},{"data":"Dagger Spray","floor":25,"key":"SMITH"},{"data":"Choke","floor":30,"key":"SMITH"},{"data":"Dash","floor":32,"key":"SMITH"},{"data":"Caltrops","floor":40,"key":"SMITH"},{"data":"1","floor":44,"key":"LIFT"},{"data":"2","floor":49,"key":"LIFT"},{"data":"3","floor":52,"key":"LIFT"}],"neow_cost":"NONE","seed_source_timestamp":765418489469089,"circlet_count":0,"master_deck":["Defend_G","Defend_G","Defend_G","Defend_G","Defend_G","Strike_G","Strike_G","Strike_G","Strike_G+1","Survivor","Neutralize+1","Choke+1","Bandage Up","Outmaneuver","Expertise","Footwork+1","Outmaneuver+1","Venomology+1","Deflect+1","Prepared+1","Dash+1","Adrenaline+1","Dagger Spray+1","Backflip+1","Deep Breath+1","Madness+1","Backflip+1","Expertise+1","After Image","Prepared+1","Caltrops+1","Doppelganger+1","Backflip+1","Night Terror+1","Dash+1","Noxious Fumes","Noxious Fumes"],"relics":["Ring of the Snake","Bag of Marbles","Tiny Chest","Mummified Hand","Toxic Egg 2","Odd Mushroom","Anchor","Tiny House","PreservedInsect","Orichalcum","Ice Cream","Paper Crane","Philosopher\u0027s Stone","Girya","Mango","Pocketwatch"],"potions_floor_usage":[7,13,13,14,14,16,18,22,22,27,28,31,33,33,39,46,47,47,50,50,54,55,55],"damage_taken":[{"damage":2,"enemies":"Small Slimes","floor":1,"turns":4},{"damage":2,"enemies":"Jaw Worm","floor":4,"turns":3},{"damage":0,"enemies":"2 Louse","floor":5,"turns":3},{"damage":38,"enemies":"3 Sentries","floor":7,"turns":12},{"damage":3,"enemies":"Red Slaver","floor":10,"turns":3},{"damage":0,"enemies":"2 Fungi Beasts","floor":11,"turns":3},{"damage":0,"enemies":"3 Louse","floor":12,"turns":4},{"damage":2,"enemies":"The Mushroom Lair","floor":13,"turns":6},{"damage":1,"enemies":"Lagavulin","floor":14,"turns":8},{"damage":24,"enemies":"The Guardian","floor":16,"turns":15},{"damage":2,"enemies":"Chosen","floor":18,"turns":6},{"damage":0,"enemies":"3 Byrds","floor":22,"turns":7},{"damage":10,"enemies":"Snecko","floor":24,"turns":8},{"damage":8,"enemies":"Snake Plant","floor":27,"turns":5},{"damage":0,"enemies":"Centurion and Healer","floor":28,"turns":6},{"damage":0,"enemies":"Book of Stabbing","floor":31,"turns":3},{"damage":2,"enemies":"Automaton","floor":33,"turns":14},{"damage":0,"enemies":"3 Shapes","floor":35,"turns":6},{"damage":11,"enemies":"3 Darklings","floor":38,"turns":4},{"damage":2,"enemies":"Spire Growth","floor":39,"turns":5},{"damage":9,"enemies":"Transient","floor":45,"turns":5},{"damage":9,"enemies":"4 Shapes","floor":46,"turns":11},{"damage":6,"enemies":"2 Orb Walkers","floor":47,"turns":5},{"damage":4,"enemies":"Awakened One","floor":50,"turns":14},{"damage":17,"enemies":"Shield and Spear","floor":54,"turns":5},{"damage":77,"enemies":"The Heart","floor":55,"turns":6}],"seed_played":"-115695324303971922","potions_obtained":[{"floor":5,"key":"Regen Potion"},{"floor":7,"key":"GamblersBrew"},{"floor":10,"key":"Weak Potion"},{"floor":13,"key":"Weak Potion"},{"floor":17,"key":"GamblersBrew"},{"floor":18,"key":"SkillPotion"},{"floor":35,"key":"Ancient Potion"},{"floor":46,"key":"SkillPotion"}],"is_trial":false,"path_per_floor":["M","$","?","M","M","R","E","?","T","M","M","M","?","E","R","B",null,"M","$","?","?","M","R","M","R","T","M","M","?","R","E","R","B",null,"M","?","$","M","M","R","T","$","T","R","M","M","?","$","R","B",null,"R","$","E","B"],"character_chosen":"THE_SILENT","items_purchased":["Bandage Up","PreservedInsect","Backflip+1","Deep Breath+1","Caltrops","Doppelganger+1","Noxious Fumes","Noxious Fumes"],"campfire_rested":0,"item_purchase_floors":[2,19,19,19,37,42,48,53],"current_hp_per_floor":[68,68,35,37,41,41,22,22,22,23,27,31,33,36,36,16,75,73,73,73,59,63,63,57,57,57,53,57,75,75,75,75,73,75,75,75,75,68,70,70,70,70,70,70,65,75,87,87,87,87,89,89,89,73,0],"gold":78,"neow_bonus":"RANDOM_COMMON_RELIC","is_prod":false,"is_daily":false,"chose_seed":false,"campfire_upgraded":6,"win_rate":0,"timestamp":1543008037,"path_taken":["M","$","?","M","M","R","E","?","T","M","?","M","?","E","R","BOSS","M","$","?","?","M","R","M","R","T","M","?","?","R","E","R","BOSS","M","?","$","M","?","R","?","$","T","R","?","M","?","?","R","BOSS","R","$","E","BOSS"],"build_version":"2018-11-15","purchased_purges":2,"victory":false,"max_hp_per_floor":[70,70,70,70,70,70,70,70,70,70,70,70,70,70,70,70,75,75,75,75,75,75,75,75,75,75,75,75,75,75,75,75,75,75,75,75,75,75,75,75,75,75,75,75,75,75,89,89,89,89,89,89,89,89,89],"card_choices":[{"not_picked":["Dodge and Roll","Deflect"],"picked":"Choke","floor":1},{"not_picked":["Masterful Stab","Predator"],"picked":"Outmaneuver","floor":4},{"not_picked":["Deflect","Outmaneuver"],"picked":"Expertise","floor":5},{"not_picked":["Leg Sweep","Deadly Poison"],"picked":"Footwork","floor":7},{"not_picked":["Acrobatics+1","Predator"],"picked":"Outmaneuver+1","floor":10},{"not_picked":["Quick Slash","Dodge and Roll+1"],"picked":"Venomology+1","floor":11},{"not_picked":["Blade Dance+1","Terror+1"],"picked":"Deflect+1","floor":12},{"not_picked":["Dodge and Roll+1","Acrobatics+1"],"picked":"Prepared+1","floor":13},{"not_picked":["Slice","Flechettes"],"picked":"Dash","floor":14},{"not_picked":["Wraith Form v2","Die Die Die"],"picked":"Adrenaline+1","floor":16},{"not_picked":["Eviscerate","Blur+1"],"picked":"Dagger Spray","floor":17},{"not_picked":["Slice","Bane","Underhanded Strike"],"picked":"SKIP","floor":18},{"not_picked":["Infinite Blades+1","Blade Dance+1","Heel Hook"],"picked":"SKIP","floor":22},{"not_picked":["Terror+1","Flying Knee","Eviscerate"],"picked":"SKIP","floor":24},{"not_picked":["Dodge and Roll+1","Heel Hook"],"picked":"Backflip+1","floor":27},{"not_picked":["Venomology+1","Underhanded Strike","Dodge and Roll+1"],"picked":"SKIP","floor":28},{"not_picked":["Acrobatics+1","Burst+1"],"picked":"Expertise+1","floor":31},{"not_picked":["Phantasmal Killer+1","Envenom"],"picked":"After Image","floor":33},{"not_picked":["Outmaneuver+1","Leg Sweep+1"],"picked":"Prepared+1","floor":35},{"not_picked":["Blade Dance+1","Dagger Throw+1","Underhanded Strike"],"picked":"SKIP","floor":38},{"not_picked":["Outmaneuver+1","Flying Knee","Sucker Punch"],"picked":"SKIP","floor":39},{"not_picked":["Poisoned Stab+1","Masterful Stab"],"picked":"Backflip+1","floor":45},{"not_picked":["Outmaneuver+1","Blade Dance+1"],"picked":"Night Terror+1","floor":46},{"not_picked":["Dagger Spray+1","All Out Attack+1"],"picked":"Dash+1","floor":47},{"not_picked":["Sucker Punch+1","Dagger Throw","Choke"],"picked":"SKIP","floor":54}],"player_experience":32789,"relics_obtained":[{"floor":7,"key":"Mummified Hand"},{"floor":9,"key":"Toxic Egg 2"},{"floor":13,"key":"Odd Mushroom"},{"floor":14,"key":"Anchor"},{"floor":26,"key":"Ice Cream"},{"floor":31,"key":"Paper Crane"},{"floor":43,"key":"Girya"},{"floor":47,"key":"Mango"},{"floor":54,"key":"Pocketwatch"}],"event_choices":[{"damage_healed":0,"gold_gain":0,"player_choice":"Success","damage_taken":33,"relics_obtained":["Tiny Chest"],"max_hp_gain":0,"max_hp_loss":0,"event_name":"Scrap Ooze","floor":3,"gold_loss":0},{"damage_healed":0,"gold_gain":0,"player_choice":"Left Gold","damage_taken":0,"max_hp_gain":0,"max_hp_loss":0,"event_name":"World of Goop","floor":8,"gold_loss":49},{"damage_healed":0,"gold_gain":0,"player_choice":"Fought Mushrooms","damage_taken":0,"max_hp_gain":0,"max_hp_loss":0,"event_name":"Mushrooms","floor":13,"gold_loss":0},{"damage_healed":0,"gold_gain":0,"player_choice":"Opened","damage_taken":0,"relics_obtained":["Orichalcum"],"max_hp_gain":0,"max_hp_loss":0,"event_name":"The Mausoleum","floor":20,"gold_loss":0,"cards_obtained":["Writhe"]},{"damage_healed":0,"gold_gain":0,"player_choice":"CARD ","damage_taken":14,"max_hp_gain":0,"max_hp_loss":0,"event_name":"Knowing Skull","floor":21,"potions_obtained":[],"gold_loss":0,"cards_obtained":["Madness"]},{"damage_healed":25,"gold_gain":0,"player_choice":"Heal","damage_taken":0,"max_hp_gain":0,"max_hp_loss":0,"event_name":"The Library","floor":29,"gold_loss":0},{"damage_healed":0,"gold_gain":100,"player_choice":"Pray","damage_taken":0,"max_hp_gain":0,"max_hp_loss":0,"event_name":"Golden Shrine","floor":36,"gold_loss":0},{"damage_healed":0,"gold_gain":0,"player_choice":"Fight","damage_taken":0,"max_hp_gain":0,"max_hp_loss":0,"event_name":"Mysterious Sphere","floor":47,"gold_loss":0}],"is_beta":false,"boss_relics":[{"not_picked":["Sozu","Fusion Hammer"],"picked":"Tiny House"},{"not_picked":["Calling Bell","WristBlade"],"picked":"Philosopher\u0027s Stone"}],"items_purged_floors":[19,37],"is_endless":false,"potions_floor_spawned":[5,7,10,12,13,18,24,35,39,46],"killed_by":"The Heart","ascension_level":1}