{"gold_per_floor":[111,127,145,157,157,157,188,138,138,138,138,182,57,91,91,211,211,236,236,9,9,27,85,85,85,136,136,165,165,11,11,11,114,114,134,134,146,161,0,33,33,33,83,83,96,96,96,115,115,115,115,115,33,33],"floor_reached":54,"playtime":5569,"items_purged":["Strike_B","Defend_B"],"score":1003,"play_id":"920e7003-8e23-4a83-accc-89ca5b6c1ed4","local_time":"20190410130149","is_ascension_mode":true,"campfire_choices":[{"data":"Self Repair","floor":6,"key":"SMITH"},{"data":"Dualcast","floor":11,"key":"SMITH"},{"data":"Go for the Eyes","floor":15,"key":"SMITH"},{"data":"Hologram","floor":24,"key":"SMITH"},{"data":"Steam","floor":27,"key":"SMITH"},{"data":"Coolheaded","floor":29,"key":"SMITH"},{"data":"Zap","floor":32,"key":"SMITH"},{"data":"Finesse","floor":42,"key":"SMITH"},{"data":"Beam Cell","floor":44,"key":"SMITH"},{"data":"Seek","floor":46,"key":"SMITH"},{"floor":49,"key":"RECALL"},{"floor":52,"key":"REST"}],"neow_cost":"TEN_PERCENT_HP_LOSS","seed_source_timestamp":394793165612586,"circlet_count":0,"master_deck":["Zap+1","Dualcast+1","Self Repair+1","Reinforced Body+1","Leap","Sweeping Beam","Compile Driver","Chill","Heatsinks","Ball Lightning","Cold Snap","Go for the Eyes+1","All For One","Beam Cell+1","Gash","FTL","Steam+1","Hologram+1","Coolheaded+1","Glacier","Finesse+1","Zap+1","Seek+1","Leap+1","Compile Driver","Parasite","Scrape+1","Darkness+1","Panacea"],"relics":["Cracked Core","Ornamental Fan","Bloody Idol","Gambling Chip","Pear","Empty Cage","Tiny Chest","War Paint","Bottled Flame","Philosopher\u0027s Stone","Red Mask","Dream Catcher","Bronze Scales"],"potions_floor_usage":[7,16,28,50],"damage_taken":[{"damage":0,"enemies":"2 Louse","floor":1,"turns":2},{"damage":0,"enemies":"Small Slimes","floor":2,"turns":4},{"damage":6,"enemies":"Jaw Worm","floor":3,"turns":4},{"damage":9,"enemies":"Large Slime","floor":4,"turns":5},{"damage":10,"enemies":"3 Sentries","floor":7,"turns":9},{"damage":6,"enemies":"Gremlin Nob","floor":12,"turns":4},{"damage":18,"enemies":"Lagavulin","floor":14,"turns":6},{"damage":17,"enemies":"Hexaghost","floor":16,"turns":12},{"damage":0,"enemies":"3 Byrds","floor":18,"turns":4},{"damage":0,"enemies":"Shell Parasite","floor":22,"turns":4},{"damage":14,"enemies":"Book of Stabbing","floor":23,"turns":4},{"damage":7,"enemies":"Gremlin Leader","floor":28,"turns":7},{"damage":53,"enemies":"Champ","floor":33,"turns":12},{"damage":0,"enemies":"3 Shapes","floor":35,"turns":3},{"damage":0,"enemies":"3 Darklings","floor":37,"turns":5},{"damage":2,"enemies":"Transient","floor":38,"turns":5},{"damage":4,"enemies":"Reptomancer","floor":40,"turns":10},{"damage":11,"enemies":"Spire Growth","floor":45,"turns":5},{"damage":16,"enemies":"Writhing Mass","floor":48,"turns":5},{"damage":38,"enemies":"Donu and Deca","floor":50,"turns":10},{"damage":76,"enemies":"Shield and Spear","floor":54,"turns":5}],"seed_played":"8767952773294930749","potions_obtained":[{"floor":1,"key":"AttackPotion"},{"floor":12,"key":"AttackPotion"},{"floor":14,"key":"SkillPotion"},{"floor":16,"key":"FearPotion"},{"floor":28,"key":"FearPotion"},{"floor":33,"key":"Dexterity Potion"},{"floor":38,"key":"SpeedPotion"},{"floor":48,"key":"LiquidBronze"}],"is_trial":false,"path_per_floor":["M","M","M","M","?","R","E","?","T","?","R","E","$","E","R","B",null,"M","?","$","?","M","E","R","$","T","R","E","R","$","?","R","B",null,"M","$","M","M","?","E","?","R","T","R","M","R","$","M","R","B",null,"R","$","E"],"character_chosen":"DEFECT","items_purchased":["Cold Snap","FTL","Steam","Glacier","Finesse","Panacea"],"campfire_rested":1,"item_purchase_floors":[13,20,20,30,30,53],"current_hp_per_floor":[68,68,68,66,66,66,66,66,66,49,49,43,43,45,45,38,68,68,68,68,68,78,78,78,78,78,78,78,78,78,78,78,40,69,74,74,78,78,78,78,74,74,74,74,68,68,68,67,67,39,65,74,74,0],"gold":33,"neow_bonus":"TRANSFORM_TWO_CARDS","is_prod":false,"is_daily":false,"chose_seed":false,"campfire_upgraded":10,"win_rate":0,"timestamp":1554894109,"path_taken":["M","M","M","M","?","R","E","?","T","?","R","E","$","E","R","BOSS","M","?","$","?","M","E","R","?","T","R","E","R","$","?","R","BOSS","M","?","M","?","?","E","?","R","T","R","M","R","$","M","R","BOSS","R","$","E"],"build_version":"2019-01-23","purchased_purges":2,"victory":false,"max_hp_per_floor":[68,68,68,68,68,68,68,68,68,68,68,68,68,78,78,78,78,78,78,78,78,78,78,78,78,78,78,78,78,78,78,78,78,78,78,78,78,78,78,78,74,74,74,74,74,74,74,74,74,74,74,74,74,74],"card_choices":[{"not_picked":["Blizzard","Sweeping Beam"],"picked":"Leap","floor":1},{"not_picked":["Undo","Tempest"],"picked":"Sweeping Beam","floor":2},{"not_picked":["Doom and Gloom","Coolheaded"],"picked":"Compile Driver","floor":3},{"not_picked":["Conserve Battery","Hologram"],"picked":"Chill","floor":4},{"not_picked":["Turbo","Steam"],"picked":"Ball Lightning","floor":7},{"not_picked":["Steam Power","Rip and Tear","Leap"],"picked":"SKIP","floor":12},{"not_picked":["Creative AI","Storm"],"picked":"Go for the Eyes","floor":14},{"not_picked":["Rainbow","Machine Learning"],"picked":"All For One","floor":16},{"not_picked":["Conserve Battery","Sweeping Beam"],"picked":"Beam Cell","floor":18},{"not_picked":["Sweeping Beam+1","Rebound+1","Beam Cell"],"picked":"SKIP","floor":22},{"not_picked":["Consume","Blizzard"],"picked":"Hologram","floor":23},{"not_picked":["Rebound","Sweeping Beam"],"picked":"Coolheaded","floor":28},{"not_picked":["Fission","Machine Learning"],"picked":"Seek","floor":33},{"not_picked":["Rebound+1","Compile Driver"],"picked":"Leap+1","floor":35},{"not_picked":["Rebound","Reinforced Body","Core Surge"],"picked":"SKIP","floor":37},{"not_picked":["Storm","Leap","Genetic Algorithm+1"],"picked":"SKIP","floor":38},{"not_picked":["Biased Cognition","Conserve Battery"],"picked":"Compile Driver","floor":40},{"not_picked":["Cold Snap","Sunder","Heatsinks+1"],"picked":"SKIP","floor":45},{"not_picked":["Aggregate","Recycle"],"picked":"Scrape+1","floor":48},{"not_picked":["Defragment","Consume+1"],"picked":"Darkness+1","floor":52}],"player_experience":510112,"relics_obtained":[{"floor":7,"key":"Ornamental Fan"},{"floor":12,"key":"Gambling Chip"},{"floor":14,"key":"Pear"},{"floor":23,"key":"Tiny Chest"},{"floor":26,"key":"War Paint"},{"floor":28,"key":"Bottled Flame"},{"floor":40,"key":"Dream Catcher"},{"floor":43,"key":"Bronze Scales"}],"event_choices":[{"damage_healed":0,"gold_gain":0,"cards_transformed":["Strike_B"],"player_choice":"Change","damage_taken":0,"max_hp_gain":0,"max_hp_loss":0,"event_name":"Living Wall","floor":5,"gold_loss":0,"cards_obtained":["Heatsinks"]},{"cards_removed":["Defend_B"],"damage_healed":0,"gold_gain":0,"player_choice":"Card Removal","damage_taken":0,"max_hp_gain":0,"max_hp_loss":0,"event_name":"The Cleric","floor":8,"gold_loss":50},{"damage_healed":0,"gold_gain":0,"player_choice":"Take Damage","damage_taken":17,"relics_obtained":["Golden Idol"],"max_hp_gain":0,"max_hp_loss":0,"event_name":"Golden Idol","floor":10,"gold_loss":0},{"damage_healed":0,"gold_gain":0,"player_choice":"Read","damage_taken":0,"max_hp_gain":0,"max_hp_loss":0,"event_name":"The Library","floor":19,"gold_loss":0,"cards_obtained":["Gash"]},{"damage_healed":0,"gold_gain":0,"player_choice":"Gave Idol","damage_taken":0,"relics_obtained":["Bloody Idol"],"max_hp_gain":0,"max_hp_loss":0,"event_name":"Forgotten Altar","floor":21,"relics_lost":["Golden Idol"],"gold_loss":0},{"damage_healed":0,"gold_gain":0,"player_choice":"1 cards matched","damage_taken":0,"max_hp_gain":0,"max_hp_loss":0,"event_name":"Match and Keep!","floor":31,"gold_loss":0,"cards_obtained":["Zap"]},{"damage_healed":0,"gold_gain":0,"player_choice":"Paid","damage_taken":0,"relics_obtained":["Red Mask"],"max_hp_gain":0,"max_hp_loss":0,"event_name":"Tomb of Lord Red Mask","floor":39,"gold_loss":161},{"damage_healed":0,"gold_gain":0,"player_choice":"Max HP","damage_taken":0,"max_hp_gain":0,"max_hp_loss":4,"event_name":"Winding Halls","floor":41,"gold_loss":0}],"is_beta":false,"boss_relics":[{"not_picked":["Nuclear Battery","Cursed Key"],"picked":"Empty Cage"},{"not_picked":["Snecko Eye","Pandora\u0027s Box"],"picked":"Philosopher\u0027s Stone"}],"items_purged_floors":[13,20],"is_endless":false,"potions_floor_spawned":[1,12,14,16,28,33,38,48],"killed_by":"Shield and Spear","ascension_level":9}