{"gold_per_floor":[118,268,268,268,281,297,311,16,16,16],"floor_reached":10,"playtime":128,"items_purged":["Doubt"],"score":116,"play_id":"4e209509-c6c5-43f6-b61f-bf9fc5e0da78","local_time":"20190421003758","is_ascension_mode":true,"campfire_choices":[],"neow_cost":"NONE","seed_source_timestamp":0,"circlet_count":0,"master_deck":["AscendersBane","Defend_G","Defend_G","Defend_G","Defend_G","Defend_G","Strike_G","Strike_G","Strike_G","Strike_G","Strike_G","Survivor","Neutralize+1","Finisher+1","PiercingWail","Flying Knee","Backflip","Well Laid Plans"],"special_seed":0,"relics":["Ring of the Snake","NeowsBlessing","Membership Card","Boot"],"potions_floor_usage":[],"damage_taken":[{"damage":0.0,"enemies":"Cultist","floor":1.0,"turns":1.0},{"damage":0.0,"enemies":"2 Louse","floor":5.0,"turns":1.0},{"damage":0.0,"enemies":"Small Slimes","floor":6.0,"turns":2.0},{"damage":22.0,"enemies":"Exordium Thugs","floor":7.0,"turns":5.0},{"damage":0,"enemies":"3 Sentries","floor":10,"turns":1}],"seed_played":"2358611172374645646","potions_obtained":[{"floor":1.0,"key":"SneckoOil"},{"floor":6.0,"key":"SkillPotion"}],"is_trial":false,"path_per_floor":["M","?","?","?","M","M","M","$","T","E"],"character_chosen":"THE_SILENT","items_purchased":["Membership Card","Well Laid Plans"],"campfire_rested":0,"item_purchase_floors":[8,8],"current_hp_per_floor":[59,59,59,59,59,59,37,37,37,37],"gold":16,"neow_bonus":"THREE_ENEMY_KILL","is_prod":false,"is_daily":false,"chose_seed":false,"campfire_upgraded":0,"win_rate":0,"timestamp":1555799878,"path_taken":["M","?","?","?","M","M","?","$","T","E"],"build_version":"2019-01-23","purchased_purges":1,"victory":false,"max_hp_per_floor":[66,66,66,66,66,66,66,66,66,66],"card_choices":[{"not_picked":["Outmaneuver","Catalyst"],"picked":"Finisher","floor":1.0},{"not_picked":["Deadly Poison","Eviscerate"],"picked":"PiercingWail","floor":5.0},{"not_picked":["Dodge and Roll","Acrobatics"],"picked":"Flying Knee","floor":6.0},{"not_picked":["Reflex","Concentrate"],"picked":"Backflip","floor":7.0}],"player_experience":579550,"relics_obtained":[{"floor":9.0,"key":"Boot"}],"event_choices":[{"damage_healed":0.0,"max_hp_gain":0.0,"max_hp_loss":0.0,"gold_gain":150.0,"event_name":"Liars Game","player_choice":"AGREE","floor":2.0,"gold_loss":0.0,"damage_taken":0.0,"cards_obtained":["Doubt"]},{"damage_healed":0.0,"max_hp_gain":0.0,"max_hp_loss":0.0,"gold_gain":0.0,"event_name":"Living Wall","player_choice":"Grow","floor":3.0,"gold_loss":0.0,"damage_taken":0.0,"cards_upgraded":["Finisher"]},{"damage_healed":0.0,"max_hp_gain":0.0,"max_hp_loss":0.0,"gold_gain":0.0,"event_name":"Upgrade Shrine","player_choice":"Upgraded","floor":4.0,"gold_loss":0.0,"damage_taken":0.0,"cards_upgraded":["Neutralize"]}],"is_beta":false,"boss_relics":[],"items_purged_floors":[8],"is_endless":false,"potions_floor_spawned":[1,6],"killed_by":"3 Sentries","ascension_level":20}