{"gold_per_floor":[17,17,17,36,36,36,74,98,122,122,140,140],"floor_reached":12,"playtime":243,"items_purged":[],"score":152,"play_id":"c8ad99b6-c31d-40da-ac36-44c2e5462f37","local_time":"20190409221230","is_ascension_mode":true,"campfire_choices":[{"data":"Rainbow","floor":6,"key":"SMITH"},{"floor":10,"key":"REST"}],"neow_cost":"NO_GOLD","seed_source_timestamp":860408074264500,"circlet_count":0,"master_deck":["AscendersBane","Strike_B","Strike_B","Strike_B","Strike_B","Defend_B","Defend_B","Defend_B","Defend_B","Zap","Dualcast","Rainbow+1","Gash","Injury","Regret","Fusion","Recycle","Hologram","Skim"],"relics":["Cracked Core","Golden Idol","Anchor","Darkstone Periapt","Vajra"],"potions_floor_usage":[],"damage_taken":[{"damage":2,"enemies":"2 Louse","floor":1,"turns":3},{"damage":6,"enemies":"Jaw Worm","floor":4,"turns":4},{"damage":46,"enemies":"3 Sentries","floor":7,"turns":9},{"damage":8,"enemies":"Cultist","floor":8,"turns":3},{"damage":16,"enemies":"2 Fungi Beasts","floor":11,"turns":3},{"damage":11,"enemies":"Exordium Wildlife","floor":12,"turns":1}],"seed_played":"3863788939113678914","potions_obtained":[{"floor":1,"key":"SpeedPotion"}],"is_trial":false,"path_per_floor":["M","?","?","M","$","R","E","M","T","R","M","M"],"character_chosen":"DEFECT","items_purchased":[],"campfire_rested":1,"item_purchase_floors":[],"current_hp_per_floor":[62,62,62,56,56,56,10,2,2,23,7,0],"gold":140,"neow_bonus":"THREE_RARE_CARDS","is_prod":false,"is_daily":false,"chose_seed":false,"campfire_upgraded":1,"win_rate":0,"timestamp":1554840750,"path_taken":["M","?","?","M","$","R","E","M","T","R","M","M"],"build_version":"2019-01-23","purchased_purges":0,"victory":false,"max_hp_per_floor":[71,71,71,71,71,71,71,71,71,71,71,71],"card_choices":[{"not_picked":["Biased Cognition","Reboot"],"picked":"Rainbow","floor":0},{"not_picked":["Scrape","White Noise"],"picked":"Gash","floor":1},{"not_picked":["Reprogram","Darkness"],"picked":"Fusion","floor":4},{"not_picked":["Barrage","Undo"],"picked":"Recycle","floor":7},{"not_picked":["Turbo","Thunder Strike"],"picked":"Hologram","floor":8},{"not_picked":["Steam","Barrage"],"picked":"Skim","floor":11}],"player_experience":526056,"relics_obtained":[{"floor":7,"key":"Darkstone Periapt"},{"floor":9,"key":"Vajra"}],"event_choices":[{"damage_healed":0,"gold_gain":0,"player_choice":"Take Wound","damage_taken":0,"relics_obtained":["Golden Idol"],"max_hp_gain":0,"max_hp_loss":0,"event_name":"Golden Idol","floor":2,"gold_loss":0,"cards_obtained":["Injury"]},{"damage_healed":0,"gold_gain":0,"player_choice":"Box","damage_taken":0,"relics_obtained":["Anchor"],"max_hp_gain":0,"max_hp_loss":0,"event_name":"Big Fish","floor":3,"gold_loss":0,"cards_obtained":["Regret"]}],"is_beta":false,"boss_relics":[],"items_purged_floors":[],"is_endless":false,"potions_floor_spawned":[1],"killed_by":"Exordium Wildlife","ascension_level":19}