{"gold_per_floor":[369,387,52,52,72,72,87,87,87,122,122,134,134,151,151,225,225,225,225,225,225,5,5,5,5,5,5,5,5,5,5,5,5,5,5,5,5,5,5,5,5,5,5,5,5,5,5,5,5,5,5],"floor_reached":52,"playtime":2649,"items_purged":["Regret"],"score":1894,"play_id":"613b9302-a7e2-42fd-89ac-ae32be7eee5f","local_time":"20190411175318","is_ascension_mode":true,"campfire_choices":[{"data":"Doom and Gloom","floor":6.0,"key":"SMITH"},{"floor":8.0,"key":"REST"},{"data":"Genetic Algorithm","floor":13,"key":"SMITH"},{"data":"Tempest","floor":15,"key":"SMITH"},{"floor":23,"key":"REST"},{"data":"Fission","floor":28,"key":"SMITH"},{"data":"Go for the Eyes","floor":30,"key":"SMITH"},{"floor":32,"key":"REST"},{"floor":40,"key":"REST"},{"floor":42,"key":"REST"},{"data":"Hologram","floor":47,"key":"SMITH"},{"floor":49,"key":"REST"}],"neow_cost":"CURSE","seed_source_timestamp":1154741673255119,"circlet_count":0,"master_deck":["AscendersBane","Strike_B","Strike_B","Strike_B","Defend_B","Defend_B","Defend_B","Defend_B","Zap+1","Dualcast","Cold Snap","Cold Snap","Doom and Gloom+1","Leap","FTL","Genetic Algorithm+1","Loop+1","Tempest+1","Electrodynamics+1","Hologram+1","Go for the Eyes+1","Defragment+1","Coolheaded","Fission+1","FTL","Redo+1","Machine Learning+1","Capacitor+1","FTL","Chill+1","Apotheosis+1","Purity+1"],"special_seed":0,"relics":["Cracked Core","Runic Capacitor","Emotion Chip","Question Card","Frozen Egg 2","Ectoplasm","GremlinMask","DataDisk","Symbiotic Virus","Toxic Egg 2","The Courier","Runic Pyramid","Regal Pillow","Incense Burner"],"potions_floor_usage":[12,16,18,20,25,33,48,50],"damage_taken":[{"damage":6.0,"enemies":"Jaw Worm","floor":1.0,"turns":4.0},{"damage":2.0,"enemies":"2 Louse","floor":2.0,"turns":2.0},{"damage":5.0,"enemies":"Small Slimes","floor":5.0,"turns":2.0},{"damage":2.0,"enemies":"Red Slaver","floor":7.0,"turns":3.0},{"damage":6.0,"enemies":"3 Sentries","floor":10.0,"turns":5.0},{"damage":8,"enemies":"Exordium Wildlife","floor":12,"turns":4},{"damage":3,"enemies":"Looter","floor":14,"turns":3},{"damage":1,"enemies":"The Guardian","floor":16,"turns":11},{"damage":4,"enemies":"3 Byrds","floor":18,"turns":2},{"damage":10,"enemies":"Chosen","floor":20,"turns":3},{"damage":13,"enemies":"Snake Plant","floor":21,"turns":4},{"damage":1,"enemies":"3 Cultists","floor":24,"turns":4},{"damage":0,"enemies":"Centurion and Healer","floor":25,"turns":3},{"damage":8,"enemies":"Snake Plant","floor":27,"turns":3},{"damage":0,"enemies":"Gremlin Leader","floor":29,"turns":3},{"damage":6,"enemies":"Book of Stabbing","floor":31,"turns":3},{"damage":41,"enemies":"Automaton","floor":33,"turns":7},{"damage":3,"enemies":"3 Shapes","floor":35,"turns":3},{"damage":11,"enemies":"Orb Walker","floor":36,"turns":3},{"damage":24,"enemies":"Spire Growth","floor":38,"turns":6},{"damage":7,"enemies":"Sphere and 2 Shapes","floor":41,"turns":4},{"damage":1,"enemies":"Reptomancer","floor":44,"turns":5},{"damage":19,"enemies":"2 Orb Walkers","floor":48,"turns":4},{"damage":16,"enemies":"Time Eater","floor":50,"turns":8},{"damage":6,"enemies":"Awakened One","floor":51,"turns":21}],"seed_played":"-7145063525776683260","potions_obtained":[{"floor":5.0,"key":"SteroidPotion"},{"floor":7.0,"key":"LiquidBronze"},{"floor":10.0,"key":"Fire Potion"},{"floor":12,"key":"Poison Potion"},{"floor":16,"key":"Swift Potion"},{"floor":20,"key":"Energy Potion"},{"floor":24,"key":"Explosive Potion"},{"floor":27,"key":"FairyPotion"},{"floor":29,"key":"AttackPotion"},{"floor":36,"key":"Energy Potion"},{"floor":48,"key":"Block Potion"}],"is_trial":false,"path_per_floor":["M","M","$","?","M","R","M","R","T","E","?","M","R","M","R","B",null,"M","?","M","M","$","R","M","M","T","M","R","E","R","E","R","B",null,"M","M","$","M","?","R","M","R","T","E","?","?","R","?","R","B","B",null],"character_chosen":"DEFECT","items_purchased":["Runic Capacitor","Doom and Gloom","DataDisk","Coolheaded"],"campfire_rested":6,"item_purchase_floors":[3,3,22,22],"current_hp_per_floor":[58,56,56,38,33,33,31,52,52,46,46,38,38,35,35,34,62,58,58,48,35,35,56,55,55,55,47,47,47,47,41,62,21,59,56,45,45,21,21,41,34,54,54,53,53,43,43,24,59,43,37],"gold":5,"neow_bonus":"TWO_FIFTY_GOLD","is_prod":false,"is_daily":false,"chose_seed":false,"campfire_upgraded":6,"win_rate":0,"timestamp":1554972798,"path_taken":["M","M","$","?","M","R","M","R","T","E","?","M","R","M","R","BOSS","M","?","M","M","$","R","M","?","T","M","R","E","R","E","R","BOSS","M","M","$","M","?","R","M","R","T","E","?","?","R","?","R","BOSS","BOSS"],"build_version":"2019-01-23","purchased_purges":1,"victory":true,"max_hp_per_floor":[71,71,71,71,71,71,71,71,71,71,71,71,71,71,71,71,71,71,71,71,71,71,71,71,71,71,71,71,71,71,71,71,71,71,71,71,71,71,67,67,67,67,67,67,67,67,67,67,67,67,67],"card_choices":[{"not_picked":["Beam Cell","Barrage"],"picked":"Cold Snap","floor":1.0},{"not_picked":["Scrape","Streamline"],"picked":"Cold Snap","floor":2.0},{"not_picked":["Skim","Stack"],"picked":"Leap","floor":5.0},{"not_picked":["Gash","Hello World"],"picked":"FTL","floor":7.0},{"not_picked":["Heatsinks","Skim","Leap"],"picked":"Genetic Algorithm","floor":10.0},{"not_picked":["Melter","Leap","Capacitor+1"],"picked":"Loop+1","floor":12},{"not_picked":["Coolheaded","Hologram","Steam"],"picked":"Tempest","floor":14},{"not_picked":["All For One","Machine Learning+1","Meteor Strike"],"picked":"Electrodynamics+1","floor":16},{"not_picked":["Aggregate","Beam Cell","Compile Driver"],"picked":"Hologram","floor":18},{"not_picked":["Beam Cell","Scrape","Streamline"],"picked":"Go for the Eyes","floor":20},{"not_picked":["Go for the Eyes","Coolheaded","Hello World+1"],"picked":"Defragment+1","floor":21},{"not_picked":["Reprogram","Steam Power","Sunder","Aggregate+1"],"picked":"SKIP","floor":24},{"not_picked":["Streamline","Recycle+1","Redo"],"picked":"Fission","floor":25},{"not_picked":["Stack","Coolheaded","Steam"],"picked":"FTL","floor":27},{"not_picked":["Conserve Battery","Fusion","Leap","Double Energy"],"picked":"SKIP","floor":29},{"not_picked":["Amplify+1","Leap+1","Heatsinks+1"],"picked":"Redo+1","floor":31},{"not_picked":["Thunder Strike","Core Surge","Rainbow+1"],"picked":"Machine Learning+1","floor":33},{"not_picked":["Stack+1","Steam Power+1","Go for the Eyes"],"picked":"Capacitor+1","floor":35},{"not_picked":["Genetic Algorithm+1","Conserve Battery+1","Barrage"],"picked":"FTL","floor":36},{"not_picked":["Steam+1","Barrage","Cold Snap+1","Coolheaded+1"],"picked":"SKIP","floor":38},{"not_picked":["Stack+1","Barrage","Loop+1"],"picked":"Chill+1","floor":41},{"not_picked":["Creative AI+1","Lockon","Beam Cell","Streamline+1"],"picked":"SKIP","floor":44},{"not_picked":["Flash of Steel","Deep Breath+1","Dramatic Entrance"],"picked":"Apotheosis+1","floor":46},{"not_picked":["Trip+1","Panacea+1","Transmutation+1"],"picked":"Purity+1","floor":46}],"player_experience":893898,"relics_obtained":[{"floor":9.0,"key":"Question Card"},{"floor":10.0,"key":"Frozen Egg 2"},{"floor":26,"key":"Symbiotic Virus"},{"floor":29,"key":"Toxic Egg 2"},{"floor":31,"key":"The Courier"},{"floor":44,"key":"Regal Pillow"},{"floor":48,"key":"Incense Burner"}],"event_choices":[{"damage_healed":0.0,"max_hp_gain":0.0,"max_hp_loss":0.0,"gold_gain":0.0,"event_name":"Scrap Ooze","player_choice":"Success","floor":4.0,"gold_loss":0.0,"damage_taken":18.0,"relics_obtained":["Emotion Chip"]},{"damage_healed":0.0,"max_hp_gain":0.0,"max_hp_loss":0.0,"gold_gain":0.0,"event_name":"Living Wall","player_choice":"Grow","floor":11.0,"gold_loss":0.0,"damage_taken":0.0,"cards_upgraded":["Zap"]},{"damage_healed":0,"gold_gain":0,"player_choice":"Trade","damage_taken":0,"relics_obtained":["GremlinMask"],"max_hp_gain":0,"max_hp_loss":0,"event_name":"FaceTrader","floor":19,"gold_loss":0},{"damage_healed":0,"gold_gain":0,"player_choice":"Max HP","damage_taken":0,"max_hp_gain":0,"max_hp_loss":4,"event_name":"Winding Halls","floor":39,"gold_loss":0},{"cards_removed":["Strike_B"],"damage_healed":0,"gold_gain":0,"player_choice":"Removed Attack","damage_taken":0,"max_hp_gain":0,"max_hp_loss":0,"event_name":"Falling","floor":45,"gold_loss":0},{"damage_healed":0,"gold_gain":0,"player_choice":"Memory 3","damage_taken":10,"max_hp_gain":0,"max_hp_loss":0,"event_name":"SensoryStone","floor":46,"gold_loss":0},{"damage_healed":0,"gold_gain":0,"player_choice":"Fight","damage_taken":0,"max_hp_gain":0,"max_hp_loss":0,"event_name":"Mysterious Sphere","floor":48,"gold_loss":0}],"is_beta":false,"boss_relics":[{"not_picked":["Philosopher\u0027s Stone","Black Star"],"picked":"Ectoplasm"},{"not_picked":["Cursed Key","Sozu"],"picked":"Runic Pyramid"}],"items_purged_floors":[3],"is_endless":false,"potions_floor_spawned":[5,7,10,12,16,20,24,27,29,36,41,48],"ascension_level":20}