{"gold_per_floor":[111,36,36,36,54,79,94,108,108,108,108,127,27,52,52,175,175,158,83,46,66,66,100,49,49,49,49,84,84,13,13,13,13],"floor_reached":33,"playtime":1524,"items_purged":["Strike_R","Strike_R"],"score":362,"play_id":"fca6e3c5-5973-4b34-ba27-6947f83706fe","local_time":"20181020183800","is_ascension_mode":true,"campfire_choices":[{"data":"Anger","floor":10,"key":"SMITH"},{"data":"Rage","floor":15,"key":"SMITH"},{"data":"Demon Form","floor":25,"key":"SMITH"},{"data":"Anger","floor":27,"key":"SMITH"},{"data":"Anger","floor":29,"key":"SMITH"},{"floor":32,"key":"REST"}],"neow_cost":"NONE","seed_source_timestamp":374499794755764,"circlet_count":0,"master_deck":["Strike_R","Defend_R","Defend_R","Defend_R","Defend_R","Bash","Anger+1","Cleave","Armaments","Twin Strike","Rage+1","Demon Form+1","Anger+1","Metallicize+1","Metallicize+1","Shrug It Off","Anger+1","Clash+1","Inflame+1"],"relics":["Burning Blood","Anchor","Juzu Bracelet","Golden Idol","Black Star","Pear","Self Forming Clay","Bottled Lightning","Letter Opener","Frozen Egg 2"],"potions_floor_usage":[16,16,23,23,23,23,23,33],"damage_taken":[{"damage":0,"enemies":"Small Slimes","floor":1,"turns":3},{"damage":0,"enemies":"2 Louse","floor":5,"turns":2},{"damage":40,"enemies":"3 Sentries","floor":6,"turns":8},{"damage":0,"enemies":"Jaw Worm","floor":7,"turns":3},{"damage":1,"enemies":"Exordium Wildlife","floor":8,"turns":4},{"damage":0,"enemies":"Large Slime","floor":12,"turns":3},{"damage":5,"enemies":"2 Fungi Beasts","floor":14,"turns":3},{"damage":49,"enemies":"Slime Boss","floor":16,"turns":13},{"damage":9,"enemies":"2 Thieves","floor":18,"turns":4},{"damage":4,"enemies":"3 Byrds","floor":21,"turns":8},{"damage":42,"enemies":"Book of Stabbing","floor":23,"turns":7},{"damage":43,"enemies":"Slavers","floor":28,"turns":8},{"damage":60,"enemies":"Automaton","floor":33,"turns":6}],"seed_played":"-2255658674117169319","potions_obtained":[{"floor":0,"key":"LiquidBronze"},{"floor":0,"key":"EntropicBrew"},{"floor":0,"key":"Poison Potion"},{"floor":6,"key":"Regen Potion"},{"floor":21,"key":"BloodPotion"},{"floor":22,"key":"Strength Potion"},{"floor":28,"key":"SteroidPotion"}],"is_trial":false,"path_per_floor":["M","$","?","?","M","E","M","M","T","R","?","M","$","M","R","B",null,"M","?","$","M","?","E","$","R","T","R","E","R","$","?","R"],"character_chosen":"IRONCLAD","items_purchased":["Metallicize","Anger","Inflame+1"],"campfire_rested":1,"item_purchase_floors":[20,24,30],"current_hp_per_floor":[80,80,73,78,84,50,56,61,61,61,40,46,46,47,47,19,85,82,82,82,84,84,66,66,66,66,66,29,29,29,29,57,0],"gold":13,"neow_bonus":"THREE_SMALL_POTIONS","is_prod":false,"is_daily":false,"chose_seed":false,"campfire_upgraded":5,"win_rate":0,"timestamp":1540053480,"path_taken":["M","$","?","?","?","E","M","M","T","R","?","M","$","M","R","BOSS","M","?","?","M","?","E","$","R","T","R","E","R","?","?","R","BOSS"],"build_version":"2018-10-18","purchased_purges":2,"victory":false,"max_hp_per_floor":[80,80,80,85,85,85,85,85,85,85,85,85,85,85,85,85,85,85,85,85,85,85,95,95,95,95,95,95,95,95,95,95,95],"card_choices":[{"not_picked":["Flex","Infernal Blade"],"picked":"Anger","floor":1},{"not_picked":["Rampage","Thunderclap"],"picked":"Cleave","floor":5},{"not_picked":["True Grit","Shockwave"],"picked":"Armaments","floor":6},{"not_picked":["Reckless Charge","Cleave","Havoc"],"picked":"SKIP","floor":7},{"not_picked":["Evolve","Warcry","Pommel Strike"],"picked":"SKIP","floor":8},{"not_picked":["Armaments","Brutality"],"picked":"Twin Strike","floor":12},{"not_picked":["Headbutt","Bloodletting"],"picked":"Rage","floor":14},{"not_picked":["Berserk","Immolate"],"picked":"Demon Form","floor":16},{"not_picked":["Twin Strike","Heavy Blade"],"picked":"Anger","floor":18},{"not_picked":["Pommel Strike+1","Anger+1"],"picked":"Metallicize+1","floor":21},{"not_picked":["Wild Strike","Demon Form"],"picked":"Shrug It Off","floor":23},{"not_picked":["Burning Pact","Havoc"],"picked":"Clash+1","floor":28}],"player_experience":214326,"relics_obtained":[{"floor":6,"key":"Anchor"},{"floor":9,"key":"Juzu Bracelet"},{"floor":23,"key":"Pear"},{"floor":23,"key":"Self Forming Clay"},{"floor":26,"key":"Bottled Lightning"},{"floor":28,"key":"Letter Opener"},{"floor":28,"key":"Frozen Egg 2"}],"event_choices":[{"cards_removed":["Strike_R"],"damage_healed":0,"gold_gain":0,"player_choice":"Card Removal","damage_taken":7,"max_hp_gain":0,"max_hp_loss":0,"event_name":"Golden Wing","floor":3,"gold_loss":0},{"damage_healed":0,"gold_gain":0,"player_choice":"Donut","damage_taken":0,"max_hp_gain":5,"max_hp_loss":0,"event_name":"Big Fish","floor":4,"gold_loss":0},{"damage_healed":0,"gold_gain":0,"player_choice":"Take Damage","damage_taken":21,"relics_obtained":["Golden Idol"],"max_hp_gain":0,"max_hp_loss":0,"event_name":"Golden Idol","floor":11,"gold_loss":0},{"cards_removed":["Strike_R"],"damage_healed":0,"gold_gain":0,"player_choice":"Gave Gold","damage_taken":0,"max_hp_gain":0,"max_hp_loss":0,"event_name":"Beggar","floor":19,"gold_loss":75},{"damage_healed":0,"gold_gain":0,"player_choice":"Got Potions","damage_taken":0,"max_hp_gain":0,"max_hp_loss":0,"event_name":"The Lab","floor":22,"gold_loss":0},{"damage_healed":0,"gold_gain":0,"player_choice":"Upgraded","damage_taken":0,"max_hp_gain":0,"max_hp_loss":0,"event_name":"Upgrade Shrine","floor":31,"gold_loss":0,"cards_upgraded":["Metallicize"]}],"is_beta":false,"boss_relics":[{"not_picked":["Runic Cube","Sozu"],"picked":"Black Star"}],"items_purged_floors":[2,13],"is_endless":false,"potions_floor_spawned":[1,5,6,21,28],"killed_by":"Automaton","ascension_level":4}