{"gold_per_floor":[218,230,22,22,38,70,70,102,183,183,183,213,213,230,230,326,326,342,342,358,358,273,273,273,113,113,62,62,62,97,109,109,209,209,223,235,235,135,151,151,169,169,169,186,204,233,233,252,252,252],"floor_reached":50,"playtime":4225,"items_purged":["Strike_G","Strike_G"],"score":765,"play_id":"397e778b-eb72-4c11-a9e3-2fc978989ca8","local_time":"20181222214540","is_ascension_mode":true,"campfire_choices":[{"floor":7,"key":"REST"},{"floor":11,"key":"REST"},{"data":"Neutralize","floor":13,"key":"SMITH"},{"data":"Dagger Spray","floor":15,"key":"SMITH"},{"data":"Dash","floor":24,"key":"SMITH"},{"data":"Footwork","floor":29,"key":"SMITH"},{"floor":32,"key":"REST"},{"data":"Glass Knife","floor":40,"key":"SMITH"},{"data":"Malaise","floor":42,"key":"SMITH"},{"floor":49,"key":"REST"}],"neow_cost":"NONE","seed_source_timestamp":188335767052237,"circlet_count":0,"master_deck":["AscendersBane","Defend_G","Defend_G","Defend_G","Defend_G","Defend_G","Strike_G+1","Survivor","Neutralize+1","Sucker Punch+1","Quick Slash","Dagger Throw","Backflip","Dash+1","Predator","Well Laid Plans","Dagger Spray+1","Malaise+1","Crippling Poison","Footwork+1","Heel Hook+1","Backstab","Glass Knife+1","Terror+1","Mayhem","Cloak And Dagger+1","PiercingWail+1","Pain","Leg Sweep+1","PiercingWail+1","Backflip+1"],"relics":["Ring of the Snake","Whetstone","Ornamental Fan","Vajra","Tiny Chest","Kunai","Velvet Choker","MutagenicStrength","Centennial Puzzle","Mango","Blood Vial","Cursed Key","Orichalcum","Bottled Flame"],"potions_floor_usage":[6,21,30,33,50,50],"damage_taken":[{"damage":1,"enemies":"Small Slimes","floor":1,"turns":4},{"damage":0,"enemies":"2 Louse","floor":2,"turns":3},{"damage":2,"enemies":"Jaw Worm","floor":5,"turns":4},{"damage":27,"enemies":"Lagavulin","floor":6,"turns":8},{"damage":20,"enemies":"Gremlin Nob","floor":8,"turns":6},{"damage":11,"enemies":"Lagavulin","floor":12,"turns":6},{"damage":0,"enemies":"Exordium Thugs","floor":14,"turns":5},{"damage":22,"enemies":"The Guardian","floor":16,"turns":16},{"damage":4,"enemies":"Shell Parasite","floor":18,"turns":4},{"damage":0,"enemies":"3 Byrds","floor":20,"turns":4},{"damage":0,"enemies":"Snake Plant","floor":21,"turns":1},{"damage":10,"enemies":"Gremlin Leader","floor":30,"turns":6},{"damage":6,"enemies":"Centurion and Healer","floor":31,"turns":6},{"damage":43,"enemies":"Collector","floor":33,"turns":13},{"damage":2,"enemies":"3 Shapes","floor":35,"turns":6},{"damage":0,"enemies":"Orb Walker","floor":36,"turns":2},{"damage":13,"enemies":"Transient","floor":39,"turns":5},{"damage":9,"enemies":"Sphere and 2 Shapes","floor":41,"turns":4},{"damage":19,"enemies":"Maw","floor":44,"turns":7},{"damage":19,"enemies":"3 Darklings","floor":45,"turns":7},{"damage":17,"enemies":"Reptomancer","floor":46,"turns":9},{"damage":7,"enemies":"Spire Growth","floor":48,"turns":7},{"damage":29,"enemies":"Time Eater","floor":50,"turns":7}],"seed_played":"-2418633874520596949","potions_obtained":[{"floor":5,"key":"SteroidPotion"},{"floor":12,"key":"SmokeBomb"},{"floor":16,"key":"SneckoOil"},{"floor":20,"key":"GamblersBrew"},{"floor":33,"key":"SteroidPotion"},{"floor":35,"key":"LiquidBronze"},{"floor":46,"key":"Weak Potion"}],"is_trial":false,"path_per_floor":["M","M","$","?","M","E","R","E","T","?","R","E","R","M","R","B",null,"M","?","M","M","?","?","R","$","T","$","?","R","E","M","R","B",null,"M","M","?","$","M","R","M","R","T","M","M","E","?","M","R","B"],"character_chosen":"THE_SILENT","items_purchased":["Dagger Throw","Whetstone","Footwork","SteroidPotion","Explosive Potion"],"campfire_rested":4,"item_purchase_floors":[3,3,25,25,27],"current_hp_per_floor":[62,62,62,55,53,26,47,27,27,27,48,37,37,37,37,15,56,52,52,52,52,52,52,52,52,66,66,66,66,56,52,77,36,72,72,74,74,74,63,63,56,56,56,39,22,7,7,2,27,0],"gold":252,"neow_bonus":"HUNDRED_GOLD","is_prod":false,"is_daily":false,"chose_seed":false,"campfire_upgraded":6,"win_rate":0,"timestamp":1545536740,"path_taken":["M","M","$","?","M","E","R","E","T","?","R","E","R","M","R","BOSS","M","?","M","M","?","?","R","$","T","$","?","R","E","M","R","BOSS","M","M","?","$","M","R","M","R","T","M","M","E","?","M","R","BOSS"],"build_version":"2018-12-20","purchased_purges":2,"victory":false,"max_hp_per_floor":[70,70,70,70,70,70,70,70,70,70,70,70,70,70,70,70,70,70,70,70,70,70,70,70,70,84,84,84,84,84,84,84,84,84,84,84,84,84,84,84,84,84,84,84,84,84,84,84,84,84],"card_choices":[{"not_picked":["Underhanded Strike","Calculated Gamble"],"picked":"Sucker Punch","floor":1},{"not_picked":["Blade Dance","Masterful Stab"],"picked":"Quick Slash","floor":2},{"not_picked":["Reflex","Outmaneuver"],"picked":"Backflip","floor":5},{"not_picked":["Deadly Poison","Skewer"],"picked":"Dash","floor":6},{"not_picked":["Finisher","Sucker Punch"],"picked":"Predator","floor":8},{"not_picked":["All Out Attack","Deadly Poison"],"picked":"Well Laid Plans","floor":12},{"not_picked":["Slice","Finisher"],"picked":"Dagger Spray","floor":14},{"not_picked":["Bullet Time","Night Terror"],"picked":"Malaise","floor":16},{"not_picked":["Prepared","Eviscerate","Dagger Spray"],"picked":"SKIP","floor":18},{"not_picked":["Dagger Spray","Quick Slash"],"picked":"Crippling Poison","floor":20},{"not_picked":["Endless Agony","Setup"],"picked":"Heel Hook+1","floor":30},{"not_picked":["Dodge and Roll","Skewer"],"picked":"Backstab","floor":31},{"not_picked":["Corpse Explosion","Burst"],"picked":"Glass Knife","floor":33},{"not_picked":["Dagger Throw","Blade Dance+1","Bane+1"],"picked":"SKIP","floor":35},{"not_picked":["Choke","Infinite Blades"],"picked":"Terror+1","floor":36},{"not_picked":["Panacea","Blind"],"picked":"Mayhem","floor":37},{"not_picked":["Poisoned Stab+1","Infinite Blades+1"],"picked":"Cloak And Dagger+1","floor":39},{"not_picked":["Calculated Gamble+1","Endless Agony"],"picked":"PiercingWail+1","floor":41},{"not_picked":["Slice+1","Dagger Throw+1","Quick Slash+1"],"picked":"SKIP","floor":44},{"not_picked":["Caltrops","Slice"],"picked":"Leg Sweep+1","floor":45},{"not_picked":["Setup","Deflect+1"],"picked":"PiercingWail+1","floor":46},{"not_picked":["Outmaneuver","Doppelganger"],"picked":"Backflip+1","floor":48}],"player_experience":325341,"relics_obtained":[{"floor":6,"key":"Ornamental Fan"},{"floor":8,"key":"Vajra"},{"floor":9,"key":"Tiny Chest"},{"floor":12,"key":"Kunai"},{"floor":26,"key":"Mango"},{"floor":30,"key":"Blood Vial"},{"floor":43,"key":"Orichalcum"},{"floor":46,"key":"Bottled Flame"}],"event_choices":[{"cards_removed":["Strike_G"],"damage_healed":0,"gold_gain":0,"player_choice":"Card Removal","damage_taken":7,"max_hp_gain":0,"max_hp_loss":0,"event_name":"Golden Wing","floor":4,"gold_loss":0},{"damage_healed":0,"gold_gain":0,"player_choice":"Ignored","damage_taken":0,"max_hp_gain":0,"max_hp_loss":0,"event_name":"Golden Idol","floor":10,"gold_loss":0},{"damage_healed":0,"gold_gain":0,"player_choice":"Inject Mutagens","damage_taken":0,"relics_obtained":["MutagenicStrength"],"max_hp_gain":0,"max_hp_loss":0,"event_name":"Drug Dealer","floor":19,"gold_loss":0},{"damage_healed":0,"gold_gain":0,"player_choice":"Obtained Relic","damage_taken":0,"relics_obtained":["Centennial Puzzle"],"max_hp_gain":0,"max_hp_loss":0,"event_name":"Addict","floor":22,"gold_loss":85},{"damage_healed":0,"gold_gain":0,"player_choice":"Ignored","damage_taken":0,"max_hp_gain":0,"max_hp_loss":0,"event_name":"Cursed Tome","floor":23,"gold_loss":0},{"damage_healed":0,"gold_gain":0,"player_choice":"Ignored","damage_taken":0,"max_hp_gain":0,"max_hp_loss":0,"event_name":"The Mausoleum","floor":28,"gold_loss":0},{"damage_healed":0,"gold_gain":0,"player_choice":"Memory 1","damage_taken":0,"max_hp_gain":0,"max_hp_loss":0,"event_name":"SensoryStone","floor":37,"gold_loss":0},{"cards_removed":["Strike_G"],"damage_healed":0,"gold_gain":0,"player_choice":"Removed Attack","damage_taken":0,"max_hp_gain":0,"max_hp_loss":0,"event_name":"Falling","floor":47,"gold_loss":0}],"is_beta":false,"boss_relics":[{"not_picked":["Black Star","Orrery"],"picked":"Velvet Choker"},{"not_picked":["Calling Bell","Pandora\u0027s Box"],"picked":"Cursed Key"}],"items_purged_floors":[25,38],"is_endless":false,"potions_floor_spawned":[5,12,16,20,33,35,44,46],"killed_by":"Time Eater","ascension_level":10}