{"gold_per_floor":[118,34,46,46,64,64,99,99,99,55,55,0,0,10,10,87,87,106,31,31,45,45,45,78,97,165,165,34,34,44,44,44,44],"floor_reached":33,"playtime":1009,"items_purged":["Strike_R"],"score":522,"play_id":"34d05aa1-eb1d-4349-b4f8-0ba3ba5dcca1","local_time":"20190327184641","is_ascension_mode":true,"campfire_choices":[{"data":"Uppercut","floor":6.0,"key":"SMITH"},{"data":"Metallicize","floor":8.0,"key":"SMITH"},{"data":"Whirlwind","floor":11.0,"key":"SMITH"},{"data":"Heavy Blade","floor":15.0,"key":"SMITH"},{"data":"Limit Break","floor":23.0,"key":"SMITH"},{"floor":27,"key":"REST"},{"data":"Inflame","floor":29,"key":"SMITH"},{"floor":32,"key":"REST"}],"neow_cost":"NONE","seed_source_timestamp":748419685000662,"circlet_count":0,"master_deck":["AscendersBane","Strike_R","Strike_R","Defend_R","Defend_R","Defend_R","Defend_R","Bash","Spot Weakness","Metallicize+1","Uppercut+1","Shrug It Off","Whirlwind+1","Heavy Blade+1","Limit Break+1","Seeing Red+1","Inflame+1","Sword Boomerang","Disarm"],"special_seed":0,"relics":["Burning Blood","Shuriken","Blue Candle","Lizard Tail","MutagenicStrength","Red Skull","Mummified Hand"],"potions_floor_usage":[25,33,33],"damage_taken":[{"damage":1.0,"enemies":"Cultist","floor":1.0,"turns":3.0},{"damage":17.0,"enemies":"2 Louse","floor":3.0,"turns":4.0},{"damage":15.0,"enemies":"Jaw Worm","floor":5.0,"turns":5.0},{"damage":21.0,"enemies":"3 Sentries","floor":7.0,"turns":7.0},{"damage":2.0,"enemies":"3 Louse","floor":14.0,"turns":3.0},{"damage":18.0,"enemies":"Hexaghost","floor":16.0,"turns":7.0},{"damage":12.0,"enemies":"3 Byrds","floor":18.0,"turns":2.0},{"damage":12.0,"enemies":"Spheric Guardian","floor":21.0,"turns":4.0},{"damage":48.0,"enemies":"Slavers","floor":24.0,"turns":5.0},{"damage":48,"enemies":"Cultist and Chosen","floor":25,"turns":6},{"damage":30,"enemies":"Chosen and Byrds","floor":30,"turns":4},{"damage":46,"enemies":"Automaton","floor":33,"turns":8}],"seed_played":"644109887274925834","potions_obtained":[{"floor":0.0,"key":"Explosive Potion"},{"floor":0.0,"key":"LiquidBronze"},{"floor":14.0,"key":"PowerPotion"},{"floor":16.0,"key":"PowerPotion"},{"floor":21.0,"key":"Dexterity Potion"},{"floor":24.0,"key":"Regen Potion"}],"is_trial":false,"path_per_floor":["M","$","M","?","M","R","E","R","T","$","R","?","?","M","R","B",null,"M","?","?","M","?","R","E","M","T","R","$","R","M","$","R","B"],"character_chosen":"IRONCLAD","items_purchased":["Spot Weakness","Whirlwind","Weak Potion"],"campfire_rested":2,"item_purchase_floors":[2,10,28],"current_hp_per_floor":[73,73,62,62,53,53,38,38,38,38,38,38,38,42,42,30,64,58,58,58,52,52,52,10,21,21,43,43,43,19,19,41,0],"gold":44,"neow_bonus":"THREE_SMALL_POTIONS","is_prod":false,"is_daily":false,"chose_seed":false,"campfire_upgraded":6,"win_rate":0,"timestamp":1553680001,"path_taken":["M","?","M","?","?","R","E","R","T","$","R","?","?","M","R","BOSS","M","?","?","M","?","R","E","M","T","R","$","R","?","?","R","BOSS"],"build_version":"2019-01-23","purchased_purges":1,"victory":false,"max_hp_per_floor":[75,75,75,75,75,75,75,75,75,75,75,75,75,75,75,75,75,75,75,75,75,75,75,75,75,75,75,75,75,75,75,75,75],"card_choices":[{"not_picked":["Feel No Pain","Anger"],"picked":"Spot Weakness","floor":1.0},{"not_picked":["Carnage","Combust"],"picked":"Metallicize","floor":3.0},{"not_picked":["Spot Weakness","Flex"],"picked":"Uppercut","floor":5.0},{"not_picked":["Perfected Strike","True Grit"],"picked":"Shrug It Off","floor":7.0},{"not_picked":["Iron Wave","Havoc"],"picked":"Heavy Blade","floor":14.0},{"not_picked":["Demon Form","Berserk"],"picked":"Limit Break","floor":16.0},{"not_picked":["Carnage","Headbutt"],"picked":"Seeing Red+1","floor":18.0},{"not_picked":["Thunderclap","Armaments","Flex"],"picked":"SKIP","floor":21.0},{"not_picked":["True Grit","Brutality"],"picked":"Inflame","floor":24.0},{"not_picked":["Corruption","Perfected Strike"],"picked":"Sword Boomerang","floor":25},{"not_picked":["Clash+1","Iron Wave"],"picked":"Disarm","floor":30}],"player_experience":803452,"relics_obtained":[{"floor":9.0,"key":"Blue Candle"},{"floor":24.0,"key":"Red Skull"},{"floor":26,"key":"Mummified Hand"}],"event_choices":[{"cards_removed":["Spot Weakness"],"damage_healed":0.0,"max_hp_gain":0.0,"max_hp_loss":0.0,"gold_gain":0.0,"event_name":"WeMeetAgain","player_choice":"Gave Card","floor":4.0,"gold_loss":0.0,"damage_taken":0.0,"relics_obtained":["Shuriken"]},{"damage_healed":0.0,"max_hp_gain":0.0,"max_hp_loss":0.0,"gold_gain":0.0,"event_name":"World of Goop","player_choice":"Left Gold","floor":12.0,"gold_loss":55.0,"damage_taken":0.0},{"damage_healed":0.0,"max_hp_gain":0.0,"max_hp_loss":0.0,"gold_gain":0.0,"event_name":"Liars Game","player_choice":"Ignored","floor":13.0,"gold_loss":0.0,"damage_taken":0.0},{"cards_removed":["Strike_R"],"damage_healed":0.0,"max_hp_gain":0.0,"max_hp_loss":0.0,"gold_gain":0.0,"event_name":"Beggar","player_choice":"Gave Gold","floor":19.0,"gold_loss":75.0,"damage_taken":0.0},{"damage_healed":0.0,"max_hp_gain":0.0,"max_hp_loss":0.0,"gold_gain":0.0,"event_name":"Drug Dealer","player_choice":"Inject Mutagens","floor":20.0,"gold_loss":0.0,"damage_taken":0.0,"relics_obtained":["MutagenicStrength"]},{"cards_removed":["Strike_R"],"damage_healed":0.0,"max_hp_gain":0.0,"max_hp_loss":0.0,"gold_gain":0.0,"event_name":"Purifier","player_choice":"Purged","floor":22.0,"gold_loss":0.0,"damage_taken":0.0}],"is_beta":false,"boss_relics":[{"not_picked":["Runic Cube","Philosopher\u0027s Stone"],"picked":"Lizard Tail"}],"items_purged_floors":[28],"is_endless":false,"potions_floor_spawned":[5,14,16,21,24],"killed_by":"Automaton","ascension_level":20}