{"gold_per_floor":[114,114,34,51,51,51,51,77,77,77,107,124,156,171,171,245,245,261,345,149,199,214,214,84,102,102,164,176,176,226,240,240,240],"floor_reached":33,"playtime":1249,"items_purged":[],"score":537,"play_id":"499435da-1c9f-4426-afe3-cbc4369e5d4e","local_time":"20190327213108","is_ascension_mode":true,"campfire_choices":[{"data":"Dualcast","floor":6.0,"key":"SMITH"},{"floor":10.0,"key":"REST"},{"floor":15.0,"key":"REST"},{"floor":23,"key":"REST"},{"floor":29,"key":"REST"},{"floor":32,"key":"REST"}],"neow_cost":"NONE","seed_source_timestamp":0,"circlet_count":0,"master_deck":["AscendersBane","Strike_B+1","Strike_B","Strike_B+1","Strike_B","Defend_B","Defend_B","Defend_B","Defend_B","Zap","Dualcast+1","Undo+1","FTL","Ball Lightning","Reboot","Chill+1","Coolheaded+1","Loop","Hello World","Echo Form","Loop","Leap+1","Redo+1","Hologram+1","Writhe","Skim+1","White Noise+1","Self Repair","Defragment","Chill+1","Self Repair"],"special_seed":0,"relics":["Cracked Core","NeowsBlessing","SsserpentHead","Bronze Scales","Toxic Egg 2","DataDisk","Smiling Mask","Runic Pyramid","Red Mask","Darkstone Periapt","Bottled Lightning"],"potions_floor_usage":[19,19,21,27,27,31],"damage_taken":[{"damage":0.0,"enemies":"Jaw Worm","floor":1.0,"turns":1.0},{"damage":0.0,"enemies":"2 Louse","floor":4.0,"turns":1.0},{"damage":0.0,"enemies":"3 Sentries","floor":8.0,"turns":1.0},{"damage":30.0,"enemies":"Gremlin Nob","floor":11.0,"turns":4.0},{"damage":0.0,"enemies":"Cultist","floor":12.0,"turns":3.0},{"damage":2.0,"enemies":"3 Sentries","floor":13.0,"turns":5.0},{"damage":0.0,"enemies":"Exordium Wildlife","floor":14.0,"turns":2.0},{"damage":10.0,"enemies":"Slime Boss","floor":16.0,"turns":9.0},{"damage":7.0,"enemies":"Spheric Guardian","floor":18.0,"turns":4.0},{"damage":27,"enemies":"Masked Bandits","floor":19,"turns":6},{"damage":0,"enemies":"Chosen","floor":22,"turns":4},{"damage":20,"enemies":"Snake Plant","floor":25,"turns":4},{"damage":33,"enemies":"3 Cultists","floor":27,"turns":7},{"damage":18,"enemies":"Cultist and Chosen","floor":28,"turns":5},{"damage":0,"enemies":"Centurion and Healer","floor":31,"turns":10},{"damage":84,"enemies":"Automaton","floor":33,"turns":6}],"seed_played":"8088019342703609065","potions_obtained":[{"floor":4.0,"key":"SkillPotion"},{"floor":11.0,"key":"Fire Potion"},{"floor":13.0,"key":"Poison Potion"},{"floor":14.0,"key":"Ancient Potion"},{"floor":25,"key":"SkillPotion"},{"floor":28,"key":"Poison Potion"}],"is_trial":false,"path_per_floor":["M","?","$","M","?","R","?","E","T","R","E","M","E","M","R","B",null,"M","?","$","?","M","R","$","M","T","M","M","R","?","M","R","B"],"character_chosen":"DEFECT","items_purchased":["FTL","Redo+1","Fruit Juice","Hologram+1","White Noise+1","Self Repair","Fire Potion"],"campfire_rested":5,"item_purchase_floors":[3,20,20,20,24,24,24],"current_hp_per_floor":[64,64,64,64,43,43,43,43,43,64,34,34,32,32,53,43,64,57,30,30,41,41,65,65,52,52,26,15,39,15,22,48,0],"gold":240,"neow_bonus":"THREE_ENEMY_KILL","is_prod":false,"is_daily":false,"chose_seed":false,"campfire_upgraded":1,"win_rate":0,"timestamp":1553740268,"path_taken":["M","?","$","M","?","R","?","E","T","R","E","M","E","M","R","BOSS","M","?","$","?","M","R","?","M","T","?","M","R","?","M","R","BOSS"],"build_version":"2019-01-23","purchased_purges":0,"victory":false,"max_hp_per_floor":[71,71,71,71,71,71,71,71,71,71,71,71,71,71,71,71,71,71,71,71,82,82,82,82,82,82,82,82,82,87,87,87,87],"card_choices":[{"not_picked":["Streamline","Turbo"],"picked":"Undo","floor":1.0},{"not_picked":["Go for the Eyes","Hologram"],"picked":"Ball Lightning","floor":4.0},{"not_picked":["Steam","Stack"],"picked":"Reboot","floor":8.0},{"not_picked":["Sweeping Beam","Conserve Battery+1"],"picked":"Chill+1","floor":11.0},{"not_picked":["Compile Driver","Steam+1"],"picked":"Coolheaded+1","floor":12.0},{"not_picked":["Rebound","Gash"],"picked":"Loop","floor":13.0},{"not_picked":["Steam+1","BootSequence+1"],"picked":"Hello World","floor":14.0},{"not_picked":["Creative AI","Machine Learning"],"picked":"Echo Form","floor":16.0},{"not_picked":["Barrage+1","BootSequence+1"],"picked":"Loop","floor":18.0},{"not_picked":["Stack+1","Gash+1"],"picked":"Leap+1","floor":19},{"not_picked":["Coolheaded+1","Cold Snap"],"picked":"Skim+1","floor":22},{"not_picked":["Hyperbeam","Gash","Barrage"],"picked":"SKIP","floor":25},{"not_picked":["Turbo+1","Sweeping Beam+1"],"picked":"Defragment","floor":27},{"not_picked":["Go for the Eyes","Barrage+1"],"picked":"Chill+1","floor":28},{"not_picked":["Cold Snap","Gash"],"picked":"Self Repair","floor":31}],"player_experience":1170922,"relics_obtained":[{"floor":8.0,"key":"Bronze Scales"},{"floor":9.0,"key":"Toxic Egg 2"},{"floor":11.0,"key":"DataDisk"},{"floor":13.0,"key":"Smiling Mask"},{"floor":19,"key":"Red Mask"},{"floor":26,"key":"Bottled Lightning"}],"event_choices":[{"damage_healed":0.0,"max_hp_gain":0.0,"max_hp_loss":0.0,"gold_gain":0.0,"event_name":"Living Wall","player_choice":"Grow","floor":2.0,"gold_loss":0.0,"damage_taken":0.0,"cards_upgraded":["Undo"]},{"damage_healed":0.0,"max_hp_gain":0.0,"max_hp_loss":0.0,"gold_gain":0.0,"event_name":"Shining Light","player_choice":"Entered Light","floor":5.0,"gold_loss":0.0,"damage_taken":21.0,"cards_upgraded":["Strike_B","Strike_B"]},{"damage_healed":0.0,"max_hp_gain":0.0,"max_hp_loss":0.0,"gold_gain":0.0,"event_name":"FaceTrader","player_choice":"Trade","floor":7.0,"gold_loss":0.0,"damage_taken":0.0,"relics_obtained":["SsserpentHead"]},{"damage_healed":0,"gold_gain":0,"player_choice":"Fought Bandits","damage_taken":0,"max_hp_gain":0,"max_hp_loss":0,"event_name":"Masked Bandits","floor":19,"gold_loss":0},{"damage_healed":0,"gold_gain":0,"player_choice":"Opened","damage_taken":0,"relics_obtained":["Darkstone Periapt"],"max_hp_gain":0,"max_hp_loss":0,"event_name":"The Mausoleum","floor":21,"gold_loss":0,"cards_obtained":["Writhe"]},{"damage_healed":0,"gold_gain":0,"player_choice":"Shed Blood","damage_taken":29,"max_hp_gain":5,"max_hp_loss":0,"event_name":"Forgotten Altar","floor":30,"gold_loss":0}],"is_beta":false,"boss_relics":[{"not_picked":["FrozenCore","Orrery"],"picked":"Runic Pyramid"}],"items_purged_floors":[],"is_endless":false,"potions_floor_spawned":[4,11,13,14,25,28],"killed_by":"Automaton","ascension_level":17}