{"gold_per_floor":[112,112,2,2,21,35,35,56,56,92,92,105,119,134,134,253,253,268,268,193,120,143,143,179,179,203,203,203,203],"floor_reached":29,"playtime":1216,"items_purged":["Injury"],"score":243,"play_id":"9b5e9096-aa01-496b-a119-bb6ad8b6a163","local_time":"20190509150005","is_ascension_mode":false,"campfire_choices":[{"data":"Terror","floor":7,"key":"SMITH"},{"floor":15,"key":"REST"},{"data":"After Image","floor":23,"key":"SMITH"},{"floor":25,"key":"REST"}],"neow_cost":"PERCENT_DAMAGE","seed_source_timestamp":165727434810100,"circlet_count":0,"master_deck":["Defend_G","Defend_G","Defend_G","Defend_G","Defend_G","Strike_G","Strike_G","Strike_G","Strike_G","Strike_G","Survivor+1","Neutralize","Night Terror+1","Acrobatics","Terror+1","PiercingWail","Predator","Flying Knee","Malaise","Backstab","Infinite Blades","Dodge and Roll","After Image+1","Leg Sweep+1","Well Laid Plans","Tactician","Blade Dance","RitualDagger"],"relics":["Ring of the Snake","Golden Idol","War Paint","Bottled Flame","WristBlade","Ice Cream","Oddly Smooth Stone","Strawberry"],"potions_floor_usage":[16,18,18,24,24],"damage_taken":[{"damage":0,"enemies":"2 Louse","floor":1,"turns":5},{"damage":9,"enemies":"Jaw Worm","floor":5,"turns":4},{"damage":2,"enemies":"Cultist","floor":6,"turns":5},{"damage":2,"enemies":"Looter","floor":8,"turns":4},{"damage":10,"enemies":"Gremlin Nob","floor":10,"turns":3},{"damage":3,"enemies":"Blue Slaver","floor":12,"turns":5},{"damage":0,"enemies":"3 Louse","floor":13,"turns":3},{"damage":1,"enemies":"Large Slime","floor":14,"turns":6},{"damage":19,"enemies":"The Guardian","floor":16,"turns":14},{"damage":0,"enemies":"Spheric Guardian","floor":18,"turns":5},{"damage":4,"enemies":"3 Byrds","floor":22,"turns":6},{"damage":33,"enemies":"Slavers","floor":24,"turns":8},{"damage":20,"enemies":"Colosseum Slavers","floor":27,"turns":6},{"damage":45,"enemies":"Gremlin Leader","floor":29,"turns":5}],"seed_played":"8179423647565467758","potions_obtained":[{"floor":10,"key":"GhostInAJar"},{"floor":12,"key":"Explosive Potion"},{"floor":13,"key":"Fire Potion"},{"floor":16,"key":"GhostInAJar"},{"floor":18,"key":"Explosive Potion"}],"is_trial":false,"path_per_floor":["M","?","$","?","M","M","R","M","T","E","?","M","M","M","R","B",null,"M","?","?","$","M","R","E","R","T","?","?","E"],"character_chosen":"THE_SILENT","items_purchased":["Terror","Well Laid Plans"],"campfire_rested":2,"item_purchase_floors":[3,21],"current_hp_per_floor":[49,49,49,49,40,38,38,36,36,26,26,23,23,22,43,24,70,70,70,70,70,66,66,33,54,61,41,35,0],"gold":203,"neow_bonus":"THREE_RARE_CARDS","is_prod":false,"is_daily":false,"chose_seed":false,"campfire_upgraded":2,"win_rate":0.0,"timestamp":1557432005,"path_taken":["M","?","$","?","?","?","R","M","T","E","?","M","M","M","R","BOSS","M","?","?","$","M","R","E","R","T","?","?","E"],"build_version":"2019-01-23","purchased_purges":1,"victory":false,"max_hp_per_floor":[70,70,70,70,70,70,70,70,70,70,70,70,70,70,70,70,70,70,70,70,70,70,70,70,70,77,77,77,77],"card_choices":[{"not_picked":["Unload","Die Die Die"],"picked":"Night Terror","floor":0},{"not_picked":["Poisoned Stab","Prepared"],"picked":"Acrobatics","floor":1},{"not_picked":["Outmaneuver","Slice"],"picked":"PiercingWail","floor":5},{"not_picked":["Quick Slash","Expertise"],"picked":"Predator","floor":6},{"not_picked":["Prepared","Sucker Punch"],"picked":"Flying Knee","floor":8},{"not_picked":["Quick Slash","PiercingWail"],"picked":"Malaise","floor":10},{"not_picked":["Slice","Deflect"],"picked":"Backstab","floor":12},{"not_picked":["Bane","Expertise"],"picked":"Infinite Blades","floor":13},{"not_picked":["All Out Attack","Dagger Spray"],"picked":"Dodge and Roll","floor":14},{"not_picked":["Burst","Venomology"],"picked":"After Image","floor":16},{"not_picked":["Sucker Punch","Deadly Poison+1"],"picked":"Leg Sweep+1","floor":18},{"not_picked":["Flying Knee+1","Prepared+1"],"picked":"Tactician","floor":22},{"not_picked":["Dagger Throw","Bane"],"picked":"Blade Dance","floor":24}],"player_experience":21425,"relics_obtained":[{"floor":9,"key":"War Paint"},{"floor":10,"key":"Bottled Flame"},{"floor":24,"key":"Oddly Smooth Stone"},{"floor":26,"key":"Strawberry"}],"event_choices":[{"damage_healed":0,"gold_gain":0,"player_choice":"Take Wound","damage_taken":0,"relics_obtained":["Golden Idol"],"max_hp_gain":0,"max_hp_loss":0,"event_name":"Golden Idol","floor":2,"gold_loss":0,"cards_obtained":["Injury"]},{"damage_healed":0,"gold_gain":0,"player_choice":"Ignored","damage_taken":0,"max_hp_gain":0,"max_hp_loss":0,"event_name":"Liars Game","floor":4,"gold_loss":0},{"damage_healed":0,"gold_gain":0,"player_choice":"Ignored","damage_taken":0,"max_hp_gain":0,"max_hp_loss":0,"event_name":"Shining Light","floor":11,"gold_loss":0},{"damage_healed":0,"gold_gain":0,"player_choice":"Opened","damage_taken":0,"relics_obtained":["Ice Cream"],"max_hp_gain":0,"max_hp_loss":0,"event_name":"The Mausoleum","floor":19,"gold_loss":0,"cards_obtained":["Writhe"]},{"cards_removed":["Writhe"],"damage_healed":0,"gold_gain":0,"player_choice":"Gave Gold","damage_taken":0,"max_hp_gain":0,"max_hp_loss":0,"event_name":"Beggar","floor":20,"gold_loss":75},{"damage_healed":0,"gold_gain":0,"player_choice":"Fight","damage_taken":0,"max_hp_gain":0,"max_hp_loss":0,"event_name":"Colosseum","floor":27,"gold_loss":0},{"damage_healed":0,"gold_gain":0,"player_choice":"Fled From Nobs","damage_taken":0,"max_hp_gain":0,"max_hp_loss":0,"event_name":"Colosseum","floor":27,"gold_loss":0},{"damage_healed":0,"gold_gain":0,"player_choice":"Joined the Cult","damage_taken":6,"max_hp_gain":0,"max_hp_loss":0,"event_name":"Nest","floor":28,"gold_loss":0,"cards_obtained":["RitualDagger"]}],"is_beta":false,"boss_relics":[{"not_picked":["Cursed Key","Runic Dome"],"picked":"WristBlade"}],"items_purged_floors":[3],"is_endless":false,"potions_floor_spawned":[10,12,13,16,18,27],"killed_by":"Gremlin Leader","ascension_level":0}