{"gold_per_floor":[109,109,126,136,42,42,74,74,74,3,18,49,49,118,118,195,195,195,120,120,120,120,120,120,120,120,120,120,120,120,120,120,120,120,120,120,120,120,120,120,120,120,120,120,120,120,120,120,120,120,120],"floor_reached":51,"playtime":3533,"items_purged":[],"score":1440,"play_id":"58b5accd-d939-4afa-9bc2-9ebd3a5045cb","local_time":"20190423150253","is_ascension_mode":true,"campfire_choices":[{"data":"Bash","floor":6,"key":"SMITH"},{"data":"Uppercut","floor":13,"key":"SMITH"},{"floor":15,"key":"REST"},{"data":"Feed","floor":23,"key":"SMITH"},{"data":"Shrug It Off","floor":25,"key":"SMITH"},{"data":"Combust","floor":32,"key":"SMITH"},{"data":"Dual Wield","floor":40,"key":"SMITH"},{"floor":49,"key":"RECALL"}],"neow_cost":"NONE","seed_source_timestamp":367008394229069,"circlet_count":0,"master_deck":["AscendersBane","Strike_R","Strike_R","Defend_R","Defend_R","Defend_R","Defend_R","Bash+1","Disarm","Ghostly Armor","Inflame+1","Feel No Pain","Cleave","Feed+1","Uppercut+1","Reaper+1","Shrug It Off+1","Clothesline+1","Headbutt+1","Reaper+1","Flame Barrier+1","Combust+1","Fiend Fire+1","Dual Wield+1","Carnage+1","Rupture+1","True Grit","Parasite","Battle Trance+1"],"relics":["Burning Blood","NeowsBlessing","Centennial Puzzle","Darkstone Periapt","Mercury Hourglass","Molten Egg 2","Ectoplasm","Red Mask","Pantograph","Nunchaku","Coffee Dripper","Strawberry","Bird Faced Urn"],"potions_floor_usage":[7,11,20,30,33,35,41,44,45],"damage_taken":[{"damage":0,"enemies":"2 Louse","floor":1,"turns":1},{"damage":0,"enemies":"Cultist","floor":3,"turns":1},{"damage":0,"enemies":"Jaw Worm","floor":4,"turns":1},{"damage":34,"enemies":"Lagavulin","floor":7,"turns":8},{"damage":28,"enemies":"Exordium Wildlife","floor":11,"turns":9},{"damage":8,"enemies":"3 Sentries","floor":12,"turns":9},{"damage":28,"enemies":"Slime Boss","floor":16,"turns":8},{"damage":4,"enemies":"Chosen","floor":18,"turns":5},{"damage":19,"enemies":"Spheric Guardian","floor":20,"turns":4},{"damage":4,"enemies":"Masked Bandits","floor":21,"turns":3},{"damage":37,"enemies":"3 Cultists","floor":22,"turns":5},{"damage":12,"enemies":"Chosen and Byrds","floor":24,"turns":6},{"damage":12,"enemies":"Centurion and Healer","floor":27,"turns":7},{"damage":15,"enemies":"Snake Plant","floor":28,"turns":4},{"damage":22,"enemies":"Slavers","floor":30,"turns":8},{"damage":22,"enemies":"3 Cultists","floor":31,"turns":5},{"damage":104,"enemies":"Collector","floor":33,"turns":11},{"damage":3,"enemies":"Orb Walker","floor":35,"turns":3},{"damage":34,"enemies":"3 Darklings","floor":36,"turns":5},{"damage":16,"enemies":"4 Shapes","floor":38,"turns":6},{"damage":4,"enemies":"Jaw Worm Horde","floor":39,"turns":4},{"damage":30,"enemies":"Maw","floor":41,"turns":8},{"damage":49,"enemies":"Spire Growth","floor":42,"turns":6},{"damage":100,"enemies":"Nemesis","floor":44,"turns":13},{"damage":27,"enemies":"Writhing Mass","floor":45,"turns":7},{"damage":64,"enemies":"Reptomancer","floor":46,"turns":5},{"damage":34,"enemies":"Maw","floor":47,"turns":8},{"damage":8,"enemies":"Sphere and 2 Shapes","floor":48,"turns":6},{"damage":104,"enemies":"Time Eater","floor":50,"turns":15},{"damage":117,"enemies":"Awakened One","floor":51,"turns":15}],"seed_played":"4699372890942492404","potions_obtained":[{"floor":1,"key":"Weak Potion"},{"floor":3,"key":"Block Potion"},{"floor":16,"key":"SteroidPotion"},{"floor":18,"key":"SkillPotion"},{"floor":22,"key":"Poison Potion"},{"floor":28,"key":"GamblersBrew"},{"floor":31,"key":"Swift Potion"},{"floor":33,"key":"AttackPotion"},{"floor":36,"key":"Poison Potion"},{"floor":41,"key":"Weak Potion"},{"floor":44,"key":"Energy Potion"}],"is_trial":false,"path_per_floor":["M","?","M","M","$","R","E","?","T","?","M","E","R","T","R","B",null,"M","?","M","?","M","R","M","R","T","M","M","?","E","M","R","B",null,"M","M","?","M","M","R","M","M","T","E","M","E","M","M","R","B","B"],"character_chosen":"IRONCLAD","items_purchased":["Feel No Pain","Cleave"],"campfire_rested":1,"item_purchase_floors":[5,5],"current_hp_per_floor":[74,74,75,75,75,75,47,47,47,47,28,29,29,29,53,31,69,74,74,64,69,56,56,78,78,78,88,83,51,39,57,57,33,97,111,117,117,124,130,130,122,96,96,33,49,58,53,95,95,60,0],"gold":120,"neow_bonus":"THREE_ENEMY_KILL","is_prod":false,"is_daily":false,"chose_seed":false,"campfire_upgraded":6,"win_rate":0,"timestamp":1555999373,"path_taken":["M","?","?","M","$","R","E","?","T","?","?","E","R","?","R","BOSS","M","?","M","?","M","R","M","R","T","M","M","?","E","M","R","BOSS","M","M","?","M","M","R","M","M","T","E","M","E","M","?","R","BOSS","BOSS"],"build_version":"2019-01-23","purchased_purges":0,"victory":false,"max_hp_per_floor":[75,75,75,75,75,75,75,75,75,75,78,81,81,81,81,81,81,84,84,87,90,93,93,97,97,97,101,105,110,114,118,118,118,118,122,126,126,130,134,134,134,134,134,141,147,151,151,155,155,155,155],"card_choices":[{"not_picked":["Sword Boomerang","Hemokinesis"],"picked":"Disarm","floor":1},{"not_picked":["Fire Breathing","True Grit"],"picked":"Ghostly Armor","floor":3},{"not_picked":["Rupture","Iron Wave"],"picked":"Inflame","floor":4},{"not_picked":["Sword Boomerang","Wild Strike"],"picked":"Feed","floor":7},{"not_picked":["Armaments","Cleave"],"picked":"Uppercut","floor":11},{"not_picked":["Uppercut","Clash","Infernal Blade"],"picked":"SKIP","floor":12},{"not_picked":["Brutality","Demon Form"],"picked":"Reaper+1","floor":16},{"not_picked":["Pommel Strike+1","Rage"],"picked":"Shrug It Off","floor":18},{"not_picked":["Perfected Strike+1","Body Slam+1"],"picked":"Clothesline+1","floor":20},{"not_picked":["Pommel Strike+1","Perfected Strike+1"],"picked":"Headbutt+1","floor":21},{"not_picked":["Thunderclap+1","Flex"],"picked":"Reaper+1","floor":22},{"not_picked":["Rage","Clothesline+1","Power Through"],"picked":"SKIP","floor":24},{"not_picked":["Body Slam+1","True Grit"],"picked":"Flame Barrier+1","floor":27},{"not_picked":["Reckless Charge+1","Cleave+1","Body Slam+1"],"picked":"SKIP","floor":28},{"not_picked":["Reckless Charge+1","Cleave+1","Body Slam+1"],"picked":"SKIP","floor":28},{"not_picked":["Perfected Strike+1","Dropkick+1","Cleave+1"],"picked":"SKIP","floor":30},{"not_picked":["Body Slam+1","Clothesline+1"],"picked":"Combust","floor":31},{"not_picked":["Reaper+1","Immolate+1"],"picked":"Fiend Fire+1","floor":33},{"not_picked":["Reckless Charge+1","Body Slam+1","Wild Strike+1"],"picked":"SKIP","floor":35},{"not_picked":["Cleave+1","Shrug It Off"],"picked":"Dual Wield","floor":36},{"not_picked":["Bloodletting","Iron Wave+1","Sword Boomerang+1"],"picked":"SKIP","floor":38},{"not_picked":["Hemokinesis+1","Reckless Charge+1"],"picked":"Carnage+1","floor":39},{"not_picked":["Armaments","Havoc"],"picked":"Rupture+1","floor":41},{"not_picked":["Clash+1","Power Through","Infernal Blade"],"picked":"SKIP","floor":42},{"not_picked":["Headbutt+1","Body Slam+1"],"picked":"True Grit","floor":44},{"not_picked":["Clothesline+1","Thunderclap+1","Twin Strike+1"],"picked":"SKIP","floor":45},{"not_picked":["Brutality","Anger+1","Hemokinesis+1"],"picked":"SKIP","floor":46},{"not_picked":["Cleave+1","Body Slam+1","Armaments"],"picked":"SKIP","floor":47},{"not_picked":["Burning Pact+1","Iron Wave+1"],"picked":"Battle Trance+1","floor":48}],"player_experience":1055078,"relics_obtained":[{"floor":9,"key":"Centennial Puzzle"},{"floor":12,"key":"Mercury Hourglass"},{"floor":14,"key":"Molten Egg 2"},{"floor":21,"key":"Red Mask"},{"floor":26,"key":"Pantograph"},{"floor":30,"key":"Nunchaku"},{"floor":44,"key":"Strawberry"},{"floor":46,"key":"Bird Faced Urn"}],"event_choices":[{"cards_removed":["Strike_R"],"damage_healed":0,"gold_gain":0,"player_choice":"Purged","damage_taken":0,"max_hp_gain":0,"max_hp_loss":0,"event_name":"Purifier","floor":2,"gold_loss":0},{"damage_healed":0,"gold_gain":0,"player_choice":"Grow","damage_taken":0,"max_hp_gain":0,"max_hp_loss":0,"event_name":"Living Wall","floor":8,"gold_loss":0,"cards_upgraded":["Inflame"]},{"damage_healed":0,"gold_gain":0,"player_choice":"Paid Gold","damage_taken":0,"relics_obtained":["Darkstone Periapt"],"max_hp_gain":0,"max_hp_loss":0,"event_name":"WeMeetAgain","floor":10,"gold_loss":71},{"cards_removed":["Strike_R"],"damage_healed":0,"gold_gain":0,"player_choice":"Gave Gold","damage_taken":0,"max_hp_gain":0,"max_hp_loss":0,"event_name":"Beggar","floor":19,"gold_loss":75},{"damage_healed":0,"gold_gain":0,"player_choice":"Fought Bandits","damage_taken":0,"max_hp_gain":0,"max_hp_loss":0,"event_name":"Masked Bandits","floor":21,"gold_loss":0},{"damage_healed":0,"gold_gain":0,"player_choice":"Shed Blood","damage_taken":37,"max_hp_gain":5,"max_hp_loss":0,"event_name":"Forgotten Altar","floor":29,"gold_loss":0},{"cards_removed":["Strike_R"],"damage_healed":0,"gold_gain":0,"player_choice":"Card Removal","damage_taken":0,"max_hp_gain":0,"max_hp_loss":0,"event_name":"Wheel of Change","floor":37,"gold_loss":0}],"is_beta":false,"boss_relics":[{"not_picked":["Orrery","Lizard Tail"],"picked":"Ectoplasm"},{"not_picked":["Runic Dome","Busted Crown"],"picked":"Coffee Dripper"}],"items_purged_floors":[],"is_endless":false,"potions_floor_spawned":[1,3,16,18,22,28,31,33,36,38,41,44],"killed_by":"Awakened One","ascension_level":20}