{"gold_per_floor":[119,119,44,64,78,89,89,89,89,116,16,16,34,50,50,149,149,168,184,184,283,158,158,172,182,182,199,199,209,229,79,79,98,98,109,127,127,140,140,140,140,140,140,140,140,42,53,68,68,68],"floor_reached":51,"playtime":2681,"items_purged":["Defend_R","Strike_R","Strike_R","Strike_R"],"score":655,"play_id":"b7655d2a-7b38-4f64-a021-184bc9719d03","local_time":"20180819001358","is_ascension_mode":false,"campfire_choices":[{"floor":12.0,"key":"REST"},{"floor":15.0,"key":"REST"},{"floor":23.0,"key":"REST"},{"data":"Demon Form","floor":28.0,"key":"SMITH"},{"floor":32.0,"key":"REST"},{"data":"Thunderclap","floor":40.0,"key":"SMITH"},{"data":"Madness","floor":42.0,"key":"SMITH"},{"floor":49.0,"key":"REST"}],"neow_cost":"NONE","seed_source_timestamp":0,"circlet_count":0,"master_deck":["Strike_R","Strike_R","Defend_R","Defend_R","Defend_R","Bash","Pommel Strike","Offering","Dropkick","Demon Form+1","Shrug It Off+1","Reaper","Thunderclap+1","Intimidate","Blood for Blood","Impervious","Shrug It Off+1","Madness+1","Madness","Flex+1","Pummel+1"],"special_seed":0,"relics":["Cursed Key"],"potions_floor_usage":[50,50,50],"damage_taken":[{"damage":7.0,"enemies":"Small Slimes","floor":1.0,"turns":4.0},{"damage":11.0,"enemies":"Jaw Worm","floor":4.0,"turns":2.0},{"damage":0.0,"enemies":"2 Louse","floor":5.0,"turns":2.0},{"damage":21.0,"enemies":"Large Slime","floor":6.0,"turns":4.0},{"damage":27.0,"enemies":"Lagavulin","floor":10.0,"turns":5.0},{"damage":11.0,"enemies":"Exordium Thugs","floor":13.0,"turns":2.0},{"damage":11.0,"enemies":"3 Louse","floor":14.0,"turns":3.0},{"damage":31.0,"enemies":"Slime Boss","floor":16.0,"turns":8.0},{"damage":28.0,"enemies":"3 Byrds","floor":18.0,"turns":5.0},{"damage":21.0,"enemies":"Spheric Guardian","floor":19.0,"turns":5.0},{"damage":18.0,"enemies":"3 Cultists","floor":24.0,"turns":6.0},{"damage":31.0,"enemies":"Cultist and Chosen","floor":25.0,"turns":5.0},{"damage":6.0,"enemies":"Snecko","floor":27.0,"turns":4.0},{"damage":18.0,"enemies":"3 Cultists","floor":29.0,"turns":3.0},{"damage":34.0,"enemies":"Snake Plant","floor":30.0,"turns":5.0},{"damage":18.0,"enemies":"Centurion and Healer","floor":31.0,"turns":6.0},{"damage":51.0,"enemies":"Automaton","floor":33.0,"turns":7.0},{"damage":61.0,"enemies":"Flame Bruiser 1 Orb","floor":35.0,"turns":6.0},{"damage":42.0,"enemies":"3 Darklings","floor":36.0,"turns":5.0},{"damage":20.0,"enemies":"Sphere and 2 Shapes","floor":38.0,"turns":5.0},{"damage":39.0,"enemies":"Spire Growth","floor":47.0,"turns":6.0},{"damage":30.0,"enemies":"3 Darklings","floor":48.0,"turns":5.0},{"damage":101,"enemies":"Awakened One","floor":50,"turns":8}],"seed_played":"-1532705008775990420","potions_obtained":[{"floor":1.0,"key":"SkillPotion"},{"floor":5.0,"key":"Swift Potion"},{"floor":13.0,"key":"Regen Potion"},{"floor":14.0,"key":"LiquidBronze"},{"floor":25.0,"key":"Strength Potion"},{"floor":29.0,"key":"SpeedPotion"},{"floor":35.0,"key":"SkillPotion"},{"floor":47.0,"key":"AttackPotion"}],"is_trial":false,"path_per_floor":["M","?","$","M","M","M","$","?","T","E","$","R","M","M","R","B",null,"M","M","?","?","$","R","M","M","T","M","R","M","M","$","R","B",null,"M","M","?","M","?","R","?","R","T","T","?","$","M","M","R","B"],"character_chosen":"IRONCLAD","items_purchased":["PowerPotion","Strength Potion"],"campfire_rested":5,"item_purchase_floors":[46,46],"current_hp_per_floor":[73,78,78,67,67,46,46,46,46,19,19,44,33,22,47,31,85,57,36,36,36,36,61,64,41,41,47,47,67,41,35,60,9,85,47,26,26,6,74,74,65,65,65,65,65,65,47,47,69,8],"gold":68,"neow_bonus":"BOSS_RELIC","is_prod":false,"is_daily":false,"chose_seed":false,"campfire_upgraded":3,"win_rate":0,"timestamp":1534608838,"path_taken":["M","?","$","M","M","M","$","?","T","E","$","R","M","M","R","BOSS","M","M","?","?","$","R","M","?","T","M","R","M","M","?","R","BOSS","M","M","?","?","?","R","?","R","T","?","?","$","M","?","R","BOSS"],"build_version":"2018-08-16","purchased_purges":4,"victory":true,"max_hp_per_floor":[80,85,85,85,85,85,85,85,85,85,85,85,85,85,85,85,85,85,85,85,85,85,85,85,85,85,85,85,85,85,85,85,85,85,85,85,85,85,74,74,74,74,74,74,74,74,74,74,74,74],"card_choices":[{"not_picked":["Disarm","Inflame"],"picked":"Pommel Strike","floor":1.0},{"not_picked":["Body Slam","Fire Breathing","Twin Strike"],"picked":"SKIP","floor":4.0},{"not_picked":["Iron Wave","Second Wind","Whirlwind"],"picked":"SKIP","floor":5.0},{"not_picked":["Armaments","True Grit","Wild Strike"],"picked":"SKIP","floor":6.0},{"not_picked":["Clash","Rupture"],"picked":"Offering","floor":10.0},{"not_picked":["True Grit","Clash"],"picked":"Dropkick","floor":13.0},{"not_picked":["Iron Wave","Seeing Red","Battle Trance"],"picked":"SKIP","floor":14.0},{"not_picked":["Dark Embrace","Double Tap"],"picked":"Demon Form","floor":16.0},{"not_picked":["Searing Blow","Pummel+1"],"picked":"Shrug It Off+1","floor":18.0},{"not_picked":["Clothesline","Perfected Strike"],"picked":"Reaper","floor":19.0},{"not_picked":["Entrench","Heavy Blade"],"picked":"Thunderclap","floor":24.0},{"not_picked":["Cleave","Bloodletting","Rage"],"picked":"SKIP","floor":25.0},{"not_picked":["Feel No Pain+1","Burning Pact","Warcry+1"],"picked":"SKIP","floor":27.0},{"not_picked":["Warcry","Perfected Strike"],"picked":"Intimidate","floor":29.0},{"not_picked":["Reckless Charge","Bloodletting"],"picked":"Blood for Blood","floor":30.0},{"not_picked":["Barricade","Bludgeon"],"picked":"Impervious","floor":33.0},{"not_picked":["True Grit+1","Flex+1"],"picked":"Shrug It Off+1","floor":35.0},{"not_picked":["Shrug It Off+1","Clash+1","Power Through"],"picked":"SKIP","floor":36.0},{"not_picked":["Intimidate","Fire Breathing","Cleave+1"],"picked":"SKIP","floor":38.0},{"not_picked":["Feel No Pain+1","Reckless Charge+1"],"picked":"Flex+1","floor":47.0},{"not_picked":["Ghostly Armor+1","Shockwave+1"],"picked":"Pummel+1","floor":48.0}],"player_experience":312445,"relics_obtained":[],"event_choices":[{"event_name":"Big Fish","player_choice":"Donut","floor":2.0,"damage_taken":0.0},{"event_name":"Dead Adventurer","player_choice":"Searched \u00270\u0027 times","floor":8.0,"damage_taken":0.0},{"event_name":"FaceTrader","player_choice":"Leave","floor":20.0,"damage_taken":0.0},{"event_name":"Nest","player_choice":"Stole From Cult","floor":21.0,"damage_taken":0.0},{"event_name":"Mysterious Sphere","player_choice":"Ignore","floor":37.0,"damage_taken":0.0},{"event_name":"The Moai Head","player_choice":"Heal","floor":39.0,"damage_taken":0.0},{"event_name":"Winding Halls","player_choice":"Embrace Madness","floor":41.0,"damage_taken":0.0},{"event_name":"SensoryStone","player_choice":"Memory 1","floor":45.0,"damage_taken":0.0}],"is_beta":false,"boss_relics":[{"not_picked":["Mark of Pain","White Beast Statue","Pandora\u0027s Box"]},{"not_picked":["Fusion Hammer","Sozu","Calling Bell"]}],"items_purged_floors":[3,11,22,31],"is_endless":false,"potions_floor_spawned":[1,5,13,14,25,29,31,35,47],"ascension_level":0}