{"gold_per_floor":[118,131,131,147,147,147,48,48,48,48,61,91,109,129,129,234,234,251,5,25,45,45,45,64,64,88,88,88,88,88,187,187,292,292,302,302,316,65,82,82,82],"floor_reached":41,"playtime":2345,"items_purged":["Strike_G","Strike_G+1"],"score":587,"play_id":"892f65f0-ad91-4737-b7cb-406d0c815eab","local_time":"20190326213511","is_ascension_mode":true,"campfire_choices":[{"data":"Cloak And Dagger","floor":6,"key":"SMITH"},{"data":"Blade Dance","floor":8,"key":"SMITH"},{"data":"Infinite Blades","floor":10,"key":"SMITH"},{"data":"Neutralize","floor":15,"key":"SMITH"},{"floor":23,"key":"REST"},{"data":"After Image","floor":25,"key":"SMITH"},{"data":"Bouncing Flask","floor":27,"key":"SMITH"},{"floor":29,"key":"REST"},{"data":"Well Laid Plans","floor":32,"key":"SMITH"},{"data":"Blade Dance","floor":40,"key":"SMITH"}],"neow_cost":"NONE","seed_source_timestamp":170563667238959,"circlet_count":0,"master_deck":["AscendersBane","Defend_G+1","Defend_G+1","Defend_G+1","Defend_G+1","Survivor","Neutralize+1","Infinite Blades+1","Cloak And Dagger+1","Blade Dance+1","Backstab","After Image+1","Catalyst+1","Poisoned Stab+1","Prepared+1","Bouncing Flask+1","Well Laid Plans+1","Accuracy+1","Blade Dance+1"],"relics":["Ring of the Snake","Matryoshka","Strawberry","Astrolabe","Meat on the Bone","Dream Catcher","Regal Pillow","Black Star","Bronze Scales"],"potions_floor_usage":[12,16,16,16,35],"damage_taken":[{"damage":2,"enemies":"Small Slimes","floor":1,"turns":3},{"damage":1,"enemies":"Jaw Worm","floor":2,"turns":5},{"damage":4,"enemies":"Cultist","floor":4,"turns":5},{"damage":1,"enemies":"Blue Slaver","floor":11,"turns":4},{"damage":19,"enemies":"Gremlin Nob","floor":12,"turns":4},{"damage":2,"enemies":"Looter","floor":13,"turns":3},{"damage":1,"enemies":"3 Louse","floor":14,"turns":4},{"damage":62,"enemies":"The Guardian","floor":16,"turns":20},{"damage":20,"enemies":"Chosen","floor":18,"turns":7},{"damage":19,"enemies":"Spheric Guardian","floor":20,"turns":4},{"damage":25,"enemies":"Snake Plant","floor":21,"turns":6},{"damage":18,"enemies":"Centurion and Healer","floor":24,"turns":8},{"damage":34,"enemies":"Automaton","floor":33,"turns":12},{"damage":22,"enemies":"3 Shapes","floor":35,"turns":5},{"damage":23,"enemies":"Orb Walker","floor":37,"turns":6},{"damage":11,"enemies":"4 Shapes","floor":39,"turns":10},{"damage":42,"enemies":"Reptomancer","floor":41,"turns":5}],"seed_played":"8508554740965278141","potions_obtained":[{"floor":0,"key":"Regen Potion"},{"floor":0,"key":"SpeedPotion"},{"floor":0,"key":"AttackPotion"},{"floor":4,"key":"Strength Potion"},{"floor":12,"key":"Swift Potion"},{"floor":18,"key":"GamblersBrew"},{"floor":21,"key":"GamblersBrew"},{"floor":33,"key":"LiquidBronze"}],"is_trial":false,"path_per_floor":["M","M","?","M","?","R","$","R","T","R","M","E","M","M","R","B",null,"M","$","M","M","?","R","M","R","T","R","?","R","?","?","R","B",null,"M","?","M","$","M","R","E"],"character_chosen":"THE_SILENT","items_purchased":["Blade Dance","Meat on the Bone","Bronze Scales"],"campfire_rested":2,"item_purchase_floors":[7,19,38],"current_hp_per_floor":[61,60,46,42,65,65,65,65,65,65,64,52,50,49,49,2,58,38,38,31,18,18,41,35,35,35,35,21,60,60,60,60,38,71,49,49,38,38,39,39,0],"gold":82,"neow_bonus":"THREE_SMALL_POTIONS","is_prod":false,"is_daily":false,"chose_seed":false,"campfire_upgraded":8,"win_rate":0,"timestamp":1553632511,"path_taken":["M","M","?","M","?","R","?","R","T","R","M","E","M","M","R","BOSS","M","$","M","M","?","R","?","R","T","R","?","R","?","?","R","BOSS","M","?","M","$","M","R","E"],"build_version":"2019-01-23","purchased_purges":2,"victory":false,"max_hp_per_floor":[70,70,70,70,70,70,70,70,70,70,70,77,77,77,77,77,77,77,77,77,77,77,77,77,77,77,77,82,82,82,82,82,82,82,82,82,82,82,82,82,82],"card_choices":[{"not_picked":["Sucker Punch","Slice","Tactician"],"picked":"SKIP","floor":1},{"not_picked":["Sucker Punch","Flying Knee"],"picked":"Infinite Blades","floor":2},{"not_picked":["Slice","Eviscerate"],"picked":"Cloak And Dagger","floor":4},{"not_picked":["Dagger Spray","Dagger Throw","PiercingWail"],"picked":"SKIP","floor":11},{"not_picked":["Flying Knee","Crippling Poison","Calculated Gamble"],"picked":"SKIP","floor":12},{"not_picked":["Skewer","Infinite Blades","Sucker Punch"],"picked":"SKIP","floor":13},{"not_picked":["Concentrate","Dagger Throw"],"picked":"Backstab","floor":14},{"not_picked":["Die Die Die","Envenom"],"picked":"After Image","floor":16},{"not_picked":["PiercingWail","Dagger Spray"],"picked":"Bouncing Flask","floor":18},{"not_picked":["Cloak And Dagger","Setup","Eviscerate"],"picked":"SKIP","floor":20},{"not_picked":["Prepared","PiercingWail","Quick Slash+1"],"picked":"SKIP","floor":21},{"not_picked":["Skewer","Poisoned Stab","Flying Knee"],"picked":"SKIP","floor":24},{"not_picked":["Calculated Gamble","Dodge and Roll"],"picked":"Well Laid Plans","floor":29},{"not_picked":["Expertise+1","Cloak And Dagger+1","Prepared"],"picked":"SKIP","floor":35},{"not_picked":["Backflip+1","Dagger Throw"],"picked":"Accuracy+1","floor":37},{"not_picked":["Setup+1","Dagger Throw"],"picked":"Blade Dance","floor":39}],"player_experience":377791,"relics_obtained":[{"floor":9,"key":"Matryoshka"},{"floor":12,"key":"Strawberry"},{"floor":26,"key":"Dream Catcher"},{"floor":26,"key":"Regal Pillow"}],"event_choices":[{"damage_healed":0,"gold_gain":0,"player_choice":"Entered Light","damage_taken":14,"max_hp_gain":0,"max_hp_loss":0,"event_name":"Shining Light","floor":3,"gold_loss":0,"cards_upgraded":["Defend_G","Defend_G"]},{"damage_healed":23,"gold_gain":0,"player_choice":"Banana","damage_taken":0,"max_hp_gain":0,"max_hp_loss":0,"event_name":"Big Fish","floor":5,"gold_loss":0},{"damage_healed":0,"gold_gain":0,"player_choice":"Ignored","damage_taken":0,"max_hp_gain":0,"max_hp_loss":0,"event_name":"N\u0027loth","floor":22,"gold_loss":0},{"damage_healed":0,"gold_gain":0,"player_choice":"Shed Blood","damage_taken":19,"max_hp_gain":5,"max_hp_loss":0,"event_name":"Forgotten Altar","floor":28,"gold_loss":0},{"damage_healed":0,"gold_gain":0,"player_choice":"Simplicity","damage_taken":0,"max_hp_gain":0,"max_hp_loss":0,"event_name":"Back to Basics","floor":30,"gold_loss":0,"cards_upgraded":["Defend_G","Defend_G","Defend_G","Strike_G"]},{"damage_healed":0,"gold_gain":99,"player_choice":"Stole From Cult","damage_taken":0,"max_hp_gain":0,"max_hp_loss":0,"event_name":"Nest","floor":31,"gold_loss":0},{"cards_removed":["Defend_G"],"damage_healed":0,"gold_gain":0,"player_choice":"Removed Skill","damage_taken":0,"max_hp_gain":0,"max_hp_loss":0,"event_name":"Falling","floor":36,"gold_loss":0}],"is_beta":false,"boss_relics":[{"not_picked":["Fusion Hammer","Empty Cage"],"picked":"Astrolabe"},{"not_picked":["Lizard Tail","Eternal Feather"],"picked":"Black Star"}],"items_purged_floors":[7,38],"is_endless":false,"potions_floor_spawned":[4,11,12,13,18,21,33],"killed_by":"Reptomancer","ascension_level":10}