{"gold_per_floor":[118,129,96,96,96,128,128,128,208,220,248,279,291,319,331,438,450,482,513,544,556,568,580,592],"floor_reached":24,"playtime":1041,"items_purged":[],"score":319,"play_id":"7ddcbd1f-d9d4-48fc-9416-fabac6bab4b3","local_time":"20190503214254","is_ascension_mode":true,"campfire_choices":[{"data":"Creative AI","floor":7,"key":"SMITH"},{"floor":10,"key":"REST"},{"data":"Defragment","floor":13,"key":"SMITH"},{"data":"Go for the Eyes","floor":15,"key":"SMITH"},{"data":"Barrage","floor":23,"key":"SMITH"}],"neow_cost":"NONE","seed_source_timestamp":611171400036904,"circlet_count":0,"master_deck":["AscendersBane","Strike_B+1","Strike_B+1","Strike_B","Strike_B+1","Defend_B","Defend_B","Defend_B+1","Defend_B","Zap","Dualcast","BootSequence","Defragment+1","Creative AI+1","Sweeping Beam","Go for the Eyes+1","Rainbow","Barrage+1","Steam","Compile Driver"],"relics":["Cracked Core","Whetstone","MawBank","Cables","Coffee Dripper"],"potions_floor_usage":[],"damage_taken":[{"damage":1,"enemies":"Cultist","floor":1,"turns":4},{"damage":1,"enemies":"2 Louse","floor":2,"turns":2},{"damage":23,"enemies":"Lagavulin","floor":6,"turns":7},{"damage":0,"enemies":"Small Slimes","floor":11,"turns":3},{"damage":0,"enemies":"3 Louse","floor":12,"turns":2},{"damage":10,"enemies":"Gremlin Gang","floor":14,"turns":4},{"damage":36,"enemies":"Slime Boss","floor":16,"turns":8},{"damage":0,"enemies":"Chosen","floor":18,"turns":4},{"damage":2,"enemies":"3 Byrds","floor":19,"turns":4},{"damage":19,"enemies":"Snake Plant","floor":20,"turns":6},{"damage":15,"enemies":"Colosseum Slavers","floor":21,"turns":4},{"damage":24,"enemies":"Centurion and Healer","floor":24,"turns":2}],"seed_played":"4151846032758014902","potions_obtained":[{"floor":1,"key":"Energy Potion"},{"floor":18,"key":"Strength Potion"}],"is_trial":false,"path_per_floor":["M","M","$","?","?","E","R","?","T","R","M","M","R","M","R","B",null,"M","M","M","?","?","R","M"],"character_chosen":"DEFECT","items_purchased":["Defragment"],"campfire_rested":1,"item_purchase_floors":[3],"current_hp_per_floor":[74,73,73,78,61,38,38,38,38,64,64,64,64,54,54,18,70,70,68,49,34,17,17,0],"gold":592,"neow_bonus":"TEN_PERCENT_HP_BONUS","is_prod":false,"is_daily":false,"chose_seed":false,"campfire_upgraded":4,"win_rate":0,"timestamp":1556912574,"path_taken":["M","M","?","?","?","E","R","?","T","R","?","M","R","M","R","BOSS","M","M","?","?","?","R","M"],"build_version":"2019-01-23","purchased_purges":0,"victory":false,"max_hp_per_floor":[82,82,82,87,87,87,87,87,87,87,87,87,87,87,87,87,87,87,87,87,87,92,92,92],"card_choices":[{"not_picked":["Blizzard","Chaos"],"picked":"BootSequence","floor":1},{"not_picked":["Leap","Steam","Hologram"],"picked":"SKIP","floor":2},{"not_picked":["Blizzard","Redo"],"picked":"Creative AI","floor":6},{"not_picked":["Rebound","Redo","Stack"],"picked":"SKIP","floor":11},{"not_picked":["Undo","Skim"],"picked":"Sweeping Beam","floor":12},{"not_picked":["Heatsinks","Turbo"],"picked":"Go for the Eyes","floor":14},{"not_picked":["Biased Cognition","Buffer"],"picked":"Rainbow","floor":16},{"not_picked":["Leap","Beam Cell"],"picked":"Barrage","floor":18},{"not_picked":["Defragment","Hologram"],"picked":"Steam","floor":19},{"not_picked":["Stack+1","Redo"],"picked":"Compile Driver","floor":20}],"player_experience":523726,"relics_obtained":[{"floor":6,"key":"Whetstone"},{"floor":9,"key":"Cables"}],"event_choices":[{"damage_healed":0,"gold_gain":0,"player_choice":"Donut","damage_taken":0,"max_hp_gain":5,"max_hp_loss":0,"event_name":"Big Fish","floor":4,"gold_loss":0},{"damage_healed":0,"gold_gain":0,"player_choice":"Entered Light","damage_taken":17,"max_hp_gain":0,"max_hp_loss":0,"event_name":"Shining Light","floor":5,"gold_loss":0,"cards_upgraded":["Strike_B","Defend_B"]},{"damage_healed":0,"gold_gain":0,"player_choice":"Gave Potion","damage_taken":0,"relics_obtained":["MawBank"],"max_hp_gain":0,"max_hp_loss":0,"event_name":"WeMeetAgain","floor":8,"gold_loss":0},{"damage_healed":0,"gold_gain":0,"player_choice":"Fight","damage_taken":0,"max_hp_gain":0,"max_hp_loss":0,"event_name":"Colosseum","floor":21,"gold_loss":0},{"damage_healed":0,"gold_gain":0,"player_choice":"Fled From Nobs","damage_taken":0,"max_hp_gain":0,"max_hp_loss":0,"event_name":"Colosseum","floor":21,"gold_loss":0},{"damage_healed":0,"gold_gain":0,"player_choice":"Shed Blood","damage_taken":22,"max_hp_gain":5,"max_hp_loss":0,"event_name":"Forgotten Altar","floor":22,"gold_loss":0}],"is_beta":false,"boss_relics":[{"not_picked":["Tiny House","Lizard Tail"],"picked":"Coffee Dripper"}],"items_purged_floors":[],"is_endless":false,"potions_floor_spawned":[1,18,21],"killed_by":"Centurion and Healer","ascension_level":10}