{"gold_per_floor":[119,69,69,89,22,47,58,70,70,70,100,100,131,131,131,229,229,244,88,88,3,3,3,3,3,3,3,183,194,220,234,234,339,339,349,366,366,291,291,291,291,308,353,364,364,364,364,374,374,374],"floor_reached":50,"playtime":1311,"items_purged":["Defend_R"],"score":499,"play_id":"af3a5921-9767-43d1-b188-6bc981e9fc9d","local_time":"20190504171939","is_ascension_mode":false,"campfire_choices":[{"data":"Shockwave","floor":10,"key":"SMITH"},{"floor":12,"key":"REST"},{"data":"Uppercut","floor":15,"key":"SMITH"},{"data":"Limit Break","floor":23,"key":"SMITH"},{"data":"Cleave","floor":25,"key":"SMITH"},{"data":"Disarm","floor":27,"key":"SMITH"},{"data":"Thunderclap","floor":32,"key":"SMITH"},{"data":"Flame Barrier","floor":40,"key":"SMITH"},{"data":"Offering","floor":45,"key":"SMITH"},{"floor":49,"key":"RECALL"}],"neow_cost":"PERCENT_DAMAGE","seed_source_timestamp":84227100207000,"circlet_count":0,"master_deck":["Defend_R","Defend_R","Defend_R","Bash","Shrug It Off","Disarm+1","Shockwave+1","Impervious","Heavy Blade","Ghostly Armor","Uppercut+1","Metallicize+1","Limit Break+1","Cleave+1","Bite","Bite","Bite","Bite","Thunderclap+1","Uppercut+1","Offering+1","Flame Barrier+1","Corruption+1","Iron Wave+1"],"relics":["Burning Blood","Dream Catcher","Red Skull","Frozen Egg 2","Omamori","Snecko Eye","Centennial Puzzle","Magic Flower","Gremlin Horn","Pear","Charon\u0027s Ashes","Eternal Feather","Strawberry"],"potions_floor_usage":[7,11,33,50],"damage_taken":[{"damage":6,"enemies":"2 Louse","floor":1,"turns":2},{"damage":2,"enemies":"Small Slimes","floor":4,"turns":3},{"damage":48,"enemies":"Lagavulin","floor":6,"turns":10},{"damage":3,"enemies":"Cultist","floor":7,"turns":4},{"damage":18,"enemies":"Looter","floor":8,"turns":4},{"damage":5,"enemies":"Gremlin Nob","floor":11,"turns":4},{"damage":26,"enemies":"Lagavulin","floor":13,"turns":6},{"damage":20,"enemies":"Hexaghost","floor":16,"turns":13},{"damage":12,"enemies":"Chosen","floor":18,"turns":5},{"damage":10,"enemies":"Spheric Guardian","floor":29,"turns":5},{"damage":10,"enemies":"Book of Stabbing","floor":30,"turns":7},{"damage":4,"enemies":"Shelled Parasite and Fungi","floor":31,"turns":4},{"damage":80,"enemies":"Automaton","floor":33,"turns":12},{"damage":31,"enemies":"Orb Walker","floor":35,"turns":4},{"damage":12,"enemies":"3 Darklings","floor":36,"turns":4},{"damage":32,"enemies":"Transient","floor":42,"turns":5},{"damage":21,"enemies":"Sphere and 2 Shapes","floor":44,"turns":3},{"damage":27,"enemies":"Jaw Worm Horde","floor":48,"turns":3},{"damage":114,"enemies":"Time Eater","floor":50,"turns":12}],"seed_played":"2143046841545211582","potions_obtained":[{"floor":6,"key":"BloodPotion"},{"floor":7,"key":"Energy Potion"},{"floor":11,"key":"FearPotion"},{"floor":13,"key":"Weak Potion"},{"floor":30,"key":"Regen Potion"},{"floor":33,"key":"FairyPotion"}],"is_trial":false,"path_per_floor":["M","?","$","M","$","E","M","M","T","R","E","R","E","?","R","B",null,"M","$","?","?","$","R","?","R","T","R","?","M","E","M","R","B",null,"M","M","?","$","?","R","?","M","T","M","R","$","?","M","R","B"],"character_chosen":"IRONCLAD","items_purchased":["Shockwave","Centennial Puzzle"],"campfire_rested":1,"item_purchase_floors":[5,19],"current_hp_per_floor":[72,72,72,76,76,34,46,34,34,34,35,63,43,43,43,29,96,90,90,90,90,90,90,67,67,77,77,56,76,77,77,77,68,77,61,64,64,64,64,73,73,55,62,50,62,62,62,53,65,0],"gold":374,"neow_bonus":"TWENTY_PERCENT_HP_BONUS","is_prod":false,"is_daily":false,"chose_seed":false,"campfire_upgraded":8,"win_rate":0,"timestamp":1557004779,"path_taken":["M","?","$","M","$","E","M","M","T","R","E","R","E","?","R","BOSS","M","$","?","?","$","R","?","R","T","R","?","?","E","M","R","BOSS","M","M","?","$","?","R","?","M","T","?","R","$","?","M","R","BOSS"],"build_version":"2019-01-23","purchased_purges":1,"victory":false,"max_hp_per_floor":[96,96,96,96,96,96,96,96,96,96,96,96,96,96,96,96,96,96,96,96,96,96,96,67,67,77,77,77,77,77,77,77,77,77,77,77,73,73,73,73,73,73,80,80,80,80,80,80,80,80],"card_choices":[{"not_picked":["True Grit","Iron Wave"],"picked":"Shrug It Off","floor":1},{"not_picked":["Intimidate","Clash"],"picked":"Disarm","floor":4},{"not_picked":["Carnage","Shrug It Off"],"picked":"Impervious","floor":6},{"not_picked":["True Grit","Perfected Strike"],"picked":"Heavy Blade","floor":7},{"not_picked":["Dropkick","Heavy Blade"],"picked":"Ghostly Armor","floor":8},{"not_picked":["Warcry","Armaments","Wild Strike"],"picked":"SKIP","floor":11},{"not_picked":["Bludgeon","Dual Wield"],"picked":"Uppercut","floor":12},{"not_picked":["Battle Trance","Pummel"],"picked":"Metallicize+1","floor":13},{"not_picked":["Double Tap","Berserk+1"],"picked":"Limit Break","floor":16},{"not_picked":["Thunderclap","Wild Strike+1"],"picked":"Cleave","floor":18},{"not_picked":["Iron Wave","Shrug It Off","Combust+1"],"picked":"SKIP","floor":29},{"not_picked":["Havoc+1","Sentinel"],"picked":"Thunderclap","floor":30},{"not_picked":["Bloodletting+1","True Grit"],"picked":"Uppercut+1","floor":31},{"not_picked":["Impervious","Dark Embrace+1"],"picked":"Offering","floor":33},{"not_picked":["Iron Wave+1","Flex+1"],"picked":"Flame Barrier","floor":35},{"not_picked":["Havoc","Clash"],"picked":"Corruption+1","floor":36},{"not_picked":["Seeing Red+1","Heavy Blade","Clothesline+1"],"picked":"SKIP","floor":42},{"not_picked":["Cleave","Iron Wave","Wild Strike+1"],"picked":"SKIP","floor":44},{"not_picked":["Power Through+1","Clothesline+1"],"picked":"Iron Wave+1","floor":48}],"player_experience":89336,"relics_obtained":[{"floor":6,"key":"Dream Catcher"},{"floor":9,"key":"Red Skull"},{"floor":11,"key":"Frozen Egg 2"},{"floor":13,"key":"Omamori"},{"floor":26,"key":"Pear"},{"floor":30,"key":"Charon\u0027s Ashes"},{"floor":43,"key":"Strawberry"}],"event_choices":[{"cards_removed":["Strike_R"],"damage_healed":0,"gold_gain":0,"player_choice":"Card Removal","damage_taken":0,"max_hp_gain":0,"max_hp_loss":0,"event_name":"The Cleric","floor":2,"gold_loss":50},{"cards_removed":["Strike_R"],"damage_healed":0,"gold_gain":0,"player_choice":"Forget","damage_taken":0,"max_hp_gain":0,"max_hp_loss":0,"event_name":"Living Wall","floor":14,"gold_loss":0},{"damage_healed":0,"gold_gain":0,"player_choice":"Opened","damage_taken":0,"relics_obtained":["Magic Flower"],"max_hp_gain":0,"max_hp_loss":0,"event_name":"The Mausoleum","floor":20,"gold_loss":0},{"damage_healed":0,"gold_gain":0,"player_choice":"Obtained Relic","damage_taken":0,"relics_obtained":["Gremlin Horn"],"max_hp_gain":0,"max_hp_loss":0,"event_name":"Addict","floor":21,"gold_loss":85},{"damage_healed":0,"gold_gain":0,"player_choice":"Became a vampire","damage_taken":0,"max_hp_gain":0,"max_hp_loss":29,"event_name":"Vampires","floor":24,"gold_loss":0,"cards_obtained":["Bite","Bite","Bite","Bite","Bite"]},{"damage_healed":0,"gold_gain":180,"player_choice":"GOLD GOLD ","damage_taken":21,"max_hp_gain":0,"max_hp_loss":0,"event_name":"Knowing Skull","floor":28,"potions_obtained":[],"gold_loss":0,"cards_obtained":[]},{"damage_healed":0,"gold_gain":0,"player_choice":"Max HP","damage_taken":0,"max_hp_gain":0,"max_hp_loss":4,"event_name":"Winding Halls","floor":37,"gold_loss":0},{"damage_healed":0,"gold_gain":0,"player_choice":"Ignored","damage_taken":0,"max_hp_gain":0,"max_hp_loss":0,"event_name":"Tomb of Lord Red Mask","floor":39,"gold_loss":0},{"cards_removed":["Bite"],"damage_healed":0,"gold_gain":0,"player_choice":"Removed Attack","damage_taken":0,"max_hp_gain":0,"max_hp_loss":0,"event_name":"Falling","floor":41,"gold_loss":0},{"damage_healed":0,"gold_gain":0,"player_choice":"Memory 1","damage_taken":0,"max_hp_gain":0,"max_hp_loss":0,"event_name":"SensoryStone","floor":47,"gold_loss":0}],"is_beta":false,"boss_relics":[{"not_picked":["Tiny House","Lizard Tail"],"picked":"Snecko Eye"},{"not_picked":["White Beast Statue","Runic Pyramid"],"picked":"Eternal Feather"}],"items_purged_floors":[38],"is_endless":false,"potions_floor_spawned":[6,7,11,13,30,33,35,44],"killed_by":"Time Eater","ascension_level":0}