{"gold_per_floor":[117,117,42,61,73,73,73,73,73,73,86,116,16,16,16,121,121,135,10,30,30,47,47,60,60,60,75,75,88,88,98,98,197,197,216,66,66,82,94,122,122,122],"floor_reached":42,"playtime":2310,"items_purged":["Defend_G","Defend_G","Regret","Regret"],"score":478,"play_id":"61bd8a8c-fd02-4834-a530-8fb5b0d8b53e","local_time":"20180821235357","is_ascension_mode":false,"campfire_choices":[{"data":"Infinite Blades","floor":6.0,"key":"SMITH"},{"data":"Accuracy","floor":8.0,"key":"SMITH"},{"data":"Survivor","floor":10.0,"key":"SMITH"},{"data":"Infinite Blades","floor":15.0,"key":"SMITH"},{"floor":23.0,"key":"REST"},{"data":"Blade Dance","floor":28.0,"key":"SMITH"},{"floor":32.0,"key":"REST"},{"data":"Distraction","floor":41,"key":"SMITH"}],"neow_cost":"NONE","seed_source_timestamp":10563827088775,"circlet_count":0,"master_deck":["Defend_G","Defend_G+1","Defend_G","Strike_G","Strike_G","Strike_G","Strike_G","Survivor+1","Neutralize+1","Infinite Blades+1","Blade Dance+1","Accuracy+1","Infinite Blades+1","Acrobatics+1","Storm of Steel+1","Acrobatics","Distraction+1","Necronomicurse","Injury","Distraction+1","Normality","Underhanded Strike","Blade Dance+1","Calculated Gamble+1"],"special_seed":0,"relics":["Ring of the Snake","Tough Bandages","Question Card","Oddly Smooth Stone","Darkstone Periapt","Sozu","Dodecahedron","Necronomicon","Calling Bell","Bag of Marbles","Ornamental Fan","Girya","War Paint"],"potions_floor_usage":[],"damage_taken":[{"damage":1.0,"enemies":"Small Slimes","floor":1.0,"turns":4.0},{"damage":0.0,"enemies":"2 Louse","floor":4.0,"turns":3.0},{"damage":3.0,"enemies":"Jaw Worm","floor":5.0,"turns":4.0},{"damage":0.0,"enemies":"Exordium Wildlife","floor":11.0,"turns":3.0},{"damage":3.0,"enemies":"Lagavulin","floor":12.0,"turns":5.0},{"damage":22.0,"enemies":"Slime Boss","floor":16.0,"turns":9.0},{"damage":10.0,"enemies":"Shell Parasite","floor":18.0,"turns":3.0},{"damage":14.0,"enemies":"Chosen","floor":20.0,"turns":4.0},{"damage":14.0,"enemies":"Snake Plant","floor":22.0,"turns":5.0},{"damage":18.0,"enemies":"Centurion and Healer","floor":24.0,"turns":4.0},{"damage":0.0,"enemies":"Snecko","floor":27.0,"turns":5.0},{"damage":7.0,"enemies":"Chosen and Byrds","floor":29.0,"turns":3.0},{"damage":0.0,"enemies":"Cultist and Chosen","floor":31.0,"turns":4.0},{"damage":37.0,"enemies":"Automaton","floor":33.0,"turns":10.0},{"damage":14.0,"enemies":"Flame Bruiser 1 Orb","floor":35.0,"turns":4.0},{"damage":27,"enemies":"3 Shapes","floor":38,"turns":7},{"damage":17,"enemies":"Maw","floor":39,"turns":8},{"damage":2,"enemies":"Giant Head","floor":40,"turns":7},{"damage":54,"enemies":"Transient","floor":42,"turns":5}],"seed_played":"8618435439946579376","potions_obtained":[{"floor":4.0,"key":"SpeedPotion"},{"floor":16.0,"key":"LiquidBronze"}],"is_trial":false,"path_per_floor":["M","?","$","M","M","R","?","R","T","R","M","E","$","?","R","B",null,"M","$","M","?","M","R","M","?","T","M","R","M","?","M","R","B",null,"M","$","?","M","M","E","R"],"character_chosen":"THE_SILENT","items_purchased":[],"campfire_rested":2,"item_purchase_floors":[],"current_hp_per_floor":[69,69,69,69,66,66,63,63,63,63,63,60,60,66,66,44,76,66,66,52,52,38,60,42,42,42,42,42,35,25,25,49,12,100,86,86,92,65,48,46,46,0],"gold":122,"neow_bonus":"UPGRADE_CARD","is_prod":false,"is_daily":false,"chose_seed":false,"campfire_upgraded":6,"win_rate":0,"timestamp":1534866837,"path_taken":["M","?","$","M","M","R","?","R","T","R","M","E","$","?","R","BOSS","M","$","M","?","M","R","M","?","T","?","R","M","?","M","R","BOSS","M","$","?","M","?","E","R","M"],"build_version":"2018-08-16","purchased_purges":4,"victory":false,"max_hp_per_floor":[70,70,70,70,70,70,70,70,70,70,70,70,70,76,76,76,76,76,76,76,76,76,76,76,76,76,76,76,76,82,82,82,82,100,100,100,106,106,106,106,106,106],"card_choices":[{"not_picked":["Bane","Blade Dance"],"picked":"Infinite Blades","floor":1.0},{"not_picked":["PiercingWail","All Out Attack"],"picked":"Blade Dance","floor":4.0},{"not_picked":["Deadly Poison","Quick Slash"],"picked":"Accuracy","floor":5.0},{"not_picked":["Acrobatics","Venomology","Sucker Punch"],"picked":"Infinite Blades","floor":11.0},{"not_picked":["Quick Slash","PiercingWail","Grand Finale"],"picked":"Acrobatics","floor":12.0},{"not_picked":["Phantasmal Killer","Wraith Form v2","A Thousand Cuts"],"picked":"Storm of Steel","floor":16.0},{"not_picked":["Dagger Spray","Deadly Poison+1","Heel Hook","Concentrate"],"picked":"SKIP","floor":18.0},{"not_picked":["Riddle With Holes","Deadly Poison","Skewer+1"],"picked":"Acrobatics","floor":20.0},{"not_picked":["Slice","PiercingWail","Endless Agony","Caltrops"],"picked":"SKIP","floor":22.0},{"not_picked":["Skewer","Dodge and Roll","Bane","Dagger Throw"],"picked":"SKIP","floor":24.0},{"not_picked":["Deadly Poison","Flying Knee","Underhanded Strike","Noxious Fumes+1"],"picked":"SKIP","floor":27.0},{"not_picked":["Prepared","Terror","Dodge and Roll+1"],"picked":"Distraction","floor":29.0},{"not_picked":["Infinite Blades","Deflect+1","Caltrops","Night Terror"],"picked":"SKIP","floor":31.0},{"not_picked":["Riddle With Holes+1","Backflip","Blade Dance"],"picked":"Distraction+1","floor":35},{"not_picked":["Concentrate+1","Outmaneuver","Malaise"],"picked":"Underhanded Strike","floor":38},{"not_picked":["Tactician","Accuracy+1","Deflect+1"],"picked":"Blade Dance+1","floor":39},{"not_picked":["Doppelganger","Tools of the Trade","Endless Agony+1"],"picked":"Calculated Gamble+1","floor":40}],"player_experience":324643,"relics_obtained":[{"floor":9.0,"key":"Question Card"},{"floor":12.0,"key":"Oddly Smooth Stone"},{"floor":26.0,"key":"Dodecahedron"},{"floor":30.0,"key":"Necronomicon"},{"floor":34.0,"key":"Bag of Marbles"},{"floor":34.0,"key":"Ornamental Fan"},{"floor":34.0,"key":"Girya"},{"floor":40,"key":"War Paint"}],"event_choices":[{"event_name":"Living Wall","player_choice":"Forget","floor":2.0,"damage_taken":0.0},{"event_name":"Scrap Ooze","player_choice":"success","floor":7.0,"damage_taken":3.0},{"event_name":"Big Fish","player_choice":"Box","floor":14.0,"damage_taken":0.0},{"event_name":"Upgrade Shrine","player_choice":"Upgraded","floor":21.0,"damage_taken":0.0},{"event_name":"Addict","player_choice":"Ignored","floor":25.0,"damage_taken":0.0},{"event_name":"Cursed Tome","player_choice":"Obtained Book","floor":30.0,"damage_taken":0.0},{"event_name":"Transmorgrifier","player_choice":"Transform","floor":37,"damage_taken":0}],"is_beta":false,"boss_relics":[{"not_picked":["Orrery","Coffee Dripper"],"picked":"Sozu"},{"not_picked":["Black Star","Philosopher\u0027s Stone"],"picked":"Calling Bell"}],"items_purged_floors":[3,13,19,36],"is_endless":false,"potions_floor_spawned":[4,16,18,20,33,39,40],"killed_by":"Transient","ascension_level":0}