{"gold_per_floor":[114,39,39,39,55,85,85,101,124,124,124,124,13,26,26,125,125,136,136,154,154,174,174,189,205,205,215,228,228],"floor_reached":29,"playtime":1484,"items_purged":["Defend_G"],"score":297,"play_id":"c4ea5d5f-c36f-4fa6-a6ae-d96227fff345","local_time":"20181021202625","is_ascension_mode":true,"campfire_choices":[{"floor":7,"key":"REST"},{"floor":10,"key":"REST"},{"data":"Noxious Fumes","floor":15,"key":"SMITH"},{"data":"Noxious Fumes","floor":23,"key":"SMITH"}],"neow_cost":"NONE","seed_source_timestamp":80919614717293,"circlet_count":0,"master_deck":["Defend_G","Defend_G","Defend_G","Defend_G","Strike_G","Strike_G","Strike_G","Strike_G","Survivor","Neutralize+1","Deflect","Well Laid Plans","Escape Plan","Poisoned Stab","Noxious Fumes+1","Concentrate+1","After Image","Corpse Explosion+1","Noxious Fumes+1","Blade Dance+1","Blur+1"],"relics":["Ring of the Snake","Bag of Preparation","Centennial Puzzle","Strawberry","Toxic Egg 2","Busted Crown","Torii"],"potions_floor_usage":[16,25,27],"damage_taken":[{"damage":1,"enemies":"Small Slimes","floor":1,"turns":3},{"damage":0,"enemies":"2 Louse","floor":5,"turns":3},{"damage":55,"enemies":"3 Sentries","floor":6,"turns":18},{"damage":0,"enemies":"Jaw Worm","floor":8,"turns":5},{"damage":0,"enemies":"2 Fungi Beasts","floor":14,"turns":3},{"damage":5,"enemies":"Hexaghost","floor":16,"turns":9},{"damage":14,"enemies":"2 Thieves","floor":18,"turns":3},{"damage":2,"enemies":"Shell Parasite","floor":20,"turns":6},{"damage":6,"enemies":"Chosen and Byrds","floor":22,"turns":5},{"damage":4,"enemies":"Snake Plant","floor":24,"turns":4},{"damage":18,"enemies":"Shelled Parasite and Fungi","floor":25,"turns":4},{"damage":10,"enemies":"Chosen and Byrds","floor":27,"turns":5},{"damage":14,"enemies":"Snecko","floor":28,"turns":5},{"damage":20,"enemies":"Gremlin Leader","floor":29,"turns":2}],"seed_played":"-6453048673006229838","potions_obtained":[{"floor":1,"key":"Regen Potion"},{"floor":8,"key":"Strength Potion"},{"floor":14,"key":"Poison Potion"},{"floor":22,"key":"Fire Potion"},{"floor":24,"key":"FairyPotion"}],"is_trial":false,"path_per_floor":["M","$","?","?","M","E","R","M","T","R","T","?","$","M","R","B",null,"M","?","M","?","M","R","M","M","T","M","M"],"character_chosen":"THE_SILENT","items_purchased":["Noxious Fumes","Concentrate+1"],"campfire_rested":2,"item_purchase_floors":[13,13],"current_hp_per_floor":[69,69,74,67,67,12,34,34,41,65,65,65,65,65,65,60,82,68,52,50,50,44,44,40,22,22,21,7,0],"gold":228,"neow_bonus":"RANDOM_COMMON_RELIC","is_prod":false,"is_daily":false,"chose_seed":false,"campfire_upgraded":2,"win_rate":0,"timestamp":1540146385,"path_taken":["M","$","?","?","M","E","R","M","T","R","?","?","?","?","R","BOSS","M","?","M","?","M","R","M","M","T","M","M","E"],"build_version":"2018-10-18","purchased_purges":1,"victory":false,"max_hp_per_floor":[70,70,75,75,75,75,75,75,82,82,82,82,82,82,82,82,82,82,87,87,87,87,87,87,87,87,87,87,87],"card_choices":[{"not_picked":["Accuracy","Poisoned Stab"],"picked":"Deflect","floor":1},{"not_picked":["Predator","Reflex"],"picked":"Well Laid Plans","floor":5},{"not_picked":["Heel Hook","Cloak And Dagger"],"picked":"Escape Plan","floor":6},{"not_picked":["Backflip","PiercingWail"],"picked":"Poisoned Stab","floor":8},{"not_picked":["Catalyst+1","Distraction+1"],"picked":"After Image","floor":14},{"not_picked":["After Image","Phantasmal Killer+1"],"picked":"Corpse Explosion+1","floor":16},{"not_picked":["Flying Knee"],"picked":"SKIP","floor":18},{"not_picked":["Concentrate+1"],"picked":"SKIP","floor":20},{"not_picked":["Prepared+1"],"picked":"SKIP","floor":22},{"not_picked":["Flechettes"],"picked":"SKIP","floor":24},{"not_picked":["Flechettes"],"picked":"SKIP","floor":24},{"not_picked":[],"picked":"Blade Dance+1","floor":25},{"not_picked":[],"picked":"Blur+1","floor":27},{"not_picked":["Setup+1"],"picked":"SKIP","floor":28}],"player_experience":222938,"relics_obtained":[{"floor":6,"key":"Centennial Puzzle"},{"floor":9,"key":"Strawberry"},{"floor":11,"key":"Toxic Egg 2"},{"floor":26,"key":"Torii"}],"event_choices":[{"damage_healed":0,"gold_gain":0,"player_choice":"Donut","damage_taken":0,"max_hp_gain":5,"max_hp_loss":0,"event_name":"Big Fish","floor":3,"gold_loss":0},{"cards_removed":["Strike_G"],"damage_healed":0,"gold_gain":0,"player_choice":"Card Removal","damage_taken":7,"max_hp_gain":0,"max_hp_loss":0,"event_name":"Golden Wing","floor":4,"gold_loss":0},{"damage_healed":0,"gold_gain":0,"player_choice":"Forge","damage_taken":0,"max_hp_gain":0,"max_hp_loss":0,"event_name":"Accursed Blacksmith","floor":12,"gold_loss":0,"cards_upgraded":["Neutralize"]},{"damage_healed":0,"gold_gain":0,"player_choice":"Shed Blood","damage_taken":21,"max_hp_gain":5,"max_hp_loss":0,"event_name":"Forgotten Altar","floor":19,"gold_loss":0},{"damage_healed":0,"gold_gain":0,"player_choice":"Read","damage_taken":0,"max_hp_gain":0,"max_hp_loss":0,"event_name":"The Library","floor":21,"gold_loss":0,"cards_obtained":["Noxious Fumes"]}],"is_beta":false,"boss_relics":[{"not_picked":["Calling Bell","Lizard Tail"],"picked":"Busted Crown"}],"items_purged_floors":[2],"is_endless":false,"potions_floor_spawned":[1,8,14,22,24],"killed_by":"Gremlin Leader","ascension_level":4}