{"gold_per_floor":[363,373,131,131,149,149,184,201,275,289,289,289,299,326,326,403,403,420,335,384,397,397,397,13,41,41,59,59,70,81,97,97,176,176,196,223,223,223,223,257,35,35,59,59,69,82,93,93,93,93,93,93,93,39,39],"floor_reached":55,"playtime":3846,"items_purged":["Strike_B","Strike_B"],"score":1854,"play_id":"d0a813d3-b3f1-4398-88c5-9c5729e16748","local_time":"20190503220509","is_ascension_mode":true,"campfire_choices":[{"data":"Zap","floor":6,"key":"SMITH"},{"data":"Consume","floor":11,"key":"SMITH"},{"data":"Go for the Eyes","floor":15,"key":"SMITH"},{"data":"Sweeping Beam","floor":23,"key":"SMITH"},{"data":"Self Repair","floor":28,"key":"SMITH"},{"data":"Hologram","floor":32,"key":"SMITH"},{"floor":42,"key":"RECALL"},{"data":"Buffer","floor":44,"key":"SMITH"},{"data":"Coolheaded","floor":49,"key":"SMITH"},{"data":"Coolheaded","floor":53,"key":"SMITH"}],"neow_cost":"TEN_PERCENT_HP_LOSS","seed_source_timestamp":403606304303500,"circlet_count":0,"master_deck":["AscendersBane","Defend_B","Defend_B","Defend_B","Defend_B","Zap+1","Dualcast","Cold Snap+1","Ball Lightning+1","Self Repair+1","Go for the Eyes+1","Compile Driver","Leap","Consume+1","Sweeping Beam+1","Genetic Algorithm","Echo Form","Undo","Conserve Battery","Rebound","Genetic Algorithm","BootSequence+1","Creative AI","Hologram+1","Biased Cognition","Buffer+1","Coolheaded+1","Coolheaded+1","Apotheosis"],"relics":["Cracked Core","Torii","Mercury Hourglass","Regal Pillow","Philosopher\u0027s Stone","Smiling Mask","Whetstone","Potion Belt","Lantern","Ginger","Snecko Eye","Bronze Scales","Incense Burner","Runic Capacitor","Dream Catcher"],"potions_floor_usage":[25,25,40,47,55,55,55],"damage_taken":[{"damage":4,"enemies":"Small Slimes","floor":1,"turns":3},{"damage":1,"enemies":"2 Louse","floor":2,"turns":2},{"damage":4,"enemies":"Jaw Worm","floor":5,"turns":2},{"damage":14,"enemies":"Lagavulin","floor":7,"turns":7},{"damage":1,"enemies":"Looter","floor":8,"turns":4},{"damage":1,"enemies":"Red Slaver","floor":10,"turns":3},{"damage":0,"enemies":"Blue Slaver","floor":13,"turns":3},{"damage":2,"enemies":"3 Sentries","floor":14,"turns":4},{"damage":31,"enemies":"Hexaghost","floor":16,"turns":8},{"damage":23,"enemies":"Shell Parasite","floor":18,"turns":5},{"damage":19,"enemies":"Spheric Guardian","floor":21,"turns":4},{"damage":10,"enemies":"Slavers","floor":25,"turns":6},{"damage":21,"enemies":"Cultist and Chosen","floor":27,"turns":6},{"damage":15,"enemies":"Shelled Parasite and Fungi","floor":29,"turns":8},{"damage":24,"enemies":"Centurion and Healer","floor":30,"turns":8},{"damage":11,"enemies":"Snecko","floor":31,"turns":6},{"damage":16,"enemies":"Champ","floor":33,"turns":11},{"damage":10,"enemies":"3 Shapes","floor":35,"turns":5},{"damage":53,"enemies":"Nemesis","floor":40,"turns":7},{"damage":1,"enemies":"Orb Walker","floor":45,"turns":6},{"damage":0,"enemies":"Transient","floor":46,"turns":6},{"damage":0,"enemies":"Writhing Mass","floor":47,"turns":5},{"damage":10,"enemies":"Time Eater","floor":50,"turns":21},{"damage":0,"enemies":"Donu and Deca","floor":51,"turns":10},{"damage":80,"enemies":"Shield and Spear","floor":55,"turns":8}],"seed_played":"7593337430909399047","potions_obtained":[{"floor":7,"key":"GamblersBrew"},{"floor":10,"key":"FairyPotion"},{"floor":14,"key":"Explosive Potion"},{"floor":25,"key":"AttackPotion"},{"floor":30,"key":"Strength Potion"},{"floor":40,"key":"Energy Potion"},{"floor":47,"key":"Poison Potion"}],"is_trial":false,"path_per_floor":["M","M","$","?","M","R","E","M","T","M","R","?","M","E","R","B",null,"M","?","T","M","?","R","$","E","T","M","R","M","M","M","R","B",null,"M","T","?","?","T","E","$","R","T","R","M","M","M","?","R","B","B",null,"R","$","E"],"character_chosen":"DEFECT","items_purchased":["Self Repair","Go for the Eyes","Compile Driver","Potion Belt","Explosive Potion","Conserve Battery","Swift Potion","Runic Capacitor","PowerPotion"],"campfire_rested":0,"item_purchase_floors":[3,3,3,24,24,24,24,41,54],"current_hp_per_floor":[60,59,59,52,55,55,48,54,54,53,53,58,65,63,63,39,62,53,53,53,41,41,41,41,45,45,38,38,43,39,48,48,42,62,69,69,69,69,69,36,36,36,36,36,55,69,69,69,69,69,69,69,69,69,0],"gold":39,"neow_bonus":"TWO_FIFTY_GOLD","is_prod":false,"is_daily":false,"chose_seed":false,"campfire_upgraded":9,"win_rate":0,"timestamp":1556888709,"path_taken":["M","M","$","?","M","R","E","M","T","M","R","?","M","E","R","BOSS","M","?","?","M","?","R","$","E","T","M","R","M","M","M","R","BOSS","M","?","?","?","?","E","$","R","T","R","?","M","M","?","R","BOSS","BOSS","R","$","E"],"build_version":"2019-01-23","purchased_purges":2,"victory":false,"max_hp_per_floor":[64,64,64,64,64,64,64,64,64,64,64,69,69,69,69,69,69,69,69,69,69,69,69,69,69,69,69,69,69,69,69,69,69,69,69,69,69,69,69,69,69,69,69,69,69,69,69,69,69,69,69,69,69,69,69],"card_choices":[{"not_picked":["Chaos","Hologram"],"picked":"Cold Snap","floor":1},{"not_picked":["Tempest","Glacier"],"picked":"Ball Lightning","floor":2},{"not_picked":["Static Discharge","Gash"],"picked":"Leap","floor":5},{"not_picked":["Beam Cell","Compile Driver"],"picked":"Consume","floor":7},{"not_picked":["Hello World","Gash"],"picked":"Ball Lightning","floor":8},{"not_picked":["Chill","Consume"],"picked":"Sweeping Beam","floor":10},{"not_picked":["Scrape","Redo","Ball Lightning"],"picked":"SKIP","floor":13},{"not_picked":["Blizzard","Fusion"],"picked":"Genetic Algorithm","floor":14},{"not_picked":["Hyperbeam","Meteor Strike"],"picked":"Echo Form","floor":16},{"not_picked":["Beam Cell","Redo","Steam Power"],"picked":"SKIP","floor":18},{"not_picked":["Ball Lightning","Rebound"],"picked":"Undo","floor":21},{"not_picked":["Gash","Reprogram"],"picked":"Rebound","floor":25},{"not_picked":["Turbo","Hello World"],"picked":"Genetic Algorithm","floor":27},{"not_picked":["Compile Driver+1","Hello World+1"],"picked":"BootSequence+1","floor":29},{"not_picked":["Gash","Beam Cell"],"picked":"Creative AI","floor":30},{"not_picked":["Self Repair","Lockon+1"],"picked":"Hologram","floor":31},{"not_picked":["Meteor Strike","Hyperbeam"],"picked":"Biased Cognition","floor":33},{"not_picked":["Barrage","Static Discharge+1","Leap"],"picked":"SKIP","floor":35},{"not_picked":["Coolheaded","Go for the Eyes"],"picked":"Buffer","floor":40},{"not_picked":["Redo","Reprogram+1"],"picked":"Coolheaded","floor":45},{"not_picked":["Reprogram+1","Double Energy","Sweeping Beam"],"picked":"SKIP","floor":46},{"not_picked":["Cold Snap","Lockon"],"picked":"Coolheaded","floor":47},{"not_picked":["Sadistic Nature","Forethought"],"picked":"Apotheosis","floor":48}],"player_experience":1205602,"relics_obtained":[{"floor":7,"key":"Torii"},{"floor":9,"key":"Mercury Hourglass"},{"floor":14,"key":"Regal Pillow"},{"floor":20,"key":"Whetstone"},{"floor":25,"key":"Lantern"},{"floor":26,"key":"Ginger"},{"floor":36,"key":"Bronze Scales"},{"floor":40,"key":"Incense Burner"},{"floor":43,"key":"Dream Catcher"}],"event_choices":[{"cards_removed":["Strike_B"],"damage_healed":0,"gold_gain":0,"player_choice":"Card Removal","damage_taken":7,"max_hp_gain":0,"max_hp_loss":0,"event_name":"Golden Wing","floor":4,"gold_loss":0},{"damage_healed":0,"gold_gain":0,"player_choice":"Donut","damage_taken":0,"max_hp_gain":5,"max_hp_loss":0,"event_name":"Big Fish","floor":12,"gold_loss":0},{"damage_healed":0,"gold_gain":0,"player_choice":"Obtained Relic","damage_taken":0,"relics_obtained":["Smiling Mask"],"max_hp_gain":0,"max_hp_loss":0,"event_name":"Addict","floor":19,"gold_loss":85},{"cards_removed":["Strike_B"],"damage_healed":0,"gold_gain":0,"player_choice":"Card Removal","damage_taken":0,"max_hp_gain":0,"max_hp_loss":0,"event_name":"Wheel of Change","floor":22,"gold_loss":0},{"damage_healed":0,"gold_gain":0,"player_choice":"Ignored","damage_taken":0,"max_hp_gain":0,"max_hp_loss":0,"event_name":"Tomb of Lord Red Mask","floor":37,"gold_loss":0},{"cards_removed":["Ball Lightning"],"damage_healed":0,"gold_gain":0,"player_choice":"Removed Attack","damage_taken":0,"max_hp_gain":0,"max_hp_loss":0,"event_name":"Falling","floor":38,"gold_loss":0},{"damage_healed":0,"gold_gain":0,"player_choice":"Memory 1","damage_taken":0,"max_hp_gain":0,"max_hp_loss":0,"event_name":"SensoryStone","floor":48,"gold_loss":0}],"is_beta":false,"boss_relics":[{"not_picked":["Tiny House","Orrery"],"picked":"Philosopher\u0027s Stone"},{"not_picked":["White Beast Statue","Velvet Choker"],"picked":"Snecko Eye"}],"items_purged_floors":[3,24],"is_endless":false,"potions_floor_spawned":[7,10,14,25,30,33,40,47],"killed_by":"Shield and Spear","ascension_level":20}