{"gold_per_floor":[18,32,32,107,107,107,126,142,219,281,281,291,291],"floor_reached":13,"playtime":342,"items_purged":[],"score":109,"play_id":"eefa53c9-bda6-4781-b202-f474f752ebb0","local_time":"20190105085949","is_ascension_mode":true,"campfire_choices":[{"data":"Zap","floor":6,"key":"SMITH"},{"data":"Dualcast","floor":11,"key":"SMITH"}],"neow_cost":"NO_GOLD","seed_source_timestamp":29770250489447,"circlet_count":0,"master_deck":["Strike_B","Strike_B","Strike_B","Defend_B","Defend_B","Defend_B","Zap+1","Dualcast+1","Capacitor","Hologram","Ball Lightning","Leap"],"relics":["Cracked Core","Question Card","Boot"],"potions_floor_usage":[10,10,10],"damage_taken":[{"damage":1,"enemies":"Cultist","floor":1,"turns":4},{"damage":0,"enemies":"2 Louse","floor":2,"turns":2},{"damage":0,"enemies":"Small Slimes","floor":7,"turns":3},{"damage":4,"enemies":"Looter","floor":8,"turns":3},{"damage":6,"enemies":"Gremlin Nob","floor":10,"turns":3},{"damage":14,"enemies":"Exordium Thugs","floor":12,"turns":4},{"damage":35,"enemies":"Gremlin Gang","floor":13,"turns":3}],"seed_played":"-3854635025291659147","potions_obtained":[{"floor":1,"key":"SteroidPotion"},{"floor":5,"key":"Block Potion"},{"floor":5,"key":"Swift Potion"},{"floor":7,"key":"FocusPotion"}],"is_trial":false,"path_per_floor":["M","M","?","?","?","R","M","M","T","?","R","M","M"],"character_chosen":"DEFECT","items_purchased":[],"campfire_rested":0,"item_purchase_floors":[],"current_hp_per_floor":[67,67,67,56,56,56,56,52,52,46,46,32,0],"gold":291,"neow_bonus":"REMOVE_TWO","is_prod":false,"is_daily":false,"chose_seed":false,"campfire_upgraded":2,"win_rate":0,"timestamp":1546646389,"path_taken":["M","?","?","?","?","R","?","M","T","?","R","M","M"],"build_version":"2019-01-03v4","purchased_purges":0,"victory":false,"max_hp_per_floor":[75,75,75,75,75,75,75,75,75,75,75,75,75],"card_choices":[{"not_picked":["Conserve Battery","Coolheaded"],"picked":"Capacitor","floor":1},{"not_picked":["Steam","Genetic Algorithm"],"picked":"Hologram","floor":2},{"not_picked":["Self Repair","Skim"],"picked":"Ball Lightning","floor":7},{"not_picked":["Lockon","Steam Power","Turbo"],"picked":"SKIP","floor":8},{"not_picked":["Go for the Eyes","Hologram","Scrape"],"picked":"Leap","floor":12}],"player_experience":331258,"relics_obtained":[{"floor":9,"key":"Question Card"},{"floor":10,"key":"Boot"}],"event_choices":[{"damage_healed":0,"gold_gain":0,"player_choice":"Ignored","damage_taken":0,"max_hp_gain":0,"max_hp_loss":0,"event_name":"Golden Wing","floor":3,"gold_loss":0},{"damage_healed":0,"gold_gain":75,"player_choice":"Gather Gold","damage_taken":11,"max_hp_gain":0,"max_hp_loss":0,"event_name":"World of Goop","floor":4,"gold_loss":0},{"damage_healed":0,"gold_gain":0,"player_choice":"Got Potions","damage_taken":0,"max_hp_gain":0,"max_hp_loss":0,"event_name":"Lab","floor":5,"gold_loss":0},{"damage_healed":0,"gold_gain":0,"player_choice":"Searched \u00271\u0027 times","damage_taken":0,"max_hp_gain":0,"max_hp_loss":0,"event_name":"Dead Adventurer","floor":10,"gold_loss":0}],"is_beta":false,"boss_relics":[],"items_purged_floors":[],"is_endless":false,"potions_floor_spawned":[1,7,8],"killed_by":"Gremlin Gang","ascension_level":9}