{"gold_per_floor":[115,115,132,151,76,76,76,103,127,127,127,127,144,11,11,89,89,105,380,394,410,42,42,42],"floor_reached":24,"playtime":702,"items_purged":["Regret","Strike_R"],"score":388,"play_id":"37560a2a-a666-4fd7-ba37-8722af00f6be","local_time":"20190430002146","is_ascension_mode":true,"campfire_choices":[{"data":"Combust","floor":6,"key":"SMITH"},{"data":"Iron Wave","floor":10,"key":"SMITH"},{"floor":12,"key":"REST"},{"data":"Inflame","floor":15,"key":"SMITH"},{"floor":23,"key":"REST"}],"neow_cost":"TEN_PERCENT_HP_LOSS","seed_source_timestamp":0,"circlet_count":0,"master_deck":["AscendersBane","Strike_R+1","Strike_R+1","Defend_R","Defend_R","Defend_R","Bash+1","Shrug It Off","Combust+1","Iron Wave+1","Flame Barrier","Inflame+1","Headbutt","Demon Form","Clothesline","Spot Weakness","Metallicize","Seeing Red","Uppercut"],"special_seed":0,"relics":["Burning Blood","Ancient Tea Set","Omamori","Art of War","Philosopher\u0027s Stone"],"potions_floor_usage":[8,13,18,20,24],"damage_taken":[{"damage":7,"enemies":"Small Slimes","floor":1,"turns":3},{"damage":6,"enemies":"Cultist","floor":3,"turns":3},{"damage":3,"enemies":"2 Louse","floor":4,"turns":3},{"damage":38,"enemies":"3 Sentries","floor":8,"turns":6},{"damage":3,"enemies":"Looter","floor":13,"turns":2},{"damage":42,"enemies":"Hexaghost","floor":16,"turns":10},{"damage":17,"enemies":"Chosen","floor":18,"turns":5},{"damage":20,"enemies":"Shell Parasite","floor":20,"turns":5},{"damage":19,"enemies":"Snake Plant","floor":21,"turns":3},{"damage":43,"enemies":"Slavers","floor":24,"turns":6}],"seed_played":"2540478856703336319","potions_obtained":[{"floor":3,"key":"GamblersBrew"},{"floor":4,"key":"AttackPotion"},{"floor":8,"key":"Fruit Juice"},{"floor":16,"key":"PowerPotion"}],"is_trial":false,"path_per_floor":["M","?","M","M","?","R","?","E","T","R","?","R","M","$","R","B",null,"M","?","M","M","$","R","E"],"character_chosen":"IRONCLAD","items_purchased":["Headbutt","Metallicize","Seeing Red","Uppercut","Block Potion"],"campfire_rested":2,"item_purchase_floors":[14,22,22,22,22],"current_hp_per_floor":[67,67,67,68,68,68,68,36,36,36,16,36,44,44,44,8,57,46,46,32,19,19,40,0],"gold":42,"neow_bonus":"REMOVE_TWO","is_prod":false,"is_daily":false,"chose_seed":false,"campfire_upgraded":3,"win_rate":0,"timestamp":1556576506,"path_taken":["M","?","?","M","?","R","?","E","T","R","?","R","M","$","R","BOSS","M","?","M","M","?","R","E"],"build_version":"2019-01-23","purchased_purges":2,"victory":false,"max_hp_per_floor":[68,68,68,68,68,68,68,68,68,68,68,68,73,73,73,73,73,73,73,73,73,73,73,73],"card_choices":[{"not_picked":["Perfected Strike","Blood for Blood"],"picked":"Shrug It Off","floor":1},{"not_picked":["Twin Strike","Body Slam"],"picked":"Combust","floor":3},{"not_picked":["Heavy Blade","Entrench"],"picked":"Iron Wave","floor":4},{"not_picked":["Twin Strike","Heavy Blade"],"picked":"Flame Barrier","floor":8},{"not_picked":["Burning Pact","Iron Wave"],"picked":"Inflame","floor":13},{"not_picked":["Bludgeon","Offering"],"picked":"Demon Form","floor":16},{"not_picked":["Flex","Pommel Strike"],"picked":"Clothesline","floor":18},{"not_picked":["Clothesline","Heavy Blade"],"picked":"Spot Weakness","floor":20},{"not_picked":["Sword Boomerang","Havoc","Dual Wield+1"],"picked":"SKIP","floor":21}],"player_experience":617600,"relics_obtained":[{"floor":8,"key":"Omamori"},{"floor":9,"key":"Art of War"}],"event_choices":[{"damage_healed":0,"gold_gain":0,"player_choice":"Upgraded","damage_taken":0,"max_hp_gain":0,"max_hp_loss":0,"event_name":"Upgrade Shrine","floor":2,"gold_loss":0,"cards_upgraded":["Bash"]},{"cards_removed":["Strike_R"],"damage_healed":0,"gold_gain":0,"player_choice":"Card Removal","damage_taken":0,"max_hp_gain":0,"max_hp_loss":0,"event_name":"The Cleric","floor":5,"gold_loss":75},{"damage_healed":0,"gold_gain":0,"player_choice":"Box","damage_taken":0,"relics_obtained":["Ancient Tea Set"],"max_hp_gain":0,"max_hp_loss":0,"event_name":"Big Fish","floor":7,"gold_loss":0,"cards_obtained":["Regret"]},{"damage_healed":0,"gold_gain":0,"player_choice":"Entered Light","damage_taken":20,"max_hp_gain":0,"max_hp_loss":0,"event_name":"Shining Light","floor":11,"gold_loss":0,"cards_upgraded":["Strike_R","Strike_R"]},{"damage_healed":0,"gold_gain":275,"player_choice":"Desecrate","damage_taken":0,"max_hp_gain":0,"max_hp_loss":0,"event_name":"Golden Shrine","floor":19,"gold_loss":0,"cards_obtained":["Regret"]}],"is_beta":false,"boss_relics":[{"not_picked":["White Beast Statue","Lizard Tail"],"picked":"Philosopher\u0027s Stone"}],"items_purged_floors":[14,22],"is_endless":false,"potions_floor_spawned":[3,4,8,16],"killed_by":"Slavers","ascension_level":20}