{"gold_per_floor":[110,110,129,152,152,152,175,215,265,281,281,37,87,118,118,216,216,240,264,179,204,294,294,307,348,401,82,95,131,131,151,151,246,246,270,291,316,336,355,355,394,394,417,458,479,479,519,534,534,534],"floor_reached":50,"playtime":2367,"items_purged":["Perfected Strike+1"],"score":1247,"play_id":"008acce6-2a83-4e94-b826-1a5566eb5a4a","local_time":"20190512163844","is_ascension_mode":true,"campfire_choices":[{"data":"Whirlwind","floor":6,"key":"SMITH"},{"data":"Disarm","floor":11,"key":"SMITH"},{"data":"Pummel","floor":15,"key":"SMITH"},{"floor":23,"key":"REST"},{"data":"Shockwave","floor":30,"key":"SMITH"},{"data":"Inflame","floor":32,"key":"SMITH"},{"data":"True Grit","floor":40,"key":"SMITH"},{"data":"Spot Weakness","floor":42,"key":"SMITH"},{"floor":46,"key":"RECALL"},{"floor":49,"key":"REST"}],"neow_cost":"NONE","seed_source_timestamp":540396080799800,"circlet_count":0,"master_deck":["AscendersBane","Bash+1","Whirlwind+1","Anger","Pummel+1","Disarm+1","Battle Trance","Dropkick+1","Reaper+1","Impervious","Reaper+1","Fiend Fire+1","Sword Boomerang+1","Bludgeon+1","Sentinel","Rampage+1","Feed+1","Thunderclap+1","Rampage+1","Power Through","Warcry","Power Through","Shrug It Off","Immolate+1","Shockwave+1","Inflame+1","Clothesline+1","Pummel+1","Flame Barrier","Double Tap","Flame Barrier+1","True Grit+1","Pommel Strike+1","Battle Trance+1","Spot Weakness+1","Offering","Pummel+1","Thunderclap+1"],"relics":["Burning Blood","NeowsBlessing","Golden Idol","Molten Egg 2","Vajra","Happy Flower","Pandora\u0027s Box","Bronze Scales","Calipers","Anchor","Mercury Hourglass","Sozu","Dream Catcher","The Courier","Dodecahedron"],"potions_floor_usage":[8,16,19,24,33,33],"damage_taken":[{"damage":0,"enemies":"2 Louse","floor":1,"turns":1},{"damage":0,"enemies":"Small Slimes","floor":3,"turns":1},{"damage":0,"enemies":"Cultist","floor":4,"turns":1},{"damage":12,"enemies":"Lots of Slimes","floor":7,"turns":2},{"damage":8,"enemies":"Gremlin Nob","floor":8,"turns":3},{"damage":8,"enemies":"Blue Slaver","floor":10,"turns":2},{"damage":10,"enemies":"3 Sentries","floor":14,"turns":3},{"damage":61,"enemies":"Slime Boss","floor":16,"turns":8},{"damage":18,"enemies":"2 Thieves","floor":18,"turns":3},{"damage":35,"enemies":"Shell Parasite","floor":19,"turns":5},{"damage":23,"enemies":"Centurion and Healer","floor":21,"turns":5},{"damage":24,"enemies":"3 Cultists","floor":24,"turns":5},{"damage":18,"enemies":"Gremlin Leader","floor":25,"turns":5},{"damage":0,"enemies":"Snake Plant","floor":28,"turns":2},{"damage":29,"enemies":"Slavers","floor":29,"turns":3},{"damage":23,"enemies":"Cultist and Chosen","floor":31,"turns":5},{"damage":42,"enemies":"Automaton","floor":33,"turns":7},{"damage":0,"enemies":"3 Shapes","floor":35,"turns":2},{"damage":2,"enemies":"Orb Walker","floor":36,"turns":2},{"damage":51,"enemies":"Transient","floor":37,"turns":6},{"damage":31,"enemies":"4 Shapes","floor":38,"turns":6},{"damage":37,"enemies":"Sphere and 2 Shapes","floor":39,"turns":3},{"damage":55,"enemies":"Reptomancer","floor":41,"turns":5},{"damage":54,"enemies":"Giant Head","floor":44,"turns":7},{"damage":11,"enemies":"Jaw Worm Horde","floor":45,"turns":2},{"damage":53,"enemies":"Reptomancer","floor":47,"turns":5},{"damage":32,"enemies":"Writhing Mass","floor":48,"turns":7},{"damage":72,"enemies":"Donu and Deca","floor":50,"turns":4}],"seed_played":"-2777884158445173222","potions_obtained":[{"floor":1,"key":"Poison Potion"},{"floor":7,"key":"FearPotion"},{"floor":16,"key":"FearPotion"},{"floor":19,"key":"SpeedPotion"},{"floor":21,"key":"BloodPotion"},{"floor":29,"key":"Energy Potion"},{"floor":31,"key":"Strength Potion"}],"is_trial":false,"path_per_floor":["M","?","M","M","?","R","M","E","T","M","R","$","?","E","R","B",null,"M","M","?","M","?","R","M","E","T","$","M","E","R","M","R","B",null,"M","M","M","M","M","R","E","R","T","E","M","R","E","M","R","B"],"character_chosen":"IRONCLAD","items_purchased":["Reaper+1","Impervious","Shockwave","Inflame","PowerPotion","Clothesline+1"],"campfire_rested":2,"item_purchase_floors":[12,12,27,27,27,27],"current_hp_per_floor":[74,68,68,68,68,68,62,60,60,58,58,58,58,64,64,27,58,56,40,40,48,34,56,61,76,76,76,84,74,74,57,57,28,73,92,92,60,77,58,58,66,66,66,56,55,55,27,12,42,0],"gold":534,"neow_bonus":"THREE_ENEMY_KILL","is_prod":false,"is_daily":false,"chose_seed":false,"campfire_upgraded":7,"win_rate":0,"timestamp":1557646724,"path_taken":["M","?","M","M","?","R","?","E","T","M","R","?","?","E","R","BOSS","M","?","?","M","?","R","M","E","T","$","M","E","R","M","R","BOSS","M","M","M","M","M","R","E","R","T","E","M","R","E","M","R","BOSS"],"build_version":"2019-01-23","purchased_purges":1,"victory":false,"max_hp_per_floor":[75,68,68,68,68,68,68,68,68,68,68,68,68,68,68,68,68,68,72,72,76,76,76,80,80,80,80,84,88,88,88,88,88,88,92,92,92,92,92,92,92,92,92,92,96,96,100,100,100,100],"card_choices":[{"not_picked":["Combust","Armaments"],"picked":"Whirlwind","floor":1},{"not_picked":["Perfected Strike","Armaments"],"picked":"Anger","floor":3},{"not_picked":["Armaments","Rampage"],"picked":"Pummel","floor":4},{"not_picked":["Corruption","Cleave"],"picked":"Disarm","floor":7},{"not_picked":["Anger","Evolve"],"picked":"Battle Trance","floor":8},{"not_picked":["Anger+1","Headbutt+1"],"picked":"Dropkick+1","floor":10},{"not_picked":["Dual Wield","Iron Wave+1"],"picked":"Reaper+1","floor":14},{"not_picked":["Brutality","Double Tap"],"picked":"Fiend Fire+1","floor":16},{"not_picked":["Searing Blow+1","Headbutt+1"],"picked":"Warcry","floor":18},{"not_picked":["Twin Strike+1","Brutality","Havoc"],"picked":"SKIP","floor":19},{"not_picked":["Flex","Burning Pact"],"picked":"Power Through","floor":21},{"not_picked":["Flex","Fire Breathing"],"picked":"Shrug It Off","floor":24},{"not_picked":["Reaper+1","Twin Strike+1"],"picked":"Immolate+1","floor":25},{"not_picked":["Body Slam+1","Searing Blow+1"],"picked":"Pummel+1","floor":28},{"not_picked":["Flex","Searing Blow+1","Burning Pact"],"picked":"SKIP","floor":29},{"not_picked":["Headbutt+1","Dropkick+1"],"picked":"Flame Barrier","floor":31},{"not_picked":["Dark Embrace","Juggernaut"],"picked":"Double Tap","floor":33},{"not_picked":["Seeing Red+1","Perfected Strike+1"],"picked":"Flame Barrier+1","floor":35},{"not_picked":["Fire Breathing","Evolve"],"picked":"True Grit","floor":36},{"not_picked":["Perfected Strike+1","Hemokinesis+1"],"picked":"Pommel Strike+1","floor":37},{"not_picked":["Ghostly Armor+1","Warcry","Clash+1"],"picked":"SKIP","floor":38},{"not_picked":["Pommel Strike+1","Intimidate"],"picked":"Battle Trance+1","floor":39},{"not_picked":["Burning Pact","Heavy Blade+1"],"picked":"Spot Weakness","floor":41},{"not_picked":["Infernal Blade","Pommel Strike+1"],"picked":"Offering","floor":44},{"not_picked":["Searing Blow+1","Burning Pact"],"picked":"Pummel+1","floor":45},{"not_picked":["Perfected Strike+1","Body Slam+1","Wild Strike+1"],"picked":"SKIP","floor":47},{"not_picked":["Iron Wave+1","Body Slam+1","Clothesline+1"],"picked":"SKIP","floor":48},{"not_picked":["Clash+1","Body Slam+1"],"picked":"Thunderclap+1","floor":49}],"player_experience":1355727,"relics_obtained":[{"floor":8,"key":"Molten Egg 2"},{"floor":9,"key":"Vajra"},{"floor":14,"key":"Happy Flower"},{"floor":25,"key":"Calipers"},{"floor":26,"key":"Anchor"},{"floor":29,"key":"Mercury Hourglass"},{"floor":41,"key":"Dream Catcher"},{"floor":44,"key":"The Courier"},{"floor":47,"key":"Dodecahedron"}],"event_choices":[{"damage_healed":0,"gold_gain":0,"player_choice":"Lose Max HP","damage_taken":0,"relics_obtained":["Golden Idol"],"max_hp_gain":0,"max_hp_loss":7,"event_name":"Golden Idol","floor":2,"gold_loss":0},{"damage_healed":0,"gold_gain":0,"player_choice":"Upgraded","damage_taken":0,"max_hp_gain":0,"max_hp_loss":0,"event_name":"Upgrade Shrine","floor":5,"gold_loss":0,"cards_upgraded":["Bash"]},{"damage_healed":0,"gold_gain":50,"player_choice":"Pray","damage_taken":0,"max_hp_gain":0,"max_hp_loss":0,"event_name":"Golden Shrine","floor":13,"gold_loss":0},{"damage_healed":0,"gold_gain":0,"player_choice":"Obtained Relic","damage_taken":0,"relics_obtained":["Bronze Scales"],"max_hp_gain":0,"max_hp_loss":0,"event_name":"Addict","floor":20,"gold_loss":85},{"damage_healed":0,"gold_gain":90,"player_choice":"GOLD ","damage_taken":14,"max_hp_gain":0,"max_hp_loss":0,"event_name":"Knowing Skull","floor":22,"potions_obtained":[],"gold_loss":0,"cards_obtained":[]}],"is_beta":false,"boss_relics":[{"not_picked":["Astrolabe","Runic Cube"],"picked":"Pandora\u0027s Box"},{"not_picked":["Empty Cage","Busted Crown"],"picked":"Sozu"}],"items_purged_floors":[27],"is_endless":false,"potions_floor_spawned":[1,7,16,19,21,29,31,36,37,44,47,48],"killed_by":"Donu and Deca","ascension_level":20}