{"gold_per_floor":[211,229,243,260,275,275,287,313,339,350,11,11,11,29,29,105,105,123,123,140,140,140,140,140,160,160,171,171,200,200,200,200,274,274,289,302,302,10,0,0,15,43,43,43,74,91,191,206,206,206],"floor_reached":50,"playtime":2886,"items_purged":["Strike_G","Strike_G"],"score":1148,"play_id":"bc8e393a-2c71-4368-ad5a-738804af9464","local_time":"20190512130920","is_ascension_mode":true,"campfire_choices":[{"data":"Dagger Spray","floor":6,"key":"SMITH"},{"floor":12,"key":"REST"},{"floor":15,"key":"REST"},{"data":"Crippling Poison","floor":23,"key":"SMITH"},{"floor":28,"key":"REST"},{"floor":30,"key":"REST"},{"floor":32,"key":"REST"},{"floor":40,"key":"RECALL"},{"floor":44,"key":"REST"},{"floor":49,"key":"REST"}],"neow_cost":"NONE","seed_source_timestamp":527316549895299,"circlet_count":0,"master_deck":["AscendersBane","Defend_G","Defend_G","Defend_G","Defend_G","Defend_G","Survivor","Neutralize","Dagger Spray+1","Dagger Throw","Poisoned Stab","Dodge and Roll","Dagger Spray","PiercingWail","PiercingWail","Terror","Bane","Crippling Poison+1","Blur+1","Sucker Punch+1","Calculated Gamble","Heel Hook+1","Adrenaline","Backflip","Footwork","Dagger Spray+1","Crippling Poison+1","Escape Plan+1","Footwork","Deadly Poison+1","Cloak And Dagger+1"],"relics":["Ring of the Snake","Shuriken","Snake Skull","Vajra","Runic Pyramid","Question Card","Molten Egg 2","Regal Pillow","Fusion Hammer","Red Mask","Happy Flower","Smiling Mask","Peace Pipe"],"potions_floor_usage":[8,8,16,18,27,42,42,50,50],"damage_taken":[{"damage":4,"enemies":"Cultist","floor":1,"turns":6},{"damage":2,"enemies":"Jaw Worm","floor":2,"turns":4},{"damage":0,"enemies":"Small Slimes","floor":3,"turns":3},{"damage":6,"enemies":"Blue Slaver","floor":4,"turns":4},{"damage":0,"enemies":"2 Fungi Beasts","floor":5,"turns":2},{"damage":23,"enemies":"Large Slime","floor":7,"turns":6},{"damage":12,"enemies":"Gremlin Nob","floor":8,"turns":4},{"damage":7,"enemies":"Looter","floor":10,"turns":4},{"damage":0,"enemies":"3 Louse","floor":14,"turns":2},{"damage":0,"enemies":"Slime Boss","floor":16,"turns":4},{"damage":11,"enemies":"2 Thieves","floor":18,"turns":4},{"damage":0,"enemies":"3 Byrds","floor":20,"turns":5},{"damage":34,"enemies":"Sentry and Sphere","floor":25,"turns":11},{"damage":0,"enemies":"Centurion and Healer","floor":27,"turns":8},{"damage":30,"enemies":"Book of Stabbing","floor":29,"turns":7},{"damage":64,"enemies":"Automaton","floor":33,"turns":12},{"damage":12,"enemies":"3 Darklings","floor":35,"turns":3},{"damage":0,"enemies":"3 Shapes","floor":36,"turns":8},{"damage":1,"enemies":"3 Darklings","floor":41,"turns":4},{"damage":4,"enemies":"Reptomancer","floor":42,"turns":4},{"damage":52,"enemies":"Giant Head","floor":45,"turns":8},{"damage":14,"enemies":"Spire Growth","floor":46,"turns":7},{"damage":0,"enemies":"Mind Bloom Boss Battle","floor":47,"turns":3},{"damage":0,"enemies":"4 Shapes","floor":48,"turns":6},{"damage":47,"enemies":"Time Eater","floor":50,"turns":10}],"seed_played":"-1446969362448990929","potions_obtained":[{"floor":1,"key":"Dexterity Potion"},{"floor":2,"key":"PowerPotion"},{"floor":3,"key":"PowerPotion"},{"floor":10,"key":"LiquidBronze"},{"floor":14,"key":"Block Potion"},{"floor":25,"key":"SpeedPotion"},{"floor":33,"key":"PowerPotion"},{"floor":46,"key":"Block Potion"},{"floor":47,"key":"AttackPotion"}],"is_trial":false,"path_per_floor":["M","M","M","M","M","R","M","E","T","M","$","R","?","M","R","B",null,"M","?","M","?","T","R","?","M","T","M","R","E","R","?","R","B",null,"M","M","?","$","?","R","M","E","T","R","E","M","?","M","R","B"],"character_chosen":"THE_SILENT","items_purchased":["Vajra","SteroidPotion","Bane","Footwork","Dagger Spray+1","Strength Potion"],"campfire_rested":7,"item_purchase_floors":[11,11,11,38,38,38],"current_hp_per_floor":[55,53,53,47,47,47,24,12,12,5,5,24,24,24,43,43,60,49,49,49,31,31,31,45,11,11,11,32,2,38,38,71,7,55,43,43,43,43,43,43,42,38,38,67,15,1,1,1,36,0],"gold":206,"neow_bonus":"HUNDRED_GOLD","is_prod":false,"is_daily":false,"chose_seed":false,"campfire_upgraded":2,"win_rate":0,"timestamp":1557634160,"path_taken":["M","M","?","M","M","R","M","E","T","M","$","R","?","M","R","BOSS","M","?","M","?","?","R","?","M","T","?","R","E","R","?","R","BOSS","M","M","?","$","?","R","M","E","T","R","E","M","?","?","R","BOSS"],"build_version":"2019-01-23","purchased_purges":2,"victory":false,"max_hp_per_floor":[66,66,66,66,66,66,66,66,66,66,66,66,66,66,66,66,66,66,66,66,71,71,71,71,71,71,71,71,71,71,71,71,71,71,71,71,67,67,67,67,67,67,67,67,67,67,67,67,67,67],"card_choices":[{"not_picked":["Distraction","Bouncing Flask"],"picked":"Dagger Spray","floor":1},{"not_picked":["Bane","Phantasmal Killer"],"picked":"Dagger Throw","floor":2},{"not_picked":["Caltrops","Slice"],"picked":"Poisoned Stab","floor":3},{"not_picked":["Poisoned Stab","Accuracy"],"picked":"Dodge and Roll","floor":4},{"not_picked":["Slice","Dodge and Roll"],"picked":"Dagger Spray","floor":5},{"not_picked":["Blade Dance","Dodge and Roll"],"picked":"PiercingWail","floor":7},{"not_picked":["Blade Dance","Calculated Gamble"],"picked":"PiercingWail","floor":8},{"not_picked":["Slice","Prepared"],"picked":"Terror","floor":10},{"not_picked":["Poisoned Stab","Underhanded Strike","Outmaneuver"],"picked":"SKIP","floor":14},{"not_picked":["Distraction","Bane"],"picked":"Crippling Poison","floor":18},{"not_picked":["Bane","Skewer","Concentrate"],"picked":"SKIP","floor":20},{"not_picked":["Backflip","Riddle With Holes","Dagger Spray"],"picked":"Blur+1","floor":25},{"not_picked":["Blur","Quick Slash+1","Riddle With Holes+1"],"picked":"Sucker Punch+1","floor":27},{"not_picked":["Masterful Stab+1","Poisoned Stab+1","Doppelganger","Deadly Poison"],"picked":"SKIP","floor":29},{"not_picked":["Storm of Steel","Night Terror","Phantasmal Killer"],"picked":"Adrenaline","floor":33},{"not_picked":["Bane+1","Outmaneuver","Deflect","Dodge and Roll"],"picked":"SKIP","floor":35},{"not_picked":["Quick Slash+1","Distraction","Bane+1"],"picked":"Backflip","floor":36},{"not_picked":["Distraction+1","Heel Hook+1","Dagger Spray+1"],"picked":"Crippling Poison+1","floor":41},{"not_picked":["Tactician+1","Prepared","Accuracy+1"],"picked":"Escape Plan+1","floor":42},{"not_picked":["Poisoned Stab+1","Prepared","Blade Dance"],"picked":"Footwork","floor":45},{"not_picked":["Dagger Throw+1","Slice+1","Cloak And Dagger"],"picked":"Deadly Poison+1","floor":46},{"not_picked":["Die Die Die+1","Outmaneuver","Prepared"],"picked":"Cloak And Dagger+1","floor":48}],"player_experience":1346363,"relics_obtained":[{"floor":8,"key":"Shuriken"},{"floor":9,"key":"Snake Skull"},{"floor":22,"key":"Question Card"},{"floor":26,"key":"Molten Egg 2"},{"floor":29,"key":"Regal Pillow"},{"floor":42,"key":"Happy Flower"},{"floor":45,"key":"Smiling Mask"},{"floor":47,"key":"Peace Pipe"}],"event_choices":[{"cards_removed":["Strike_G"],"damage_healed":0,"gold_gain":0,"player_choice":"Offered Basic","damage_taken":0,"max_hp_gain":0,"max_hp_loss":0,"event_name":"Bonfire Elementals","floor":13,"gold_loss":0},{"damage_healed":0,"gold_gain":0,"player_choice":"Ignored","damage_taken":0,"max_hp_gain":0,"max_hp_loss":0,"event_name":"Vampires","floor":19,"gold_loss":0},{"damage_healed":0,"gold_gain":0,"player_choice":"Shed Blood","damage_taken":23,"max_hp_gain":5,"max_hp_loss":0,"event_name":"Forgotten Altar","floor":21,"gold_loss":0},{"damage_healed":14,"gold_gain":0,"player_choice":"Heal","damage_taken":0,"max_hp_gain":0,"max_hp_loss":0,"event_name":"The Library","floor":24,"gold_loss":0},{"damage_healed":0,"gold_gain":0,"cards_transformed":["Strike_G","Strike_G"],"player_choice":"Became Test Subject","damage_taken":0,"max_hp_gain":0,"max_hp_loss":0,"event_name":"Drug Dealer","floor":31,"gold_loss":0,"cards_obtained":["Calculated Gamble","Heel Hook"]},{"damage_healed":0,"gold_gain":0,"player_choice":"Max HP","damage_taken":0,"max_hp_gain":0,"max_hp_loss":4,"event_name":"Winding Halls","floor":37,"gold_loss":0},{"damage_healed":0,"gold_gain":0,"player_choice":"Paid","damage_taken":0,"relics_obtained":["Red Mask"],"max_hp_gain":0,"max_hp_loss":0,"event_name":"Tomb of Lord Red Mask","floor":39,"gold_loss":10},{"damage_healed":0,"gold_gain":0,"player_choice":"Fight","damage_taken":0,"max_hp_gain":0,"max_hp_loss":0,"event_name":"MindBloom","floor":47,"gold_loss":0}],"is_beta":false,"boss_relics":[{"not_picked":["Orrery","Snecko Eye"],"picked":"Runic Pyramid"},{"not_picked":["Runic Dome","Coffee Dripper"],"picked":"Fusion Hammer"}],"items_purged_floors":[11,38],"is_endless":false,"potions_floor_spawned":[1,2,3,4,10,14,25,33,41,46,47,48],"killed_by":"Time Eater","ascension_level":20}