{"gold_per_floor":[119,136,153,171,171,45,45,70,119,119,119,19,19,43,43,163,163,177,197,122,122,146,146,21,21],"floor_reached":25,"playtime":1458,"items_purged":["Strike_B","Injury","Strike_B"],"score":291,"play_id":"0afbc781-893a-4245-a810-53414614da85","local_time":"20190428151046","is_ascension_mode":true,"campfire_choices":[{"data":"Zap","floor":7,"key":"SMITH"},{"data":"Barrage","floor":10,"key":"SMITH"},{"data":"Biased Cognition","floor":15,"key":"SMITH"},{"floor":23,"key":"REST"}],"neow_cost":"NONE","seed_source_timestamp":155214704461554,"circlet_count":0,"master_deck":["Strike_B","Defend_B","Defend_B+1","Defend_B","Defend_B","Zap+1","Dualcast+1","Biased Cognition+1","Sweeping Beam","FTL","Barrage+1","Auto Shields","Ball Lightning","Capacitor+1","Hologram","Echo Form+1","Tempest+1"],"relics":["Cracked Core","Frozen Egg 2","War Paint","Potion Belt","Golden Idol","Letter Opener","Nuclear Battery","Singing Bowl"],"potions_floor_usage":[25],"damage_taken":[{"damage":1,"enemies":"Small Slimes","floor":1,"turns":4},{"damage":4,"enemies":"2 Louse","floor":2,"turns":2},{"damage":7,"enemies":"Jaw Worm","floor":3,"turns":2},{"damage":17,"enemies":"Exordium Wildlife","floor":4,"turns":4},{"damage":9,"enemies":"Lagavulin","floor":8,"turns":5},{"damage":0,"enemies":"Looter","floor":14,"turns":2},{"damage":24,"enemies":"Hexaghost","floor":16,"turns":9},{"damage":14,"enemies":"Spheric Guardian","floor":18,"turns":4},{"damage":0,"enemies":"Chosen","floor":19,"turns":3},{"damage":29,"enemies":"Centurion and Healer","floor":22,"turns":5},{"damage":47,"enemies":"Gremlin Leader","floor":25,"turns":5}],"seed_played":"-8192071512943133631","potions_obtained":[{"floor":3,"key":"Strength Potion"},{"floor":8,"key":"FearPotion"},{"floor":18,"key":"LiquidBronze"}],"is_trial":false,"path_per_floor":["M","M","M","M","?","$","R","E","T","R","?","$","T","M","R","B",null,"M","M","?","?","M","R","$","E"],"character_chosen":"DEFECT","items_purchased":["Ball Lightning"],"campfire_rested":1,"item_purchase_floors":[6],"current_hp_per_floor":[67,63,56,39,36,36,36,27,27,27,27,27,27,27,27,3,57,43,43,43,43,16,39,39,0],"gold":21,"neow_bonus":"ONE_RANDOM_RARE_CARD","is_prod":false,"is_daily":false,"chose_seed":false,"campfire_upgraded":3,"win_rate":0,"timestamp":1556457046,"path_taken":["M","M","M","M","?","$","R","E","T","R","?","$","?","M","R","BOSS","M","M","?","?","?","R","?","E"],"build_version":"2019-01-23","purchased_purges":3,"victory":false,"max_hp_per_floor":[75,75,75,75,75,75,75,75,75,75,75,75,75,75,75,75,75,75,75,75,75,77,77,77,77],"card_choices":[{"not_picked":["Leap","Loop"],"picked":"Sweeping Beam","floor":1},{"not_picked":["Gash","Lockon"],"picked":"FTL","floor":2},{"not_picked":["Streamline","Turbo"],"picked":"Barrage","floor":3},{"not_picked":["Darkness","Gash"],"picked":"Auto Shields","floor":4},{"not_picked":["Cold Snap","Buffer+1"],"picked":"Capacitor+1","floor":8},{"not_picked":["Force Field","Skim"],"picked":"Hologram","floor":14},{"not_picked":["Thunder Strike","Fission"],"picked":"Echo Form+1","floor":16},{"not_picked":["Streamline+1","Compile Driver+1","Hologram"],"picked":"SKIP","floor":18},{"not_picked":["Lockon","Stack"],"picked":"Tempest+1","floor":19},{"not_picked":["Ball Lightning","Streamline+1","Chaos"],"picked":"Singing Bowl","floor":22}],"player_experience":494611,"relics_obtained":[{"floor":8,"key":"War Paint"},{"floor":9,"key":"Potion Belt"},{"floor":13,"key":"Letter Opener"},{"floor":21,"key":"Singing Bowl"}],"event_choices":[{"damage_healed":0,"gold_gain":0,"player_choice":"Success","damage_taken":3,"relics_obtained":["Frozen Egg 2"],"max_hp_gain":0,"max_hp_loss":0,"event_name":"Scrap Ooze","floor":5,"gold_loss":0},{"damage_healed":0,"gold_gain":0,"player_choice":"Take Wound","damage_taken":0,"relics_obtained":["Golden Idol"],"max_hp_gain":0,"max_hp_loss":0,"event_name":"Golden Idol","floor":11,"gold_loss":0,"cards_obtained":["Injury"]},{"cards_removed":["Strike_B"],"damage_healed":0,"gold_gain":0,"player_choice":"Gave Gold","damage_taken":0,"max_hp_gain":0,"max_hp_loss":0,"event_name":"Beggar","floor":20,"gold_loss":75},{"damage_healed":0,"gold_gain":0,"player_choice":"Relic","damage_taken":0,"max_hp_gain":0,"max_hp_loss":0,"event_name":"Wheel of Change","floor":21,"gold_loss":0}],"is_beta":false,"boss_relics":[{"not_picked":["Lizard Tail","Coffee Dripper"],"picked":"Nuclear Battery"}],"items_purged_floors":[6,12,24],"is_endless":false,"potions_floor_spawned":[3,8,18],"killed_by":"Gremlin Leader","ascension_level":9}