{"gold_per_floor":[360,360,374,15,39,39,82,82,128,128,128,128,164,177,177,273,273,292,305,580,460,474,489,489,143,143,182,182,206,224,262,262,358,358,382,382,276,1275,11,11,11,49,49,49,68,68,0,0,0,0,0,0,0,0,40,40],"floor_reached":57,"playtime":3570,"items_purged":["Regret","Strike_R","Strike_R","Normality"],"score":3248,"play_id":"3df3ae92-831c-4bae-bd8f-1ce7f0c9b63a","local_time":"20190419150703","is_ascension_mode":true,"campfire_choices":[{"data":"Uppercut","floor":6,"key":"SMITH"},{"data":"Bash","floor":8,"key":"SMITH"},{"data":"True Grit","floor":10,"key":"SMITH"},{"data":"Spot Weakness","floor":15,"key":"SMITH"},{"data":"Feel No Pain","floor":24,"key":"SMITH"},{"floor":28,"key":"REST"},{"data":"Disarm","floor":32,"key":"SMITH"},{"data":"Limit Break","floor":40,"key":"SMITH"},{"floor":41,"key":"RECALL"},{"data":"Offering","floor":44,"key":"SMITH"},{"floor":49,"key":"REST"},{"data":"Battle Trance","floor":53,"key":"SMITH"}],"neow_cost":"TEN_PERCENT_HP_LOSS","seed_source_timestamp":21604495730767,"circlet_count":0,"master_deck":["AscendersBane","Defend_R","Defend_R","Defend_R+1","Defend_R","Bash+1","Warcry","Sword Boomerang+1","Feel No Pain+1","Pommel Strike","Uppercut+1","True Grit+1","Battle Trance+1","Spot Weakness+1","Exhume","Clothesline","Shrug It Off+1","Shrug It Off","Offering+1","Bludgeon","Heavy Blade+1","Disarm+1","Limit Break+1","Infernal Blade+1","Combust+1","Pummel+1","Shrug It Off","Normality","Corruption","Shrug It Off","Body Slam","Battle Trance"],"relics":["Burning Blood","Golden Idol","Membership Card","Happy Flower","Centennial Puzzle","Oddly Smooth Stone","Meat on the Bone","Snecko Eye","Bronze Scales","Potion Belt","Kunai","Dead Branch","The Courier","Astrolabe","Charon\u0027s Ashes","Cauldron","Sundial","Regal Pillow","Bag of Preparation","Anchor","Shuriken","PreservedInsect","Dream Catcher","Bag of Marbles","StoneCalendar","WingedGreaves","Ancient Tea Set","Blood Vial","Vajra","Red Mask","War Paint"],"potions_floor_usage":[7,27,33,33,33,33,39,39,56,56],"damage_taken":[{"damage":13,"enemies":"Jaw Worm","floor":1,"turns":6},{"damage":4,"enemies":"2 Louse","floor":3,"turns":4},{"damage":1,"enemies":"Cultist","floor":5,"turns":3},{"damage":32,"enemies":"Lagavulin","floor":7,"turns":8},{"damage":16,"enemies":"3 Sentries","floor":13,"turns":8},{"damage":12,"enemies":"Lots of Slimes","floor":14,"turns":6},{"damage":8,"enemies":"The Guardian","floor":16,"turns":9},{"damage":26,"enemies":"2 Thieves","floor":18,"turns":4},{"damage":2,"enemies":"Spheric Guardian","floor":19,"turns":3},{"damage":43,"enemies":"Chosen and Byrds","floor":22,"turns":6},{"damage":1,"enemies":"Snecko","floor":23,"turns":3},{"damage":31,"enemies":"Book of Stabbing","floor":27,"turns":5},{"damage":20,"enemies":"Shelled Parasite and Fungi","floor":29,"turns":5},{"damage":19,"enemies":"Snake Plant","floor":30,"turns":4},{"damage":6,"enemies":"Slavers","floor":31,"turns":5},{"damage":35,"enemies":"Champ","floor":33,"turns":16},{"damage":0,"enemies":"3 Shapes","floor":35,"turns":5},{"damage":32,"enemies":"Nemesis","floor":42,"turns":5},{"damage":0,"enemies":"Orb Walker","floor":45,"turns":2},{"damage":6,"enemies":"Awakened One","floor":50,"turns":7},{"damage":6,"enemies":"Donu and Deca","floor":51,"turns":5},{"damage":7,"enemies":"Shield and Spear","floor":55,"turns":2},{"damage":0,"enemies":"The Heart","floor":56,"turns":5}],"seed_played":"-8409730554624568965","potions_obtained":[{"floor":1,"key":"AttackPotion"},{"floor":5,"key":"Swift Potion"},{"floor":18,"key":"Energy Potion"},{"floor":27,"key":"Dexterity Potion"},{"floor":39,"key":"Fruit Juice"},{"floor":39,"key":"Fruit Juice"},{"floor":39,"key":"SteroidPotion"},{"floor":39,"key":"PowerPotion"}],"is_trial":false,"path_per_floor":["M","?","M","$","M","R","E","R","T","R","?","?","E","M","R","B",null,"M","M","?","$","M","M","R","$","T","E","R","M","M","E","R","B",null,"M","?","$","?","$","R","R","E","T","R","M","?","?","?","R","B","B",null,"R","$","E","B",null],"character_chosen":"IRONCLAD","items_purchased":["Membership Card","Feel No Pain","Happy Flower","Pommel Strike","Bronze Scales","Potion Belt","PowerPotion","Shrug It Off","Offering","Bludgeon","EssenceOfSteel","PowerPotion","SteroidPotion","Corruption","Charon\u0027s Ashes","Cauldron","Shrug It Off","Sundial","Regal Pillow","Bag of Preparation","Anchor","Shuriken","PreservedInsect","Dream Catcher","Bag of Marbles","StoneCalendar","WingedGreaves","Ancient Tea Set","Blood Vial"],"campfire_rested":2,"item_purchase_floors":[4,4,4,4,21,25,25,25,25,25,25,37,37,39,39,39,39,39,39,39,39,39,39,39,39,39,39,39,39],"current_hp_per_floor":[61,61,62,62,62,62,36,36,36,36,36,36,26,32,32,42,57,49,53,53,53,28,45,45,45,45,32,50,48,47,47,47,30,54,60,59,59,59,69,69,69,43,43,43,51,51,51,41,69,69,69,69,69,69,68,69],"gold":40,"neow_bonus":"TWO_FIFTY_GOLD","is_prod":false,"is_daily":false,"chose_seed":false,"campfire_upgraded":9,"win_rate":0,"timestamp":1555654023,"path_taken":["M","?","M","$","M","R","E","R","T","R","?","?","E","?","R","BOSS","M","?","?","$","?","M","R","$","T","E","R","M","M","E","R","BOSS","M","?","$","?","$","R","R","E","T","R","M","?","?","?","R","BOSS","BOSS","R","$","E","BOSS"],"build_version":"2019-01-23","purchased_purges":4,"victory":true,"max_hp_per_floor":[68,62,62,62,62,62,62,62,62,62,62,62,62,62,62,62,62,62,62,62,62,62,62,62,62,62,62,62,62,62,62,62,62,62,62,59,59,59,69,69,69,69,69,69,69,69,69,69,69,69,69,69,69,69,69,69],"card_choices":[{"not_picked":["Havoc","Armaments"],"picked":"Warcry","floor":1},{"not_picked":["Dropkick","Cleave"],"picked":"Sword Boomerang","floor":3},{"not_picked":["Anger","Thunderclap"],"picked":"Uppercut","floor":5},{"not_picked":["Body Slam","Iron Wave"],"picked":"True Grit","floor":7},{"not_picked":["Uppercut","Pommel Strike"],"picked":"Battle Trance","floor":13},{"not_picked":["Pummel","Rampage"],"picked":"Spot Weakness","floor":14},{"not_picked":["Dark Embrace","Berserk"],"picked":"Exhume","floor":16},{"not_picked":["Hemokinesis","Wild Strike","Clash+1"],"picked":"SKIP","floor":18},{"not_picked":["Thunderclap","Cleave","Warcry"],"picked":"SKIP","floor":19},{"not_picked":["Iron Wave","Rage+1"],"picked":"Clothesline","floor":22},{"not_picked":["Exhume","Iron Wave"],"picked":"Shrug It Off","floor":23},{"not_picked":["Warcry","Exhume","Perfected Strike"],"picked":"SKIP","floor":27},{"not_picked":["Wild Strike","Perfected Strike"],"picked":"Heavy Blade+1","floor":29},{"not_picked":["Havoc","Entrench"],"picked":"Disarm","floor":30},{"not_picked":["Sword Boomerang+1","True Grit"],"picked":"Dual Wield","floor":31},{"not_picked":["Brutality","Double Tap"],"picked":"Limit Break","floor":33},{"not_picked":["Infernal Blade","Evolve+1"],"picked":"Shrug It Off","floor":35},{"not_picked":["Rage","Heavy Blade"],"picked":"Body Slam","floor":42},{"not_picked":["Pommel Strike","Iron Wave"],"picked":"Battle Trance","floor":45},{"not_picked":["Seeing Red","Power Through","Intimidate+1"],"picked":"SKIP","floor":55}],"player_experience":986884,"relics_obtained":[{"floor":7,"key":"Centennial Puzzle"},{"floor":9,"key":"Oddly Smooth Stone"},{"floor":13,"key":"Meat on the Bone"},{"floor":26,"key":"Kunai"},{"floor":27,"key":"Dead Branch"},{"floor":31,"key":"The Courier"},{"floor":42,"key":"Vajra"},{"floor":55,"key":"War Paint"}],"event_choices":[{"damage_healed":0,"gold_gain":0,"player_choice":"Lose Max HP","damage_taken":0,"relics_obtained":["Golden Idol"],"max_hp_gain":0,"max_hp_loss":6,"event_name":"Golden Idol","floor":2,"gold_loss":0},{"damage_healed":0,"gold_gain":0,"player_choice":"Searched \u00270\u0027 times","damage_taken":0,"max_hp_gain":0,"max_hp_loss":0,"event_name":"Dead Adventurer","floor":11,"gold_loss":0},{"damage_healed":0,"gold_gain":0,"player_choice":"Upgraded","damage_taken":0,"max_hp_gain":0,"max_hp_loss":0,"event_name":"Upgrade Shrine","floor":12,"gold_loss":0,"cards_upgraded":["Sword Boomerang"]},{"damage_healed":0,"gold_gain":275,"player_choice":"Desecrate","damage_taken":0,"max_hp_gain":0,"max_hp_loss":0,"event_name":"Golden Shrine","floor":20,"gold_loss":0,"cards_obtained":["Regret"]},{"damage_healed":0,"gold_gain":0,"player_choice":"Max HP","damage_taken":0,"max_hp_gain":0,"max_hp_loss":3,"event_name":"Winding Halls","floor":36,"gold_loss":0},{"damage_healed":0,"gold_gain":999,"player_choice":"Gold","damage_taken":0,"max_hp_gain":0,"max_hp_loss":0,"event_name":"MindBloom","floor":38,"gold_loss":0,"cards_obtained":["Normality","Normality"]},{"cards_removed":["Dual Wield"],"damage_healed":0,"gold_gain":0,"player_choice":"Removed Skill","damage_taken":0,"max_hp_gain":0,"max_hp_loss":0,"event_name":"Falling","floor":46,"gold_loss":0},{"damage_healed":0,"gold_gain":0,"player_choice":"Paid","damage_taken":0,"relics_obtained":["Red Mask"],"max_hp_gain":0,"max_hp_loss":0,"event_name":"Tomb of Lord Red Mask","floor":47,"gold_loss":68},{"damage_healed":0,"gold_gain":0,"player_choice":"Memory 3","damage_taken":10,"max_hp_gain":0,"max_hp_loss":0,"event_name":"SensoryStone","floor":48,"gold_loss":0}],"is_beta":false,"boss_relics":[{"not_picked":["Runic Dome","Runic Pyramid"],"picked":"Snecko Eye"},{"not_picked":["Eternal Feather","Calling Bell"],"picked":"Astrolabe"}],"items_purged_floors":[21,25,37,39],"is_endless":false,"potions_floor_spawned":[1,5,18,27,29,30],"ascension_level":20}