{"gold_per_floor":[115,265,280,47,65,65,77,107,130,130,130,164,164,189,189,287,287,287,130,130,30,30,30,30],"floor_reached":24,"playtime":851,"items_purged":["Doubt","Strike_R"],"score":408,"play_id":"7a22b163-10be-410f-aac1-6cad35680033","local_time":"20190423202010","is_ascension_mode":true,"campfire_choices":[{"data":"Disarm","floor":6.0,"key":"SMITH"},{"data":"Armaments","floor":11.0,"key":"SMITH"},{"floor":15,"key":"REST"},{"floor":23,"key":"REST"}],"neow_cost":"PERCENT_DAMAGE","seed_source_timestamp":251434470532400,"circlet_count":0,"master_deck":["AscendersBane","Strike_R","Strike_R","Strike_R","Defend_R","Defend_R","Defend_R","Defend_R","Bash","Armaments+1","Disarm+1","Inflame","Shrug It Off","Headbutt","Flame Barrier","Cleave","Headbutt","Exhume","Spot Weakness","Shrug It Off","True Grit+1"],"special_seed":0,"relics":["Burning Blood","Vajra","Omamori","Golden Idol","Bag of Preparation","Bag of Marbles","Ectoplasm"],"potions_floor_usage":[12,21,22],"damage_taken":[{"damage":17.0,"enemies":"Small Slimes","floor":1.0,"turns":6.0},{"damage":4.0,"enemies":"Jaw Worm","floor":3.0,"turns":5.0},{"damage":1.0,"enemies":"2 Louse","floor":5.0,"turns":3.0},{"damage":9.0,"enemies":"Looter","floor":7.0,"turns":4.0},{"damage":21.0,"enemies":"Lagavulin","floor":8.0,"turns":7.0},{"damage":15,"enemies":"3 Sentries","floor":12,"turns":7},{"damage":12,"enemies":"The Guardian","floor":16,"turns":12},{"damage":22,"enemies":"Spheric Guardian","floor":18,"turns":5},{"damage":21,"enemies":"2 Thieves","floor":21,"turns":5},{"damage":39,"enemies":"Sentry and Sphere","floor":22,"turns":8},{"damage":38,"enemies":"Cultist and Chosen","floor":24,"turns":5}],"seed_played":"5853618914224488499","potions_obtained":[{"floor":1.0,"key":"Fire Potion"},{"floor":3.0,"key":"Explosive Potion"},{"floor":5.0,"key":"PowerPotion"},{"floor":20,"key":"EssenceOfSteel"},{"floor":20,"key":"SneckoOil"},{"floor":22,"key":"Energy Potion"}],"is_trial":false,"path_per_floor":["M","?","M","$","M","R","M","E","T","?","R","E","?","T","R","B",null,"M","$","?","M","M","R","M"],"character_chosen":"IRONCLAD","items_purchased":["Inflame","Shrug It Off","Headbutt","Shrug It Off"],"campfire_rested":2,"item_purchase_floors":[4,4,4,19],"current_hp_per_floor":[53,53,55,55,60,60,57,42,42,42,42,33,26,26,50,44,72,56,56,56,41,8,32,0],"gold":30,"neow_bonus":"TWENTY_PERCENT_HP_BONUS","is_prod":false,"is_daily":false,"chose_seed":false,"campfire_upgraded":2,"win_rate":0,"timestamp":1556043610,"path_taken":["M","?","M","$","M","R","M","E","T","?","R","E","?","?","R","BOSS","M","$","?","M","?","R","M"],"build_version":"2019-01-23","purchased_purges":2,"victory":false,"max_hp_per_floor":[89,89,89,89,89,89,89,89,89,81,81,81,81,81,81,81,81,81,81,81,81,81,81,81],"card_choices":[{"not_picked":["Burning Pact","Pummel"],"picked":"Armaments","floor":1.0},{"not_picked":["Hemokinesis","Blood for Blood"],"picked":"Disarm","floor":3.0},{"not_picked":["Feel No Pain","Pommel Strike"],"picked":"Flame Barrier","floor":5.0},{"not_picked":["Hemokinesis","Combust"],"picked":"Cleave","floor":7.0},{"not_picked":["Fire Breathing","Clash","Whirlwind"],"picked":"SKIP","floor":8.0},{"not_picked":["Cleave","Body Slam"],"picked":"Headbutt","floor":12},{"not_picked":["Bludgeon","Dark Embrace"],"picked":"Exhume","floor":16},{"not_picked":["Warcry","Whirlwind"],"picked":"Spot Weakness","floor":18},{"not_picked":["Wild Strike+1","Rage","Searing Blow"],"picked":"SKIP","floor":21},{"not_picked":["Twin Strike","Anger"],"picked":"True Grit+1","floor":22}],"player_experience":592681,"relics_obtained":[{"floor":8.0,"key":"Vajra"},{"floor":9.0,"key":"Omamori"},{"floor":12,"key":"Bag of Preparation"},{"floor":14,"key":"Bag of Marbles"}],"event_choices":[{"damage_healed":0.0,"max_hp_gain":0.0,"max_hp_loss":0.0,"gold_gain":150.0,"event_name":"Liars Game","player_choice":"AGREE","floor":2.0,"gold_loss":0.0,"damage_taken":0.0,"cards_obtained":["Doubt"]},{"damage_healed":0.0,"max_hp_gain":0.0,"max_hp_loss":8.0,"gold_gain":0.0,"event_name":"Golden Idol","player_choice":"Lose Max HP","floor":10.0,"gold_loss":0.0,"damage_taken":0.0,"relics_obtained":["Golden Idol"]},{"cards_removed":["Strike_R"],"damage_healed":0,"gold_gain":0,"player_choice":"Card Removal","damage_taken":7,"max_hp_gain":0,"max_hp_loss":0,"event_name":"Golden Wing","floor":13,"gold_loss":0},{"damage_healed":0,"gold_gain":0,"player_choice":"Got Potions","damage_taken":0,"max_hp_gain":0,"max_hp_loss":0,"event_name":"Lab","floor":20,"gold_loss":0}],"is_beta":false,"boss_relics":[{"not_picked":["Orrery","Pandora\u0027s Box"],"picked":"Ectoplasm"}],"items_purged_floors":[4,19],"is_endless":false,"potions_floor_spawned":[1,3,5,22],"killed_by":"Cultist and Chosen","ascension_level":20}