{"gold_per_floor":[113,143,34,54,73,15,15,30,77,39,65,65,65,65,65,65],"floor_reached":16,"playtime":495,"items_purged":["Regret"],"score":172,"play_id":"63d032bf-d860-44d8-a2a0-4e86683c3c13","local_time":"20190311172528","is_ascension_mode":true,"campfire_choices":[{"data":"True Grit","floor":7,"key":"SMITH"},{"data":"Immolate","floor":12,"key":"SMITH"},{"floor":15,"key":"REST"}],"neow_cost":"NONE","seed_source_timestamp":390938624009432,"circlet_count":0,"master_deck":["AscendersBane","Strike_R","Strike_R","Strike_R","Strike_R","Strike_R","Defend_R","Defend_R","Defend_R","Defend_R","Bash+1","Shrug It Off","Inflame","Iron Wave","True Grit+1","Immolate+1","Feel No Pain"],"relics":["Burning Blood","Tiny Chest","Juzu Bracelet","Ginger","Golden Idol"],"potions_floor_usage":[8,11,16],"damage_taken":[{"damage":4,"enemies":"Small Slimes","floor":1,"turns":4},{"damage":9,"enemies":"2 Louse","floor":4,"turns":3},{"damage":6,"enemies":"Jaw Worm","floor":5,"turns":5},{"damage":20,"enemies":"Large Slime","floor":8,"turns":8},{"damage":41,"enemies":"Lagavulin","floor":11,"turns":8},{"damage":70,"enemies":"Slime Boss","floor":16,"turns":8}],"seed_played":"-299490592525829649","potions_obtained":[{"floor":4,"key":"Ancient Potion"},{"floor":5,"key":"FearPotion"},{"floor":8,"key":"Weak Potion"},{"floor":11,"key":"Regen Potion"}],"is_trial":false,"path_per_floor":["M","?","$","M","M","?","R","M","T","$","E","R","?","?","R","B"],"character_chosen":"IRONCLAD","items_purchased":["Inflame","Feel No Pain"],"campfire_rested":1,"item_purchase_floors":[3,10],"current_hp_per_floor":[77,77,77,74,74,74,74,60,60,60,25,25,25,25,47,0],"gold":65,"neow_bonus":"TEN_PERCENT_HP_BONUS","is_prod":false,"is_daily":false,"chose_seed":false,"campfire_upgraded":2,"win_rate":0,"timestamp":1552292728,"path_taken":["M","?","$","M","M","?","R","M","T","?","E","R","?","?","R","BOSS"],"build_version":"2019-01-23","purchased_purges":1,"victory":false,"max_hp_per_floor":[82,82,82,82,82,82,82,82,82,82,82,82,82,74,74,74],"card_choices":[{"not_picked":["Entrench","Clothesline"],"picked":"Shrug It Off","floor":1},{"not_picked":["Perfected Strike","True Grit"],"picked":"Iron Wave","floor":4},{"not_picked":["Thunderclap","Shrug It Off"],"picked":"True Grit","floor":5},{"not_picked":["Warcry","Evolve"],"picked":"Immolate","floor":8},{"not_picked":["Power Through","Heavy Blade","Iron Wave"],"picked":"SKIP","floor":11}],"player_experience":676294,"relics_obtained":[{"floor":9,"key":"Juzu Bracelet"},{"floor":11,"key":"Ginger"}],"event_choices":[{"damage_healed":0,"gold_gain":0,"player_choice":"Box","damage_taken":0,"relics_obtained":["Tiny Chest"],"max_hp_gain":0,"max_hp_loss":0,"event_name":"Big Fish","floor":2,"gold_loss":0,"cards_obtained":["Regret"]},{"damage_healed":0,"gold_gain":0,"player_choice":"Left Gold","damage_taken":0,"max_hp_gain":0,"max_hp_loss":0,"event_name":"World of Goop","floor":6,"gold_loss":58},{"damage_healed":0,"gold_gain":0,"player_choice":"Upgraded","damage_taken":0,"max_hp_gain":0,"max_hp_loss":0,"event_name":"Upgrade Shrine","floor":13,"gold_loss":0,"cards_upgraded":["Bash"]},{"damage_healed":0,"gold_gain":0,"player_choice":"Lose Max HP","damage_taken":0,"relics_obtained":["Golden Idol"],"max_hp_gain":0,"max_hp_loss":8,"event_name":"Golden Idol","floor":14,"gold_loss":0}],"is_beta":false,"boss_relics":[],"items_purged_floors":[3],"is_endless":false,"potions_floor_spawned":[4,5,8,11],"killed_by":"Slime Boss","ascension_level":15}