{"gold_per_floor":[218,293,308,583,107,107,142,142,142,160,178,210,210,238,238,335,335,354,354,314,77,93,122,122,149,149,175,175,194,224,235,235,333,333,352,362,462,513,568,597,597,231,231,261,275,305,131,147,147,147,147,147,76,103,103],"floor_reached":56,"playtime":3235,"items_purged":["Regret","Normality","Pain"],"score":1458,"play_id":"b76b0d8c-ae04-43f2-b220-281bccd74538","local_time":"20190415195524","is_ascension_mode":true,"campfire_choices":[{"data":"Noxious Fumes","floor":6,"key":"SMITH"},{"data":"Sadistic Nature","floor":8,"key":"SMITH"},{"data":"Bouncing Flask","floor":15,"key":"SMITH"},{"data":"Noxious Fumes","floor":32,"key":"SMITH"},{"floor":41,"key":"REST"},{"floor":49,"key":"RECALL"},{"data":"Footwork","floor":52,"key":"SMITH"}],"neow_cost":"NONE","seed_source_timestamp":780798352421628,"circlet_count":0,"master_deck":["Defend_G+1","Defend_G+1","Defend_G+1","Defend_G+1","Defend_G+1","Strike_G+1","Strike_G+1","Strike_G+1","Strike_G+1","Strike_G+1","Survivor","Neutralize","Noxious Fumes+1","Bouncing Flask+1","Well Laid Plans","Sadistic Nature+1","Acrobatics+1","Sucker Punch","Distraction+1","Malaise","Expertise+1","Noxious Fumes+1","PiercingWail","Deflect+1","Leg Sweep","Backflip+1","Writhe","Caltrops","Night Terror","Dagger Throw","Envenom","Decay","Bullet Time","Footwork+1","Well Laid Plans+1","Footwork","Escape Plan","Noxious Fumes","Finesse","Footwork"],"relics":["Ring of the Snake","Oddly Smooth Stone","Bird Faced Urn","Ancient Tea Set","Bag of Preparation","Smiling Mask","Cursed Key","Happy Flower","Snake Skull","Regal Pillow","Orichalcum","Blood Vial","PreservedInsect","Bag of Marbles","Sozu","Tough Bandages","Girya","Art of War","War Paint","Letter Opener","Sundial","Boot","Vajra"],"potions_floor_usage":[23,23,40,40,55],"damage_taken":[{"damage":0,"enemies":"2 Louse","floor":1,"turns":3},{"damage":0,"enemies":"Small Slimes","floor":3,"turns":4},{"damage":6,"enemies":"3 Sentries","floor":7,"turns":5},{"damage":0,"enemies":"Cultist","floor":10,"turns":4},{"damage":0,"enemies":"2 Fungi Beasts","floor":11,"turns":5},{"damage":25,"enemies":"Gremlin Nob","floor":12,"turns":4},{"damage":1,"enemies":"Lagavulin","floor":14,"turns":6},{"damage":12,"enemies":"Hexaghost","floor":16,"turns":7},{"damage":0,"enemies":"Shell Parasite","floor":18,"turns":5},{"damage":0,"enemies":"Chosen","floor":22,"turns":4},{"damage":0,"enemies":"Slavers","floor":23,"turns":5},{"damage":10,"enemies":"Gremlin Leader","floor":25,"turns":7},{"damage":7,"enemies":"Book of Stabbing","floor":27,"turns":5},{"damage":7,"enemies":"Centurion and Healer","floor":29,"turns":6},{"damage":0,"enemies":"Slavers","floor":30,"turns":4},{"damage":5,"enemies":"Snake Plant","floor":31,"turns":4},{"damage":10,"enemies":"Automaton","floor":33,"turns":8},{"damage":0,"enemies":"3 Shapes","floor":35,"turns":4},{"damage":3,"enemies":"Orb Walker","floor":36,"turns":4},{"damage":0,"enemies":"Mind Bloom Boss Battle","floor":37,"turns":5},{"damage":20,"enemies":"2 Orb Walkers","floor":38,"turns":5},{"damage":35,"enemies":"Reptomancer","floor":40,"turns":5},{"damage":12,"enemies":"Nemesis","floor":44,"turns":5},{"damage":3,"enemies":"Jaw Worm Horde","floor":45,"turns":3},{"damage":7,"enemies":"Reptomancer","floor":46,"turns":5},{"damage":0,"enemies":"3 Darklings","floor":48,"turns":5},{"damage":46,"enemies":"Donu and Deca","floor":50,"turns":8},{"damage":23,"enemies":"Shield and Spear","floor":54,"turns":5},{"damage":70,"enemies":"The Heart","floor":55,"turns":11}],"seed_played":"-2744945857792069927","potions_obtained":[{"floor":7,"key":"SpeedPotion"},{"floor":10,"key":"FearPotion"},{"floor":11,"key":"LiquidBronze"},{"floor":22,"key":"Explosive Potion"},{"floor":25,"key":"SkillPotion"},{"floor":27,"key":"FearPotion"},{"floor":31,"key":"Explosive Potion"}],"is_trial":false,"path_per_floor":["M","?","M","?","$","R","E","R","T","M","M","E","?","E","R","B",null,"M","?","?","$","M","E","$","E","T","E","?","M","E","M","R","B",null,"M","M","?","?","T","E","R","$","T","E","M","E","$","M","R","B",null,"R","$","E","B",null],"character_chosen":"THE_SILENT","items_purchased":["Well Laid Plans","Oddly Smooth Stone","Sadistic Nature","Noxious Fumes","PiercingWail","Happy Flower","Footwork","Letter Opener","Noxious Fumes","Finesse","Footwork"],"campfire_rested":1,"item_purchase_floors":[5,5,5,21,21,21,42,42,47,47,53],"current_hp_per_floor":[70,59,59,59,59,59,53,53,53,59,65,45,45,50,50,44,70,70,70,70,70,70,70,70,64,64,65,65,65,70,69,69,60,70,70,67,70,51,51,30,66,66,66,62,69,70,70,70,70,36,70,70,70,55,9],"gold":103,"neow_bonus":"HUNDRED_GOLD","is_prod":false,"is_daily":false,"chose_seed":false,"campfire_upgraded":5,"win_rate":0,"timestamp":1555376124,"path_taken":["M","?","M","?","$","R","E","R","T","M","?","E","?","E","R","BOSS","M","?","?","$","?","E","$","E","T","E","?","M","E","M","R","BOSS","M","M","?","?","?","E","R","?","T","E","M","E","$","?","R","BOSS","R","$","E","BOSS"],"build_version":"2019-01-23","purchased_purges":3,"victory":true,"max_hp_per_floor":[70,70,70,70,70,70,70,70,70,70,70,70,70,70,70,70,70,70,70,70,70,70,70,70,70,70,70,70,70,70,70,70,70,70,70,70,70,70,70,70,70,70,70,70,70,70,70,70,70,70,70,70,70,70,70],"card_choices":[{"not_picked":["Backflip","Deadly Poison"],"picked":"Noxious Fumes","floor":1},{"not_picked":["Accuracy","Terror"],"picked":"Bouncing Flask","floor":3},{"not_picked":["Phantasmal Killer","Slice"],"picked":"Acrobatics","floor":7},{"not_picked":["Outmaneuver","Masterful Stab","Riddle With Holes"],"picked":"SKIP","floor":10},{"not_picked":["Flying Knee","All Out Attack"],"picked":"Sucker Punch","floor":11},{"not_picked":["Sucker Punch","Acrobatics","Grand Finale"],"picked":"SKIP","floor":12},{"not_picked":["Acrobatics","Reflex"],"picked":"Distraction","floor":14},{"not_picked":["Tools of the Trade","Die Die Die"],"picked":"Malaise","floor":16},{"not_picked":["Dash","Dagger Spray"],"picked":"Expertise","floor":18},{"not_picked":["Tactician","Bane"],"picked":"Deflect+1","floor":22},{"not_picked":["Poisoned Stab","Reflex"],"picked":"Leg Sweep","floor":23},{"not_picked":["Flying Knee","Blade Dance","Masterful Stab"],"picked":"SKIP","floor":25},{"not_picked":["Calculated Gamble","Cloak And Dagger"],"picked":"Backflip","floor":27},{"not_picked":["Concentrate","Blade Dance+1","Poisoned Stab"],"picked":"SKIP","floor":29},{"not_picked":["Slice+1","PiercingWail"],"picked":"Caltrops","floor":30},{"not_picked":["Outmaneuver","Expertise","Cloak And Dagger"],"picked":"SKIP","floor":31},{"not_picked":["Tools of the Trade","Doppelganger"],"picked":"Night Terror","floor":33},{"not_picked":["Poisoned Stab+1","Choke+1","Dagger Spray"],"picked":"SKIP","floor":35},{"not_picked":["Quick Slash+1","Dagger Spray+1","Slice"],"picked":"SKIP","floor":36},{"not_picked":["Masterful Stab+1","Flying Knee"],"picked":"Dagger Throw","floor":37},{"not_picked":["Bane","Prepared"],"picked":"Envenom","floor":38},{"not_picked":["Poisoned Stab","Finisher+1"],"picked":"Bullet Time","floor":40},{"not_picked":["Infinite Blades+1","Cloak And Dagger+1"],"picked":"Well Laid Plans+1","floor":44},{"not_picked":["Cloak And Dagger+1","Dagger Spray"],"picked":"Footwork","floor":45},{"not_picked":["Venomology","Storm of Steel"],"picked":"Escape Plan","floor":46},{"not_picked":["Setup","Sucker Punch+1","Heel Hook+1"],"picked":"SKIP","floor":48},{"not_picked":["Riddle With Holes+1","Well Laid Plans+1","Dagger Throw"],"picked":"SKIP","floor":54}],"player_experience":1236393,"relics_obtained":[{"floor":7,"key":"Bird Faced Urn"},{"floor":9,"key":"Ancient Tea Set"},{"floor":12,"key":"Bag of Preparation"},{"floor":14,"key":"Smiling Mask"},{"floor":23,"key":"Snake Skull"},{"floor":25,"key":"Regal Pillow"},{"floor":26,"key":"Orichalcum"},{"floor":27,"key":"Blood Vial"},{"floor":30,"key":"Bag of Marbles"},{"floor":37,"key":"Tough Bandages"},{"floor":38,"key":"Girya"},{"floor":39,"key":"Art of War"},{"floor":40,"key":"War Paint"},{"floor":44,"key":"Sundial"},{"floor":46,"key":"Boot"},{"floor":54,"key":"Vajra"}],"event_choices":[{"damage_healed":0,"gold_gain":75,"player_choice":"Gather Gold","damage_taken":11,"max_hp_gain":0,"max_hp_loss":0,"event_name":"World of Goop","floor":2,"gold_loss":0},{"damage_healed":0,"gold_gain":275,"player_choice":"Desecrate","damage_taken":0,"max_hp_gain":0,"max_hp_loss":0,"event_name":"Golden Shrine","floor":4,"gold_loss":0,"cards_obtained":["Regret"]},{"damage_healed":0,"gold_gain":0,"player_choice":"Ignored","damage_taken":0,"max_hp_gain":0,"max_hp_loss":0,"event_name":"Golden Wing","floor":13,"gold_loss":0},{"damage_healed":0,"gold_gain":0,"player_choice":"Simplicity","damage_taken":0,"max_hp_gain":0,"max_hp_loss":0,"event_name":"Back to Basics","floor":19,"gold_loss":0,"cards_upgraded":["Defend_G","Defend_G","Defend_G","Defend_G","Defend_G","Strike_G","Strike_G","Strike_G","Strike_G","Strike_G"]},{"damage_healed":0,"gold_gain":0,"player_choice":"Upgraded Two","damage_taken":0,"max_hp_gain":0,"max_hp_loss":0,"event_name":"Designer","floor":20,"gold_loss":40,"cards_upgraded":["Distraction","Acrobatics"]},{"damage_healed":0,"gold_gain":0,"player_choice":"Opened","damage_taken":0,"relics_obtained":["PreservedInsect"],"max_hp_gain":0,"max_hp_loss":0,"event_name":"The Mausoleum","floor":28,"gold_loss":0,"cards_obtained":["Writhe"]},{"damage_healed":0,"gold_gain":0,"player_choice":"Fight","damage_taken":0,"max_hp_gain":0,"max_hp_loss":0,"event_name":"MindBloom","floor":37,"gold_loss":0},{"damage_healed":0,"gold_gain":0,"player_choice":"Fight","damage_taken":0,"max_hp_gain":0,"max_hp_loss":0,"event_name":"Mysterious Sphere","floor":38,"gold_loss":0}],"is_beta":false,"boss_relics":[{"not_picked":["Pandora\u0027s Box","Philosopher\u0027s Stone"],"picked":"Cursed Key"},{"not_picked":["White Beast Statue","WristBlade"],"picked":"Sozu"}],"items_purged_floors":[5,42,47],"is_endless":false,"potions_floor_spawned":[7,10,11,14,22,25,27,31,35,37,48,54],"ascension_level":1}