{"gold_per_floor":[114,114,68,68,83,98,128,9,9,9],"floor_reached":10,"playtime":380,"items_purged":[],"score":91,"play_id":"019869c9-2735-4f23-b8e1-218c15f7f9c3","local_time":"20190511234340","daily_mods":["Specialized","Flight","DeadlyEvents"],"is_ascension_mode":false,"campfire_choices":[],"neow_cost":"","seed_source_timestamp":444388552842044,"circlet_count":0,"master_deck":["Defend_G","Defend_G","Defend_G","Defend_G","Defend_G","Strike_G","Strike_G","Strike_G","Strike_G","Survivor+1","Neutralize","Accuracy","Accuracy","Accuracy","Accuracy","Accuracy","PiercingWail","Deadly Poison","Blade Dance","Infinite Blades","Cloak And Dagger"],"special_seed":18028,"relics":["Ring of the Snake","Bottled Tornado","Dead Branch"],"potions_floor_usage":[],"damage_taken":[{"damage":24,"enemies":"2 Louse","floor":1,"turns":3},{"damage":17,"enemies":"Jaw Worm","floor":5,"turns":7},{"damage":1,"enemies":"Cultist","floor":6,"turns":4},{"damage":25,"enemies":"Lagavulin","floor":7,"turns":9},{"damage":13,"enemies":"3 Louse","floor":10,"turns":3}],"seed_played":"-3356535960329970887","potions_obtained":[{"floor":6,"key":"Explosive Potion"}],"is_trial":false,"path_per_floor":["M","?","$","?","M","M","E","$","T","M"],"character_chosen":"THE_SILENT","items_purchased":["Deadly Poison","Infinite Blades","Cloak And Dagger"],"campfire_rested":0,"item_purchase_floors":[3,8,8],"current_hp_per_floor":[46,46,46,46,29,28,3,3,3,0],"gold":9,"neow_bonus":"","is_prod":false,"is_daily":true,"chose_seed":false,"campfire_upgraded":0,"win_rate":0,"timestamp":1557632620,"path_taken":["M","?","$","?","M","M","E","$","T","M"],"build_version":"2019-01-23","purchased_purges":0,"victory":false,"max_hp_per_floor":[70,70,70,70,70,70,70,70,70,70],"card_choices":[{"not_picked":["Sucker Punch","Prepared"],"picked":"PiercingWail","floor":1},{"not_picked":["Sucker Punch","Poisoned Stab","Predator"],"picked":"SKIP","floor":5},{"not_picked":["Deflect","PiercingWail"],"picked":"Blade Dance","floor":6},{"not_picked":["Dagger Spray","All Out Attack","Tools of the Trade"],"picked":"SKIP","floor":7}],"player_experience":138844,"relics_obtained":[{"floor":7,"key":"Bottled Tornado"},{"floor":9,"key":"Dead Branch"}],"event_choices":[{"cards_removed":["Strike_G"],"damage_healed":0,"gold_gain":0,"player_choice":"Forget","damage_taken":0,"max_hp_gain":0,"max_hp_loss":0,"event_name":"Living Wall","floor":2,"gold_loss":0},{"damage_healed":0,"gold_gain":0,"player_choice":"Upgraded","damage_taken":0,"max_hp_gain":0,"max_hp_loss":0,"event_name":"Upgrade Shrine","floor":4,"gold_loss":0,"cards_upgraded":["Survivor"]}],"is_beta":false,"boss_relics":[],"items_purged_floors":[],"is_endless":false,"potions_floor_spawned":[6],"killed_by":"3 Louse","ascension_level":0}