{"gold_per_floor":[116,64,82,99,24,24,58,58,58,86,86,99,133,33,33,107,107,120,120,135,149,162,162,192,216,293,312,312,312,412,424,424,496,496,512,512,527,206,217,217],"floor_reached":40,"playtime":2847,"items_purged":["Strike_R","Strike_R","Pain"],"score":877,"play_id":"d99ae08f-ceb8-4c06-b1e2-927f6b827eb7","local_time":"20190428220251","is_ascension_mode":true,"campfire_choices":[{"data":"Bash","floor":6,"key":"SMITH"},{"data":"Clothesline","floor":8,"key":"SMITH"},{"data":"Thunderclap","floor":11,"key":"SMITH"},{"floor":15,"key":"DIG"},{"floor":23,"key":"DIG"},{"data":"Whirlwind","floor":29,"key":"SMITH"},{"floor":32,"key":"REST"}],"neow_cost":"NONE","seed_source_timestamp":12489377621900,"circlet_count":0,"master_deck":["AscendersBane","Defend_R","Defend_R","Defend_R","Defend_R+1","Bash+1","Clothesline+1","Shrug It Off","Anger","Thunderclap+1","Shrug It Off+1","Pommel Strike","Disarm","Headbutt","Feed","Bite","Bite","Bite","Bite","Bite","Armaments+1","Disarm","Whirlwind+1","Disarm+1","Spot Weakness","Shrug It Off","Intimidate+1"],"relics":["Burning Blood","Vajra","Meat on the Bone","War Paint","Shovel","Potion Belt","Velvet Choker","Ancient Tea Set","Art of War","Juzu Bracelet","Mercury Hourglass","Champion Belt","Runic Pyramid","WarpedTongs"],"potions_floor_usage":[7,16,27,30,33,33,39,40,40,40],"damage_taken":[{"damage":2,"enemies":"Cultist","floor":1,"turns":4},{"damage":0,"enemies":"2 Louse","floor":3,"turns":2},{"damage":4,"enemies":"Jaw Worm","floor":4,"turns":3},{"damage":20,"enemies":"Gremlin Nob","floor":7,"turns":4},{"damage":21,"enemies":"3 Sentries","floor":10,"turns":8},{"damage":0,"enemies":"Red Slaver","floor":12,"turns":4},{"damage":8,"enemies":"Gremlin Nob","floor":13,"turns":3},{"damage":10,"enemies":"The Guardian","floor":16,"turns":15},{"damage":26,"enemies":"Chosen","floor":18,"turns":7},{"damage":17,"enemies":"2 Thieves","floor":20,"turns":4},{"damage":21,"enemies":"Centurion and Healer","floor":21,"turns":9},{"damage":13,"enemies":"Snake Plant","floor":22,"turns":6},{"damage":67,"enemies":"Gremlin Leader","floor":24,"turns":9},{"damage":6,"enemies":"3 Cultists","floor":27,"turns":4},{"damage":17,"enemies":"Colosseum Slavers","floor":30,"turns":4},{"damage":27,"enemies":"Colosseum Nobs","floor":30,"turns":5},{"damage":48,"enemies":"Shelled Parasite and Fungi","floor":31,"turns":11},{"damage":53,"enemies":"Collector","floor":33,"turns":14},{"damage":4,"enemies":"Orb Walker","floor":35,"turns":4},{"damage":16,"enemies":"3 Darklings","floor":37,"turns":2},{"damage":30,"enemies":"Transient","floor":39,"turns":6},{"damage":106,"enemies":"Giant Head","floor":40,"turns":9}],"seed_played":"-5429422682264437629","potions_obtained":[{"floor":0,"key":"BloodPotion"},{"floor":0,"key":"AttackPotion"},{"floor":1,"key":"Dexterity Potion"},{"floor":10,"key":"Swift Potion"},{"floor":12,"key":"Weak Potion"},{"floor":22,"key":"Ancient Potion"},{"floor":24,"key":"Explosive Potion"},{"floor":30,"key":"SpeedPotion"},{"floor":31,"key":"EssenceOfSteel"},{"floor":35,"key":"Regen Potion"},{"floor":39,"key":"FearPotion"}],"is_trial":false,"path_per_floor":["M","$","M","M","$","R","E","R","T","E","R","M","E","$","R","B",null,"M","?","M","M","M","R","E","T","T","M","?","R","?","M","R","B",null,"M","?","M","$","M","E"],"character_chosen":"IRONCLAD","items_purchased":["Shrug It Off","Shrug It Off","AttackPotion","SteroidPotion","Strength Potion"],"campfire_rested":1,"item_purchase_floors":[2,38,38,38,38],"current_hp_per_floor":[72,72,75,75,75,75,61,61,61,46,46,52,50,50,50,46,68,51,51,48,61,63,63,29,29,29,41,41,41,52,48,71,54,75,86,86,76,76,71,0],"gold":217,"neow_bonus":"THREE_SMALL_POTIONS","is_prod":false,"is_daily":false,"chose_seed":false,"campfire_upgraded":4,"win_rate":0,"timestamp":1556456571,"path_taken":["M","?","M","M","$","R","E","R","T","E","R","M","E","$","R","BOSS","M","?","M","M","M","R","E","?","T","M","?","R","?","M","R","BOSS","M","?","M","$","M","E"],"build_version":"2019-01-23","purchased_purges":3,"victory":false,"max_hp_per_floor":[75,75,75,75,75,75,75,75,75,75,75,75,75,75,75,75,75,78,54,57,61,65,65,65,65,65,68,68,68,75,78,78,82,82,86,86,86,86,86,86],"card_choices":[{"not_picked":["Heavy Blade","Thunderclap"],"picked":"Clothesline","floor":1},{"not_picked":["Armaments","Reckless Charge"],"picked":"Anger","floor":3},{"not_picked":["Warcry","Sword Boomerang"],"picked":"Thunderclap","floor":4},{"not_picked":["Clothesline","Seeing Red"],"picked":"Shrug It Off","floor":7},{"not_picked":["Perfected Strike","Cleave"],"picked":"Pommel Strike","floor":10},{"not_picked":["Sword Boomerang","Perfected Strike"],"picked":"Disarm","floor":12},{"not_picked":["Barricade","Blood for Blood"],"picked":"Headbutt","floor":13},{"not_picked":["Double Tap","Berserk"],"picked":"Feed","floor":16},{"not_picked":["Iron Wave","Fire Breathing","Rage"],"picked":"SKIP","floor":18},{"not_picked":["Seeing Red","Headbutt"],"picked":"Armaments+1","floor":20},{"not_picked":["Rampage","Power Through","Pommel Strike+1"],"picked":"SKIP","floor":21},{"not_picked":["Thunderclap","Sentinel","Cleave"],"picked":"SKIP","floor":22},{"not_picked":["Armaments","Cleave"],"picked":"Disarm","floor":24},{"not_picked":["Cleave+1","Feel No Pain"],"picked":"Whirlwind","floor":27},{"not_picked":["Shrug It Off+1","Reckless Charge"],"picked":"Disarm+1","floor":30},{"not_picked":["Infernal Blade","Havoc","Pommel Strike"],"picked":"SKIP","floor":31},{"not_picked":["True Grit","Wild Strike"],"picked":"Spot Weakness","floor":35},{"not_picked":["Pommel Strike","Headbutt","Whirlwind"],"picked":"SKIP","floor":37},{"not_picked":["Reckless Charge+1","Rage"],"picked":"Intimidate+1","floor":39}],"player_experience":1132930,"relics_obtained":[{"floor":7,"key":"Vajra"},{"floor":9,"key":"Meat on the Bone"},{"floor":10,"key":"War Paint"},{"floor":13,"key":"Shovel"},{"floor":15,"key":"Potion Belt"},{"floor":23,"key":"Ancient Tea Set"},{"floor":24,"key":"Art of War"},{"floor":25,"key":"Juzu Bracelet"},{"floor":26,"key":"Mercury Hourglass"},{"floor":30,"key":"Champion Belt"}],"event_choices":[{"damage_healed":0,"gold_gain":0,"player_choice":"Became a vampire","damage_taken":0,"max_hp_gain":0,"max_hp_loss":24,"event_name":"Vampires","floor":19,"gold_loss":0,"cards_obtained":["Bite","Bite","Bite","Bite","Bite"]},{"damage_healed":0,"gold_gain":0,"player_choice":"Ignored","damage_taken":0,"max_hp_gain":0,"max_hp_loss":0,"event_name":"Ghosts","floor":28,"gold_loss":0},{"damage_healed":0,"gold_gain":0,"player_choice":"Fight","damage_taken":0,"max_hp_gain":0,"max_hp_loss":0,"event_name":"Colosseum","floor":30,"gold_loss":0},{"damage_healed":0,"gold_gain":0,"player_choice":"Fought Nobs","damage_taken":0,"max_hp_gain":0,"max_hp_loss":0,"event_name":"Colosseum","floor":30,"gold_loss":0},{"damage_healed":0,"gold_gain":0,"player_choice":"Rummage","damage_taken":0,"relics_obtained":["WarpedTongs"],"max_hp_gain":0,"max_hp_loss":0,"event_name":"Accursed Blacksmith","floor":36,"gold_loss":0,"cards_obtained":["Pain"]}],"is_beta":false,"boss_relics":[{"not_picked":["Sozu","White Beast Statue"],"picked":"Velvet Choker"},{"not_picked":["Cursed Key","Black Star"],"picked":"Runic Pyramid"}],"items_purged_floors":[5,14,38],"is_endless":false,"potions_floor_spawned":[1,4,10,12,13,22,24,30,31,35,39],"killed_by":"Giant Head","ascension_level":20}