{"gold_per_floor":[109,125,300,225,238,263,263,277,300,300,300,325,225,248,248,248],"floor_reached":16,"playtime":465,"items_purged":["Doubt","Strike_B"],"score":102,"play_id":"37961a32-fbf0-4a9d-8182-3be90a404b95","local_time":"20190511222610","is_ascension_mode":false,"campfire_choices":[{"floor":7,"key":"REST"},{"floor":15,"key":"REST"}],"neow_cost":"NONE","seed_source_timestamp":443598338434720,"circlet_count":0,"master_deck":["Strike_B","Strike_B","Strike_B","Defend_B","Defend_B","Defend_B","Defend_B","Zap","Dualcast","Gash"],"relics":["Lizard Tail","Happy Flower","Bag of Marbles","Golden Idol"],"potions_floor_usage":[2,6,14],"damage_taken":[{"damage":15,"enemies":"Cultist","floor":1,"turns":4},{"damage":6,"enemies":"Small Slimes","floor":2,"turns":4},{"damage":13,"enemies":"2 Louse","floor":5,"turns":2},{"damage":44,"enemies":"3 Sentries","floor":6,"turns":10},{"damage":5,"enemies":"2 Fungi Beasts","floor":8,"turns":4},{"damage":10,"enemies":"Red Slaver","floor":12,"turns":4},{"damage":10,"enemies":"Exordium Thugs","floor":14,"turns":5},{"damage":71,"enemies":"The Guardian","floor":16,"turns":9}],"seed_played":"-709526786866115694","potions_obtained":[{"floor":2,"key":"Fruit Juice"},{"floor":5,"key":"EssenceOfSteel"},{"floor":8,"key":"Energy Potion"},{"floor":14,"key":"FocusPotion"}],"is_trial":false,"path_per_floor":["M","M","?","$","M","E","R","M","T","?","?","M","$","M","R","B"],"character_chosen":"DEFECT","items_purchased":[],"campfire_rested":2,"item_purchase_floors":[],"current_hp_per_floor":[60,59,59,59,46,2,26,21,21,21,21,11,11,1,23,0],"gold":248,"neow_bonus":"BOSS_RELIC","is_prod":false,"is_daily":false,"chose_seed":false,"campfire_upgraded":0,"win_rate":0,"timestamp":1557627970,"path_taken":["M","?","?","$","M","E","R","M","T","?","?","?","$","M","R","BOSS"],"build_version":"2019-01-23","purchased_purges":2,"victory":false,"max_hp_per_floor":[75,80,80,80,80,80,80,80,80,74,74,74,74,74,74,74],"card_choices":[{"not_picked":["Streamline","Barrage","Blizzard"],"picked":"SKIP","floor":1},{"not_picked":["Leap","Go for the Eyes","Rip and Tear"],"picked":"SKIP","floor":2},{"not_picked":["Compile Driver","Turbo"],"picked":"Gash","floor":5},{"not_picked":["Redo","Steam","Turbo"],"picked":"SKIP","floor":6},{"not_picked":["Go for the Eyes","Streamline","Ball Lightning"],"picked":"SKIP","floor":8},{"not_picked":["Thunder Strike","Beam Cell","Sweeping Beam"],"picked":"SKIP","floor":12},{"not_picked":["Conserve Battery","Consume","Chill"],"picked":"SKIP","floor":14}],"player_experience":135495,"relics_obtained":[{"floor":6,"key":"Happy Flower"},{"floor":9,"key":"Bag of Marbles"}],"event_choices":[{"damage_healed":0,"gold_gain":175,"player_choice":"AGREE","damage_taken":0,"max_hp_gain":0,"max_hp_loss":0,"event_name":"Liars Game","floor":3,"gold_loss":0,"cards_obtained":["Doubt"]},{"damage_healed":0,"gold_gain":0,"player_choice":"Lose Max HP","damage_taken":0,"relics_obtained":["Golden Idol"],"max_hp_gain":0,"max_hp_loss":6,"event_name":"Golden Idol","floor":10,"gold_loss":0},{"damage_healed":0,"gold_gain":0,"player_choice":"Leave","damage_taken":0,"max_hp_gain":0,"max_hp_loss":0,"event_name":"FaceTrader","floor":11,"gold_loss":0}],"is_beta":false,"boss_relics":[],"items_purged_floors":[4,13],"is_endless":false,"potions_floor_spawned":[2,5,8,14],"killed_by":"The Guardian","ascension_level":0}