{"gold_per_floor":[111,61,73,73,88,118,130,161,173,185,209,237,279,304,316,423,435,467,497,525,452,464,494,538,550,585,615,552,552,552,564,564,661,661,673,673,683,695,713,713,713,713,713,713,713,727,261,272,272,272,272,272,49,82,82],"floor_reached":55,"playtime":4887,"items_purged":["Strike_R","Limit Break"],"score":728,"play_id":"d77e0232-ab02-4820-9778-ec60456661d7","local_time":"20190324234906","is_ascension_mode":false,"campfire_choices":[{"data":"Feed","floor":7,"key":"SMITH"},{"data":"Armaments","floor":10,"key":"SMITH"},{"data":"Disarm","floor":15,"key":"SMITH"},{"data":"Clothesline","floor":25,"key":"SMITH"},{"data":"Disarm","floor":29,"key":"SMITH"},{"floor":32,"key":"REST"},{"data":"Shockwave","floor":40,"key":"SMITH"},{"floor":44,"key":"RECALL"},{"floor":49,"key":"REST"},{"data":"Apotheosis","floor":52,"key":"SMITH"}],"neow_cost":"NONE","seed_source_timestamp":2851566263547,"circlet_count":0,"master_deck":["Strike_R","Strike_R","Strike_R","Defend_R","Defend_R","Defend_R","Bash+1","Offering","Cleave","Ghostly Armor","Armaments+1","Feed+1","Clothesline+1","Disarm+1","Metallicize","Disarm+1","Rampage+1","Headbutt+1","Seeing Red","Feed","Shrug It Off+1","Shockwave+1","Apotheosis+1","Rampage","Shockwave"],"relics":["Burning Blood","MawBank","Omamori","Letter Opener","Busted Crown","Bag of Preparation","Question Card","Cursed Key","Ornamental Fan","Oddly Smooth Stone","Art of War","Red Skull","Self Forming Clay"],"potions_floor_usage":[11,12,13,19,35,46,50,55],"damage_taken":[{"damage":0,"enemies":"Small Slimes","floor":1,"turns":3},{"damage":6,"enemies":"2 Louse","floor":3,"turns":1},{"damage":1,"enemies":"Jaw Worm","floor":5,"turns":3},{"damage":19,"enemies":"3 Sentries","floor":6,"turns":11},{"damage":6,"enemies":"2 Fungi Beasts","floor":8,"turns":2},{"damage":16,"enemies":"Exordium Wildlife","floor":11,"turns":4},{"damage":17,"enemies":"3 Louse","floor":12,"turns":2},{"damage":6,"enemies":"Lagavulin","floor":13,"turns":9},{"damage":8,"enemies":"Lots of Slimes","floor":14,"turns":6},{"damage":28,"enemies":"The Guardian","floor":16,"turns":15},{"damage":20,"enemies":"3 Byrds","floor":18,"turns":5},{"damage":30,"enemies":"Spheric Guardian","floor":19,"turns":6},{"damage":6,"enemies":"Snecko","floor":20,"turns":7},{"damage":20,"enemies":"Shelled Parasite and Fungi","floor":23,"turns":8},{"damage":27,"enemies":"Slavers","floor":24,"turns":6},{"damage":4,"enemies":"Snake Plant","floor":27,"turns":7},{"damage":16,"enemies":"3 Cultists","floor":31,"turns":5},{"damage":66,"enemies":"Automaton","floor":33,"turns":13},{"damage":29,"enemies":"3 Darklings","floor":35,"turns":4},{"damage":12,"enemies":"3 Shapes","floor":37,"turns":6},{"damage":21,"enemies":"Jaw Worm Horde","floor":38,"turns":6},{"damage":19,"enemies":"Writhing Mass","floor":39,"turns":8},{"damage":12,"enemies":"Spire Growth","floor":46,"turns":6},{"damage":5,"enemies":"Transient","floor":48,"turns":5},{"damage":40,"enemies":"Awakened One","floor":50,"turns":15},{"damage":75,"enemies":"Shield and Spear","floor":54,"turns":9},{"damage":94,"enemies":"The Heart","floor":55,"turns":8}],"seed_played":"-4574630358242022595","potions_obtained":[{"floor":3,"key":"PowerPotion"},{"floor":6,"key":"Weak Potion"},{"floor":12,"key":"PowerPotion"},{"floor":16,"key":"Energy Potion"},{"floor":24,"key":"Strength Potion"},{"floor":27,"key":"SkillPotion"},{"floor":31,"key":"Fire Potion"},{"floor":33,"key":"Swift Potion"},{"floor":37,"key":"EssenceOfSteel"},{"floor":39,"key":"Regen Potion"},{"floor":46,"key":"SpeedPotion"}],"is_trial":false,"path_per_floor":["M","?","M","?","M","E","R","M","T","R","M","M","E","M","R","B",null,"M","M","M","?","?","M","E","R","T","M","$","R","?","M","R","B",null,"M","?","M","M","M","R","?","?","T","R","?","M","$","M","R","B",null,"R","$","E","B"],"character_chosen":"IRONCLAD","items_purchased":["Oddly Smooth Stone","Art of War","BloodPotion","Rampage","Red Skull"],"campfire_rested":2,"item_purchase_floors":[47,47,47,53,53],"current_hp_per_floor":[80,80,80,80,80,67,67,71,71,71,65,58,62,64,64,46,104,94,74,78,78,78,68,51,51,51,57,57,57,57,51,90,30,132,109,109,111,100,87,87,87,87,87,87,87,90,90,91,134,104,148,148,148,79,0],"gold":82,"neow_bonus":"ONE_RANDOM_RARE_CARD","is_prod":false,"is_daily":false,"chose_seed":false,"campfire_upgraded":7,"win_rate":0,"timestamp":1553485746,"path_taken":["M","?","M","?","M","E","R","M","T","R","M","M","E","M","R","BOSS","M","M","M","?","?","M","E","R","T","M","$","R","?","?","R","BOSS","M","?","M","?","M","R","?","?","T","R","?","M","$","?","R","BOSS","R","$","E","BOSS"],"build_version":"2019-01-23","purchased_purges":2,"victory":false,"max_hp_per_floor":[80,80,80,80,80,80,80,84,84,84,88,92,96,100,100,104,104,108,112,116,116,116,120,124,124,124,128,128,128,128,132,132,132,132,132,132,140,144,144,144,144,144,144,144,144,144,144,144,144,148,148,148,148,148,148],"card_choices":[{"not_picked":["Clash","Bloodletting"],"picked":"Cleave","floor":1},{"not_picked":["Clash","Thunderclap"],"picked":"Ghostly Armor","floor":3},{"not_picked":["Sword Boomerang","Body Slam"],"picked":"Armaments","floor":5},{"not_picked":["Inflame","Uppercut"],"picked":"Feed","floor":6},{"not_picked":["Rupture","Clash","Body Slam"],"picked":"SKIP","floor":8},{"not_picked":["Burning Pact","Havoc","Pommel Strike"],"picked":"SKIP","floor":11},{"not_picked":["Power Through","Feel No Pain"],"picked":"Clothesline","floor":12},{"not_picked":["Entrench","Rage"],"picked":"Metallicize","floor":13},{"not_picked":["Clash","Pummel"],"picked":"Disarm","floor":14},{"not_picked":["Dark Embrace","Immolate"],"picked":"Limit Break","floor":16},{"not_picked":["Evolve"],"picked":"SKIP","floor":18},{"not_picked":[],"picked":"Metallicize","floor":19},{"not_picked":["Armaments"],"picked":"SKIP","floor":20},{"not_picked":["Dual Wield"],"picked":"SKIP","floor":23},{"not_picked":[],"picked":"Rampage+1","floor":24},{"not_picked":["Second Wind"],"picked":"Headbutt+1","floor":27},{"not_picked":["Pummel"],"picked":"Seeing Red","floor":31},{"not_picked":["Impervious"],"picked":"Feed","floor":33},{"not_picked":["True Grit"],"picked":"Shrug It Off+1","floor":35},{"not_picked":["Thunderclap+1","Reckless Charge+1"],"picked":"SKIP","floor":37},{"not_picked":["Dual Wield+1"],"picked":"Shockwave","floor":38},{"not_picked":["Wild Strike","Pommel Strike+1"],"picked":"SKIP","floor":39},{"not_picked":["PanicButton"],"picked":"Apotheosis","floor":45},{"not_picked":["Heavy Blade","Shrug It Off+1"],"picked":"SKIP","floor":46},{"not_picked":["Cleave","Anger"],"picked":"SKIP","floor":48},{"not_picked":["Juggernaut"],"picked":"Shockwave","floor":54}],"player_experience":91084,"relics_obtained":[{"floor":6,"key":"MawBank"},{"floor":9,"key":"Omamori"},{"floor":13,"key":"Letter Opener"},{"floor":24,"key":"Question Card"},{"floor":43,"key":"Ornamental Fan"},{"floor":54,"key":"Self Forming Clay"}],"event_choices":[{"cards_removed":["Strike_R"],"damage_healed":0,"gold_gain":0,"player_choice":"Card Removal","damage_taken":0,"max_hp_gain":0,"max_hp_loss":0,"event_name":"The Cleric","floor":2,"gold_loss":50},{"damage_healed":0,"gold_gain":0,"player_choice":"Grow","damage_taken":0,"max_hp_gain":0,"max_hp_loss":0,"event_name":"Living Wall","floor":4,"gold_loss":0,"cards_upgraded":["Bash"]},{"damage_healed":0,"gold_gain":0,"player_choice":"Obtained Relic","damage_taken":0,"relics_obtained":["Bag of Preparation"],"max_hp_gain":0,"max_hp_loss":0,"event_name":"Addict","floor":21,"gold_loss":85},{"damage_healed":0,"gold_gain":0,"player_choice":"Read","damage_taken":0,"max_hp_gain":0,"max_hp_loss":0,"event_name":"The Library","floor":22,"gold_loss":0,"cards_obtained":["Disarm"]},{"cards_removed":["Defend_R"],"damage_healed":0,"gold_gain":0,"player_choice":"Elegance","damage_taken":0,"max_hp_gain":0,"max_hp_loss":0,"event_name":"Back to Basics","floor":30,"gold_loss":0},{"damage_healed":0,"gold_gain":0,"player_choice":"Cursed","damage_taken":0,"max_hp_gain":0,"max_hp_loss":0,"event_name":"Wheel of Change","floor":36,"gold_loss":0,"cards_obtained":["Decay"]},{"cards_removed":["Metallicize"],"damage_healed":0,"gold_gain":0,"player_choice":"Removed Power","damage_taken":0,"max_hp_gain":0,"max_hp_loss":0,"event_name":"Falling","floor":41,"gold_loss":0},{"damage_healed":0,"gold_gain":0,"player_choice":"Ignored","damage_taken":0,"max_hp_gain":0,"max_hp_loss":0,"event_name":"Mysterious Sphere","floor":42,"gold_loss":0},{"damage_healed":0,"gold_gain":0,"player_choice":"Memory 1","damage_taken":0,"max_hp_gain":0,"max_hp_loss":0,"event_name":"SensoryStone","floor":45,"gold_loss":0}],"is_beta":false,"boss_relics":[{"not_picked":["Pandora\u0027s Box","Philosopher\u0027s Stone"],"picked":"Busted Crown"},{"not_picked":["Coffee Dripper","Velvet Choker"],"picked":"Cursed Key"}],"items_purged_floors":[28,47],"is_endless":false,"potions_floor_spawned":[3,6,12,16,24,27,31,33,37,39,46],"killed_by":"The Heart","ascension_level":0}