{"gold_per_floor":[118,118,43,56,21,21,48,48,74,74,99,99,127,146,146,146],"floor_reached":16,"playtime":455,"items_purged":["Strike_R"],"score":232,"play_id":"60946ae1-cae0-4ed6-aea6-f3cfafd89501","local_time":"20190415215400","is_ascension_mode":true,"campfire_choices":[{"data":"Bash","floor":6.0,"key":"SMITH"},{"data":"Rage","floor":10,"key":"SMITH"},{"data":"Pommel Strike","floor":12,"key":"SMITH"},{"floor":15,"key":"REST"}],"neow_cost":"PERCENT_DAMAGE","seed_source_timestamp":0,"circlet_count":0,"master_deck":["AscendersBane","Strike_R","Strike_R","Strike_R","Defend_R","Defend_R","Defend_R","Defend_R","Bash+1","Cleave","Pommel Strike+1","Rage+1","Cleave","True Grit","Spot Weakness"],"special_seed":0,"relics":["Burning Blood","Ginger","Bottled Lightning","StoneCalendar","Letter Opener"],"potions_floor_usage":[16,16],"damage_taken":[{"damage":7.0,"enemies":"Cultist","floor":1.0,"turns":4.0},{"damage":11.0,"enemies":"Jaw Worm","floor":4.0,"turns":5.0},{"damage":40.0,"enemies":"3 Sentries","floor":7.0,"turns":8.0},{"damage":50,"enemies":"Lagavulin","floor":11,"turns":7},{"damage":20,"enemies":"3 Sentries","floor":13,"turns":7},{"damage":0,"enemies":"Small Slimes","floor":14,"turns":2},{"damage":55,"enemies":"Slime Boss","floor":16,"turns":6}],"seed_played":"-3168155733572167496","potions_obtained":[{"floor":1.0,"key":"GamblersBrew"},{"floor":7,"key":"BloodPotion"},{"floor":11,"key":"SneckoOil"}],"is_trial":false,"path_per_floor":["M","?","$","M","?","R","E","?","T","R","E","R","E","M","R","B"],"character_chosen":"IRONCLAD","items_purchased":[],"campfire_rested":1,"item_purchase_floors":[],"current_hp_per_floor":[49,49,49,44,62,62,28,75,75,75,31,31,17,23,45,0],"gold":146,"neow_bonus":"ONE_RARE_RELIC","is_prod":false,"is_daily":false,"chose_seed":false,"campfire_upgraded":3,"win_rate":0,"timestamp":1555358040,"path_taken":["M","?","$","?","?","R","E","?","T","R","E","R","E","M","R","BOSS"],"build_version":"2019-01-23","purchased_purges":1,"victory":false,"max_hp_per_floor":[75,75,75,75,75,75,75,75,75,75,75,75,75,75,75,75],"card_choices":[{"not_picked":["Corruption","Second Wind"],"picked":"Cleave","floor":1.0},{"not_picked":["Twin Strike","Wild Strike"],"picked":"Pommel Strike","floor":4.0},{"not_picked":["Cleave","Fire Breathing"],"picked":"Rage","floor":7},{"not_picked":["Brutality","Heavy Blade"],"picked":"Cleave","floor":11},{"not_picked":["Iron Wave","Heavy Blade"],"picked":"True Grit","floor":13},{"not_picked":["Body Slam","Shrug It Off"],"picked":"Spot Weakness","floor":14}],"player_experience":560995,"relics_obtained":[{"floor":7,"key":"Bottled Lightning"},{"floor":11,"key":"StoneCalendar"},{"floor":13,"key":"Letter Opener"}],"event_choices":[{"cards_removed":["Strike_R"],"damage_healed":0.0,"max_hp_gain":0.0,"max_hp_loss":0.0,"gold_gain":0.0,"event_name":"Purifier","player_choice":"Purged","floor":2.0,"gold_loss":0.0,"damage_taken":0.0},{"damage_healed":18.0,"max_hp_gain":0.0,"max_hp_loss":0.0,"gold_gain":0.0,"event_name":"The Cleric","player_choice":"Healed","floor":5.0,"gold_loss":35.0,"damage_taken":0.0},{"damage_healed":47,"gold_gain":0,"player_choice":"Full Heal","damage_taken":0,"max_hp_gain":0,"max_hp_loss":0,"event_name":"Wheel of Change","floor":8,"gold_loss":0}],"is_beta":false,"boss_relics":[],"items_purged_floors":[3],"is_endless":false,"potions_floor_spawned":[1,7,11,14],"killed_by":"Slime Boss","ascension_level":20}