{"gold_per_floor":[12,30,47,61,61,61,86,86,134,134,134,134,145,155,155,155],"floor_reached":16,"playtime":532,"items_purged":[],"score":204,"play_id":"29a9df48-501c-4c0c-b264-2714068bbde0","local_time":"20190416221608","is_ascension_mode":true,"campfire_choices":[{"data":"Neutralize","floor":6,"key":"SMITH"},{"data":"Catalyst","floor":8,"key":"SMITH"},{"data":"Poisoned Stab","floor":10,"key":"SMITH"},{"floor":12,"key":"REST"},{"floor":15,"key":"REST"}],"neow_cost":"NO_GOLD","seed_source_timestamp":1604659410510121,"circlet_count":0,"master_deck":["AscendersBane","Defend_G","Defend_G","Defend_G","Defend_G","Defend_G","Strike_G","Strike_G","Strike_G","Strike_G","Survivor","Neutralize+1","Doppelganger","Poisoned Stab+1","Cloak And Dagger","Catalyst+1","Bane","Eviscerate","Glass Knife"],"relics":["Ring of the Snake","Strawberry"],"potions_floor_usage":[7,16,16],"damage_taken":[{"damage":4,"enemies":"Jaw Worm","floor":1,"turns":5},{"damage":1,"enemies":"Cultist","floor":2,"turns":4},{"damage":3,"enemies":"2 Louse","floor":3,"turns":2},{"damage":1,"enemies":"Looter","floor":4,"turns":4},{"damage":34,"enemies":"Lagavulin","floor":7,"turns":6},{"damage":25,"enemies":"Large Slime","floor":13,"turns":9},{"damage":17,"enemies":"Gremlin Gang","floor":14,"turns":6},{"damage":33,"enemies":"Slime Boss","floor":16,"turns":7}],"seed_played":"-476446510270138545","potions_obtained":[{"floor":2,"key":"SteroidPotion"},{"floor":7,"key":"FearPotion"},{"floor":13,"key":"GhostInAJar"}],"is_trial":false,"path_per_floor":["M","M","M","M","?","R","E","R","T","R","?","R","M","M","R","B"],"character_chosen":"THE_SILENT","items_purchased":[],"campfire_rested":2,"item_purchase_floors":[],"current_hp_per_floor":[55,54,51,50,55,55,21,21,28,28,28,51,26,9,32,0],"gold":155,"neow_bonus":"THREE_RARE_CARDS","is_prod":false,"is_daily":false,"chose_seed":false,"campfire_upgraded":3,"win_rate":0,"timestamp":1555420568,"path_taken":["M","M","M","M","?","R","E","R","T","R","?","R","M","?","R","BOSS"],"build_version":"2019-01-23","purchased_purges":0,"victory":false,"max_hp_per_floor":[66,66,66,66,71,71,71,71,78,78,78,78,78,78,78,78],"card_choices":[{"not_picked":["Tools of the Trade","Night Terror"],"picked":"Doppelganger","floor":0},{"not_picked":["PiercingWail","Deadly Poison"],"picked":"Poisoned Stab","floor":1},{"not_picked":["Slice","Dagger Throw"],"picked":"Cloak And Dagger","floor":2},{"not_picked":["Infinite Blades","Heel Hook","Distraction"],"picked":"SKIP","floor":3},{"not_picked":["Prepared","Leg Sweep"],"picked":"Catalyst","floor":4},{"not_picked":["Deadly Poison","Finisher"],"picked":"Bane","floor":7},{"not_picked":["Deadly Poison","Dodge and Roll","Sucker Punch"],"picked":"SKIP","floor":13},{"not_picked":["Well Laid Plans","Setup"],"picked":"Glass Knife","floor":14}],"player_experience":951324,"relics_obtained":[{"floor":9,"key":"Strawberry"}],"event_choices":[{"damage_healed":0,"gold_gain":0,"player_choice":"Donut","damage_taken":0,"max_hp_gain":5,"max_hp_loss":0,"event_name":"Big Fish","floor":5,"gold_loss":0},{"damage_healed":0,"gold_gain":0,"cards_transformed":["Strike_G"],"player_choice":"Transformed","damage_taken":0,"max_hp_gain":0,"max_hp_loss":0,"event_name":"Transmorgrifier","floor":11,"gold_loss":0,"cards_obtained":["Eviscerate"]}],"is_beta":false,"boss_relics":[],"items_purged_floors":[],"is_endless":false,"potions_floor_spawned":[2,7,13],"killed_by":"Slime Boss","ascension_level":20}