{"gold_per_floor":[110,110,35,35,35,49,49,69,151,151,171,189,220,145,145,145],"floor_reached":16,"playtime":391,"items_purged":["Regret"],"score":195,"play_id":"3f453057-6464-4116-b2e5-a6c358a545fd","local_time":"20190320005142","is_ascension_mode":true,"campfire_choices":[{"data":"Rampage","floor":7.0,"key":"SMITH"},{"data":"Shrug It Off","floor":10.0,"key":"SMITH"},{"data":"Bash","floor":15.0,"key":"SMITH"}],"neow_cost":"NONE","seed_source_timestamp":531131575602300,"circlet_count":0,"master_deck":["AscendersBane","Strike_R","Strike_R","Strike_R","Defend_R","Defend_R","Defend_R","Defend_R","Bash+1","Rampage+1","Shrug It Off+1","Reaper"],"special_seed":0,"relics":["Burning Blood","Blood Vial","Anchor","Golden Idol","Pantograph","Pen Nib"],"potions_floor_usage":[16,16],"damage_taken":[{"damage":12.0,"enemies":"Small Slimes","floor":1.0,"turns":4.0},{"damage":2.0,"enemies":"Jaw Worm","floor":6.0,"turns":3.0},{"damage":0.0,"enemies":"2 Louse","floor":8.0,"turns":3.0},{"damage":11.0,"enemies":"Red Slaver","floor":11.0,"turns":5.0},{"damage":2.0,"enemies":"Lots of Slimes","floor":12.0,"turns":4.0},{"damage":19.0,"enemies":"Lagavulin","floor":13.0,"turns":7.0},{"damage":73,"enemies":"Hexaghost","floor":16,"turns":13}],"seed_played":"-167458950422270032","potions_obtained":[{"floor":1.0,"key":"AttackPotion"},{"floor":8.0,"key":"Block Potion"},{"floor":12.0,"key":"EssenceOfSteel"}],"is_trial":false,"path_per_floor":["M","?","$","?","?","M","R","M","T","R","M","M","E","?","R","B"],"character_chosen":"IRONCLAD","items_purchased":[],"campfire_rested":0,"item_purchase_floors":[],"current_hp_per_floor":[64,64,64,38,31,37,37,45,45,45,42,48,37,37,37,0],"gold":145,"neow_bonus":"RANDOM_COMMON_RELIC","is_prod":false,"is_daily":false,"chose_seed":false,"campfire_upgraded":3,"win_rate":0,"timestamp":1553039502,"path_taken":["M","?","$","?","?","M","R","M","T","R","M","?","E","?","R","BOSS"],"build_version":"2019-01-23","purchased_purges":1,"victory":false,"max_hp_per_floor":[75,75,75,75,75,75,75,75,75,75,75,75,75,75,75,75],"card_choices":[{"not_picked":["Dual Wield","Thunderclap"],"picked":"Rampage","floor":1.0},{"not_picked":["Twin Strike","Iron Wave","Body Slam"],"picked":"SKIP","floor":6.0},{"not_picked":["Body Slam","Ghostly Armor"],"picked":"Shrug It Off","floor":8.0},{"not_picked":["Rupture","Bloodletting","Twin Strike"],"picked":"SKIP","floor":11.0},{"not_picked":["Anger","Cleave","Iron Wave"],"picked":"SKIP","floor":12.0},{"not_picked":["Bloodletting","Cleave"],"picked":"Reaper","floor":13.0}],"player_experience":492493,"relics_obtained":[{"floor":9.0,"key":"Pantograph"},{"floor":13.0,"key":"Pen Nib"}],"event_choices":[{"damage_healed":0.0,"max_hp_gain":0.0,"max_hp_loss":0.0,"gold_gain":0.0,"event_name":"Big Fish","player_choice":"Box","floor":2.0,"gold_loss":0.0,"damage_taken":0.0,"relics_obtained":["Anchor"],"cards_obtained":["Regret"]},{"damage_healed":0.0,"max_hp_gain":0.0,"max_hp_loss":0.0,"gold_gain":0.0,"event_name":"Golden Idol","player_choice":"Take Damage","floor":4.0,"gold_loss":0.0,"damage_taken":26.0,"relics_obtained":["Golden Idol"]},{"cards_removed":["Strike_R"],"damage_healed":0.0,"max_hp_gain":0.0,"max_hp_loss":0.0,"gold_gain":0.0,"event_name":"Golden Wing","player_choice":"Card Removal","floor":5.0,"gold_loss":0.0,"damage_taken":7.0},{"cards_removed":["Strike_R"],"damage_healed":0.0,"max_hp_gain":0.0,"max_hp_loss":0.0,"gold_gain":0.0,"event_name":"The Cleric","player_choice":"Card Removal","floor":14.0,"gold_loss":75.0,"damage_taken":0.0}],"is_beta":false,"boss_relics":[],"items_purged_floors":[3],"is_endless":false,"potions_floor_spawned":[1,8,12,13],"killed_by":"Hexaghost","ascension_level":19}