{"gold_per_floor":[117,192,192,203,36,36,62,8,8,8,22,34,34,47,47,121,121,131,6,20,36,47,47,47],"floor_reached":24,"playtime":1093,"items_purged":["Strike_R"],"score":446,"play_id":"03babef0-88df-4087-8758-2e5181d9b7c9","local_time":"20190323185955","is_ascension_mode":true,"campfire_choices":[{"data":"Double Tap","floor":6,"key":"SMITH"},{"data":"Bash","floor":10,"key":"SMITH"},{"data":"Metallicize","floor":15,"key":"SMITH"},{"floor":23,"key":"REST"}],"neow_cost":"NONE","seed_source_timestamp":403715530811561,"circlet_count":0,"master_deck":["AscendersBane","Defend_R","Defend_R","Defend_R","Defend_R","Bash+1","Double Tap+1","Pommel Strike","Metallicize+1","Armaments","Battle Trance","Evolve","Dual Wield","Twin Strike","Offering","Hemokinesis+1","Wild Strike+1","Immolate+1","Shrug It Off","Shockwave","Shrug It Off"],"relics":["Burning Blood","NeowsBlessing","Anchor","Pantograph","Prayer Wheel","Astrolabe"],"potions_floor_usage":[16,20,22,22],"damage_taken":[{"damage":0,"enemies":"Small Slimes","floor":1,"turns":1},{"damage":0,"enemies":"2 Louse","floor":4,"turns":1},{"damage":0,"enemies":"Gremlin Nob","floor":7,"turns":1},{"damage":0,"enemies":"Cultist","floor":11,"turns":2},{"damage":11,"enemies":"Lots of Slimes","floor":12,"turns":6},{"damage":13,"enemies":"Blue Slaver","floor":14,"turns":4},{"damage":38,"enemies":"Hexaghost","floor":16,"turns":9},{"damage":47,"enemies":"3 Byrds","floor":18,"turns":7},{"damage":17,"enemies":"Spheric Guardian","floor":20,"turns":5},{"damage":25,"enemies":"Centurion and Healer","floor":21,"turns":8},{"damage":0,"enemies":"Snake Plant","floor":22,"turns":2},{"damage":38,"enemies":"Chosen and Byrds","floor":24,"turns":7}],"seed_played":"-2994211014347016024","potions_obtained":[{"floor":4,"key":"FairyPotion"},{"floor":7,"key":"Regen Potion"},{"floor":18,"key":"Poison Potion"},{"floor":21,"key":"Fire Potion"}],"is_trial":false,"path_per_floor":["M","?","?","M","$","R","E","$","T","R","M","M","?","M","R","B",null,"M","$","M","M","M","R","M"],"character_chosen":"IRONCLAD","items_purchased":["Double Tap","AttackPotion","Shrug It Off"],"campfire_rested":1,"item_purchase_floors":[5,8,19],"current_hp_per_floor":[74,63,58,64,64,64,70,70,70,70,75,70,70,63,63,43,67,26,26,29,10,16,38,0],"gold":47,"neow_bonus":"THREE_ENEMY_KILL","is_prod":false,"is_daily":false,"chose_seed":false,"campfire_upgraded":3,"win_rate":0,"timestamp":1553335195,"path_taken":["M","?","?","M","$","R","E","$","T","R","M","M","?","M","R","BOSS","M","?","M","?","M","R","M"],"build_version":"2019-01-23","purchased_purges":1,"victory":false,"max_hp_per_floor":[75,75,75,75,75,75,75,75,75,75,75,75,75,75,75,75,75,75,75,75,75,75,75,75],"card_choices":[{"not_picked":["Armaments","Perfected Strike","Thunderclap"],"picked":"SKIP","floor":1},{"not_picked":["Wild Strike","Clash","Bloodletting"],"picked":"SKIP","floor":4},{"not_picked":["True Grit","Body Slam"],"picked":"Pommel Strike","floor":7},{"not_picked":["Dual Wield","Sword Boomerang"],"picked":"Metallicize","floor":11},{"not_picked":["Havoc","True Grit"],"picked":"Armaments","floor":11},{"not_picked":["Heavy Blade","Thunderclap"],"picked":"Battle Trance","floor":12},{"not_picked":["Armaments","Berserk"],"picked":"Evolve","floor":12},{"not_picked":["True Grit","Cleave"],"picked":"Twin Strike","floor":14},{"not_picked":["Bloodletting","Twin Strike","Rupture"],"picked":"SKIP","floor":14},{"not_picked":["Double Tap","Impervious"],"picked":"Offering","floor":16},{"not_picked":["Flex","Pommel Strike","Perfected Strike"],"picked":"SKIP","floor":18},{"not_picked":["Headbutt","Combust","Clash"],"picked":"SKIP","floor":18},{"not_picked":["Body Slam","Disarm"],"picked":"Shockwave","floor":20},{"not_picked":["Iron Wave","Sword Boomerang","Havoc"],"picked":"SKIP","floor":20},{"not_picked":["Offering","Wild Strike+1"],"picked":"Shrug It Off","floor":21},{"not_picked":["Body Slam","Wild Strike","Headbutt+1"],"picked":"SKIP","floor":21},{"not_picked":["Searing Blow","Twin Strike","Clash"],"picked":"SKIP","floor":22},{"not_picked":["Flex","Wild Strike","Thunderclap"],"picked":"SKIP","floor":22}],"player_experience":781677,"relics_obtained":[{"floor":7,"key":"Pantograph"},{"floor":9,"key":"Prayer Wheel"}],"event_choices":[{"damage_healed":0,"gold_gain":75,"player_choice":"Gather Gold","damage_taken":11,"max_hp_gain":0,"max_hp_loss":0,"event_name":"World of Goop","floor":2,"gold_loss":0},{"damage_healed":0,"gold_gain":0,"player_choice":"Success","damage_taken":5,"relics_obtained":["Anchor"],"max_hp_gain":0,"max_hp_loss":0,"event_name":"Scrap Ooze","floor":3,"gold_loss":0},{"damage_healed":0,"gold_gain":0,"cards_transformed":["Strike_R"],"player_choice":"Transformed","damage_taken":0,"max_hp_gain":0,"max_hp_loss":0,"event_name":"Transmorgrifier","floor":13,"gold_loss":0,"cards_obtained":["Dual Wield"]}],"is_beta":false,"boss_relics":[{"not_picked":["Lizard Tail","Calling Bell"],"picked":"Astrolabe"}],"items_purged_floors":[19],"is_endless":false,"potions_floor_spawned":[4,7,12,18,21],"killed_by":"Chosen and Byrds","ascension_level":20}