{"gold_per_floor":[116,116,129,144,108,138,138,153,153,153,186,186,186,213,213,314,314,332,332,345,355,355,385,385,395,450,460,488,488,9,25,25,124,124,141,156,156,33,33,62,62,97,97,127,142,158,178,194,194,194,194,194,65,97,97],"floor_reached":55,"playtime":9442,"items_purged":["Writhe"],"score":883,"play_id":"6d6b8967-485d-4d5e-9db2-13371ea7b762","local_time":"20190511005636","is_ascension_mode":true,"campfire_choices":[{"floor":7.0,"key":"RECALL"},{"floor":10.0,"key":"REST"},{"data":"Noxious Fumes","floor":12.0,"key":"SMITH"},{"data":"Crippling Poison","floor":15.0,"key":"SMITH"},{"floor":24,"key":"REST"},{"floor":29,"key":"REST"},{"floor":32,"key":"REST"},{"data":"Envenom","floor":41,"key":"SMITH"},{"floor":49,"key":"REST"},{"data":"Footwork","floor":52,"key":"SMITH"}],"neow_cost":"NONE","seed_source_timestamp":0,"circlet_count":0,"master_deck":["Defend_G","Defend_G","Defend_G","Defend_G","Defend_G","Strike_G+1","Strike_G+1","Survivor","Neutralize+1","After Image","Terror","PiercingWail+1","Dagger Spray","Crippling Poison+1","Blur","Noxious Fumes+1","Flechettes","After Image","Grand Finale+1","Malaise+1","Acrobatics+1","Flying Knee+1","RitualDagger","Cloak And Dagger+1","Well Laid Plans","Envenom+1","Leg Sweep+1","Footwork+1","Catalyst+1","Adrenaline+1","Blur+1","Corpse Explosion+1","Backflip+1","Thinking Ahead+1","Deadly Poison+1","Backflip+1","Flechettes+1"],"special_seed":0,"relics":["Ring of the Snake","Whetstone","Calipers","Toxic Egg 2","Astrolabe","Blue Candle","Vajra","Pantograph","Sundial","Orichalcum","Philosopher\u0027s Stone","Blood Vial","Tough Bandages","Kunai","Strawberry","Oddly Smooth Stone"],"potions_floor_usage":[28,31,36,44,46,48,50,50,54,55],"damage_taken":[{"damage":0.0,"enemies":"Small Slimes","floor":1.0,"turns":4.0},{"damage":1.0,"enemies":"Jaw Worm","floor":3.0,"turns":5.0},{"damage":0.0,"enemies":"2 Louse","floor":4.0,"turns":3.0},{"damage":37.0,"enemies":"Gremlin Nob","floor":6.0,"turns":7.0},{"damage":9.0,"enemies":"Blue Slaver","floor":8.0,"turns":5.0},{"damage":0.0,"enemies":"Lagavulin","floor":11.0,"turns":12.0},{"damage":15.0,"enemies":"3 Sentries","floor":14.0,"turns":6.0},{"damage":3.0,"enemies":"The Guardian","floor":16.0,"turns":10.0},{"damage":0.0,"enemies":"Chosen","floor":18.0,"turns":7.0},{"damage":8.0,"enemies":"3 Byrds","floor":20.0,"turns":7.0},{"damage":17.0,"enemies":"Sentry and Sphere","floor":21.0,"turns":9.0},{"damage":30.0,"enemies":"Slavers","floor":23.0,"turns":7.0},{"damage":0,"enemies":"Snecko","floor":25,"turns":6},{"damage":2,"enemies":"Snake Plant","floor":27,"turns":5},{"damage":13,"enemies":"Book of Stabbing","floor":28,"turns":10},{"damage":4,"enemies":"Centurion and Healer","floor":31,"turns":7},{"damage":57,"enemies":"Collector","floor":33,"turns":10},{"damage":1,"enemies":"Orb Walker","floor":35,"turns":5},{"damage":17,"enemies":"3 Darklings","floor":36,"turns":2},{"damage":11,"enemies":"Nemesis","floor":40,"turns":9},{"damage":5,"enemies":"Giant Head","floor":42,"turns":9},{"damage":18,"enemies":"Nemesis","floor":44,"turns":9},{"damage":21,"enemies":"4 Shapes","floor":45,"turns":4},{"damage":17,"enemies":"Transient","floor":46,"turns":5},{"damage":4,"enemies":"Writhing Mass","floor":47,"turns":9},{"damage":9,"enemies":"3 Darklings","floor":48,"turns":4},{"damage":42,"enemies":"Donu and Deca","floor":50,"turns":8},{"damage":43,"enemies":"Shield and Spear","floor":54,"turns":6},{"damage":63,"enemies":"The Heart","floor":55,"turns":6}],"seed_played":"8152822188570190406","potions_obtained":[{"floor":4.0,"key":"Regen Potion"},{"floor":6.0,"key":"Explosive Potion"},{"floor":16.0,"key":"EssenceOfSteel"},{"floor":21.0,"key":"Block Potion"},{"floor":23.0,"key":"PowerPotion"},{"floor":28,"key":"SkillPotion"},{"floor":33,"key":"Explosive Potion"},{"floor":35,"key":"Ancient Potion"},{"floor":44,"key":"Fire Potion"},{"floor":47,"key":"SpeedPotion"},{"floor":48,"key":"Explosive Potion"}],"is_trial":false,"path_per_floor":["M","?","M","M","$","E","R","M","T","R","E","R","?","E","R","B",null,"M","?","M","M","?","E","R","M","T","M","E","R","$","M","R","B",null,"M","M","?","$","?","E","R","E","T","E","M","M","M","M","R","B",null,"R","$","E","B"],"character_chosen":"THE_SILENT","items_purchased":["Crippling Poison","Adrenaline+1","Sundial","Orichalcum","PowerPotion","LiquidBronze","SpeedPotion"],"campfire_rested":5,"item_purchase_floors":[5,30,30,30,38,53,53],"current_hp_per_floor":[70,70,69,69,69,44,44,35,35,56,56,56,42,27,27,24,70,70,64,56,39,39,9,30,30,30,28,15,36,36,32,53,13,70,69,52,70,70,70,59,59,56,56,47,28,13,11,4,27,12,77,77,77,34,0],"gold":97,"neow_bonus":"ONE_RANDOM_RARE_CARD","is_prod":false,"is_daily":false,"chose_seed":false,"campfire_upgraded":4,"win_rate":0,"timestamp":1557528996,"path_taken":["M","?","M","M","$","E","R","M","T","R","E","R","?","E","R","BOSS","BOSS","M","?","M","M","?","E","R","M","T","M","E","R","$","M","R","BOSS","M","M","?","$","?","E","R","E","T","E","M","M","M","M","R","BOSS","R","$","E","BOSS"],"build_version":"2019-01-23","purchased_purges":1,"victory":false,"max_hp_per_floor":[70,70,70,70,70,70,70,70,70,70,70,70,70,70,70,70,70,70,70,70,70,70,70,70,70,70,70,70,70,70,70,70,70,70,70,70,70,70,70,70,70,70,70,77,77,77,77,77,77,77,77,77,77,77,77],"card_choices":[{"not_picked":["Deflect","Blade Dance"],"picked":"Terror","floor":1.0},{"not_picked":["Dagger Throw","Terror"],"picked":"PiercingWail","floor":3.0},{"not_picked":["Quick Slash","Deflect"],"picked":"Dagger Spray","floor":4.0},{"not_picked":["Prepared","Accuracy","Poisoned Stab"],"picked":"SKIP","floor":6.0},{"not_picked":["Blade Dance","Deadly Poison"],"picked":"Blur","floor":8.0},{"not_picked":["Dash","Phantasmal Killer"],"picked":"Noxious Fumes","floor":11.0},{"not_picked":["Deflect","Storm of Steel"],"picked":"Flechettes","floor":14.0},{"not_picked":["Night Terror+1","Phantasmal Killer+1"],"picked":"After Image","floor":16.0},{"not_picked":["Quick Slash","Dodge and Roll+1"],"picked":"Flying Knee+1","floor":18.0},{"not_picked":["Dagger Throw","Deflect+1"],"picked":"Cloak And Dagger+1","floor":20.0},{"not_picked":["Crippling Poison+1","Blade Dance+1"],"picked":"Well Laid Plans","floor":21.0},{"not_picked":["Quick Slash","Choke+1"],"picked":"Envenom","floor":23.0},{"not_picked":["Blade Dance+1","Tactician+1"],"picked":"Leg Sweep+1","floor":25},{"not_picked":["Dagger Throw","Tactician+1"],"picked":"Footwork","floor":27},{"not_picked":["Outmaneuver+1","PiercingWail+1"],"picked":"Catalyst+1","floor":28},{"not_picked":["Prepared+1","Deadly Poison+1"],"picked":"Blur+1","floor":31},{"not_picked":["Malaise+1","Die Die Die"],"picked":"Corpse Explosion+1","floor":33},{"not_picked":["Flying Knee","Dagger Throw+1","Terror+1"],"picked":"SKIP","floor":35},{"not_picked":["Dodge and Roll+1","Poisoned Stab+1"],"picked":"Backflip+1","floor":36},{"not_picked":["Panache","Blind+1"],"picked":"Thinking Ahead+1","floor":39},{"not_picked":["Terror+1","Bane"],"picked":"Deadly Poison+1","floor":40},{"not_picked":["Deadly Poison+1","Setup+1","Tools of the Trade"],"picked":"SKIP","floor":42},{"not_picked":["Dodge and Roll+1","Underhanded Strike","Concentrate+1"],"picked":"SKIP","floor":44},{"not_picked":["Dodge and Roll+1","Deflect+1"],"picked":"Backflip+1","floor":45},{"not_picked":["Terror+1","Quick Slash+1","Bane"],"picked":"SKIP","floor":46},{"not_picked":["Eviscerate","Poisoned Stab+1","Reflex+1"],"picked":"SKIP","floor":47},{"not_picked":["Corpse Explosion+1","Tactician+1"],"picked":"Flechettes+1","floor":48},{"not_picked":["Cloak And Dagger+1","Deadly Poison+1","Wraith Form v2"],"picked":"SKIP","floor":54}],"player_experience":275241,"relics_obtained":[{"floor":6.0,"key":"Whetstone"},{"floor":11.0,"key":"Calipers"},{"floor":14.0,"key":"Toxic Egg 2"},{"floor":23.0,"key":"Blue Candle"},{"floor":26,"key":"Vajra"},{"floor":28,"key":"Pantograph"},{"floor":40,"key":"Blood Vial"},{"floor":42,"key":"Tough Bandages"},{"floor":43,"key":"Kunai"},{"floor":44,"key":"Strawberry"},{"floor":54,"key":"Oddly Smooth Stone"}],"event_choices":[{"damage_healed":0.0,"max_hp_gain":0.0,"max_hp_loss":0.0,"gold_gain":0.0,"event_name":"The Cleric","player_choice":"Leave","floor":2.0,"gold_loss":0.0,"damage_taken":0.0},{"damage_healed":0.0,"max_hp_gain":0.0,"max_hp_loss":0.0,"gold_gain":0.0,"event_name":"Shining Light","player_choice":"Entered Light","floor":13.0,"gold_loss":0.0,"damage_taken":14.0,"cards_upgraded":["Strike_G","PiercingWail"]},{"damage_healed":0.0,"max_hp_gain":0.0,"max_hp_loss":0.0,"gold_gain":0.0,"event_name":"Nest","player_choice":"Joined the Cult","floor":19.0,"gold_loss":0.0,"damage_taken":6.0,"cards_obtained":["RitualDagger"]},{"damage_healed":0.0,"max_hp_gain":0.0,"max_hp_loss":0.0,"gold_gain":0.0,"event_name":"Beggar","player_choice":"Ignored","floor":22.0,"gold_loss":0.0,"damage_taken":0.0},{"damage_healed":18,"gold_gain":0,"player_choice":"Writhe","damage_taken":0,"max_hp_gain":0,"max_hp_loss":0,"event_name":"Winding Halls","floor":37,"gold_loss":0,"cards_obtained":["Writhe"]},{"damage_healed":0,"gold_gain":0,"player_choice":"Memory 1","damage_taken":0,"max_hp_gain":0,"max_hp_loss":0,"event_name":"SensoryStone","floor":39,"gold_loss":0}],"is_beta":false,"boss_relics":[{"not_picked":["Pandora\u0027s Box","Runic Pyramid"],"picked":"Astrolabe"},{"not_picked":["Orrery","Runic Dome"],"picked":"Philosopher\u0027s Stone"}],"items_purged_floors":[38],"is_endless":false,"potions_floor_spawned":[4,6,16,21,23,28,33,35,44,47,48],"killed_by":"The Heart","ascension_level":1}