{"gold_per_floor":[112,112,112,132,48,48,69,69,93,126,126,194,194,525,525,615,615,640,640,293,293,317,317,317,21,21,41,85,85,129,129,129,219,219,240,259,259,592,592,625,644,44,44,44,61,88,88,88],"floor_reached":48,"playtime":3164,"items_purged":["Writhe","Strike_R","Strike_R"],"score":1085,"play_id":"37c11ccc-3819-42da-8aea-0efe9dd79332","local_time":"20190422223540","is_ascension_mode":true,"campfire_choices":[{"data":"Bash","floor":6,"key":"SMITH"},{"floor":8,"key":"REST"},{"floor":13,"key":"REST"},{"data":"Twin Strike","floor":15,"key":"SMITH"},{"data":"Carnage","floor":23,"key":"SMITH"},{"data":"Whirlwind","floor":29,"key":"SMITH"},{"floor":32,"key":"REST"},{"floor":44,"key":"REST"},{"floor":47,"key":"RECALL"}],"neow_cost":"NONE","seed_source_timestamp":308143220218565,"circlet_count":0,"master_deck":["AscendersBane","Strike_R","Strike_R","Defend_R+1","Defend_R","Defend_R","Defend_R+1","Bash+1","Seeing Red","Shrug It Off+1","Shrug It Off","Metallicize","Thunderclap","Twin Strike+1","Impervious","Carnage+1","True Grit+1","Inflame","Whirlwind+1","Shockwave","Heavy Blade+1","Body Slam+1","Demon Form","Warcry+1","Uppercut","Normality","Reaper"],"relics":["Burning Blood","Art of War","Centennial Puzzle","Orichalcum","Champion Belt","Old Coin","Cursed Key","Gremlin Horn","Kunai","Anchor","Darkstone Periapt","War Paint","White Beast Statue","Vajra","Membership Card","Ginger","Regal Pillow","Strawberry"],"potions_floor_usage":[10,16,28,30,31,46,46,46,48,48],"damage_taken":[{"damage":3,"enemies":"2 Louse","floor":1,"turns":2},{"damage":6,"enemies":"Small Slimes","floor":4,"turns":5},{"damage":0,"enemies":"Jaw Worm","floor":7,"turns":4},{"damage":20,"enemies":"3 Sentries","floor":10,"turns":12},{"damage":25,"enemies":"3 Sentries","floor":12,"turns":22},{"damage":24,"enemies":"Gremlin Nob","floor":14,"turns":5},{"damage":20,"enemies":"The Guardian","floor":16,"turns":11},{"damage":4,"enemies":"Shell Parasite","floor":18,"turns":7},{"damage":10,"enemies":"Spheric Guardian","floor":22,"turns":7},{"damage":4,"enemies":"Centurion and Healer","floor":27,"turns":6},{"damage":18,"enemies":"Slavers","floor":28,"turns":6},{"damage":33,"enemies":"Book of Stabbing","floor":30,"turns":6},{"damage":0,"enemies":"Colosseum Slavers","floor":31,"turns":1},{"damage":8,"enemies":"Collector","floor":33,"turns":8},{"damage":13,"enemies":"3 Darklings","floor":35,"turns":3},{"damage":1,"enemies":"Orb Walker","floor":36,"turns":3},{"damage":15,"enemies":"Nemesis","floor":40,"turns":7},{"damage":17,"enemies":"Maw","floor":41,"turns":7},{"damage":13,"enemies":"Sphere and 2 Shapes","floor":45,"turns":8},{"damage":25,"enemies":"Reptomancer","floor":46,"turns":7},{"damage":86,"enemies":"Giant Head","floor":48,"turns":7}],"seed_played":"-6699486314661343640","potions_obtained":[{"floor":10,"key":"Swift Potion"},{"floor":12,"key":"SkillPotion"},{"floor":28,"key":"SkillPotion"},{"floor":30,"key":"Strength Potion"},{"floor":35,"key":"FearPotion"},{"floor":36,"key":"Strength Potion"},{"floor":46,"key":"SkillPotion"}],"is_trial":false,"path_per_floor":["M","?","?","M","$","R","M","R","T","E","?","?","R","E","R","B",null,"M","?","$","?","M","R","?","$","T","M","E","R","E","?","R","B",null,"M","M","?","?","?","E","M","$","T","R","M","E","R","E"],"character_chosen":"IRONCLAD","items_purchased":["Shrug It Off","Strength Potion","Kunai","Whirlwind","Anchor","Membership Card","Ginger","Regal Pillow","EntropicBrew"],"campfire_rested":4,"item_purchase_floors":[5,5,20,25,25,42,42,42,42],"current_hp_per_floor":[71,68,33,33,33,33,39,59,59,45,45,26,46,28,28,14,55,57,57,57,57,53,53,53,53,53,55,43,43,16,22,42,40,61,54,59,59,59,49,40,29,29,35,72,65,53,53,0],"gold":88,"neow_bonus":"REMOVE_CARD","is_prod":false,"is_daily":false,"chose_seed":false,"campfire_upgraded":4,"win_rate":0,"timestamp":1555940140,"path_taken":["M","?","?","M","$","R","M","R","T","E","?","?","R","E","R","BOSS","M","?","$","?","M","R","?","$","T","M","E","R","E","?","R","BOSS","M","M","?","?","?","E","?","$","T","R","M","E","R","E"],"build_version":"2019-01-23","purchased_purges":3,"victory":false,"max_hp_per_floor":[75,68,68,68,68,68,68,68,68,68,68,68,68,68,68,68,68,68,68,68,68,68,68,68,68,68,68,68,68,68,68,68,68,68,68,68,68,68,68,68,68,68,74,74,74,81,81,81],"card_choices":[{"not_picked":["Warcry","Havoc"],"picked":"Seeing Red","floor":1},{"not_picked":["Limit Break","Warcry"],"picked":"Shrug It Off","floor":4},{"not_picked":["Warcry","Flex"],"picked":"Metallicize","floor":7},{"not_picked":["Flex","Havoc","Body Slam"],"picked":"SKIP","floor":10},{"not_picked":["Wild Strike","Havoc"],"picked":"Thunderclap","floor":12},{"not_picked":["Evolve","Dark Embrace"],"picked":"Twin Strike","floor":14},{"not_picked":["Limit Break","Brutality"],"picked":"Impervious","floor":16},{"not_picked":["Body Slam","Blood for Blood"],"picked":"Carnage","floor":18},{"not_picked":["Twin Strike","Heavy Blade"],"picked":"True Grit+1","floor":22},{"not_picked":["Flex","Battle Trance"],"picked":"Shockwave","floor":27},{"not_picked":["True Grit","Clash"],"picked":"Heavy Blade+1","floor":28},{"not_picked":["Thunderclap","True Grit"],"picked":"Body Slam+1","floor":30},{"not_picked":["Dark Embrace","Exhume"],"picked":"Demon Form","floor":33},{"not_picked":["Havoc","Cleave","Anger"],"picked":"SKIP","floor":35},{"not_picked":["Sentinel+1","Armaments"],"picked":"Warcry+1","floor":36},{"not_picked":["Body Slam","Armaments"],"picked":"Uppercut","floor":40},{"not_picked":["Power Through","Carnage","Clash"],"picked":"SKIP","floor":41},{"not_picked":["Uppercut+1","Intimidate"],"picked":"Reaper","floor":45},{"not_picked":["Anger","Demon Form","Clash+1"],"picked":"SKIP","floor":46}],"player_experience":1047291,"relics_obtained":[{"floor":9,"key":"Centennial Puzzle"},{"floor":10,"key":"Orichalcum"},{"floor":12,"key":"Champion Belt"},{"floor":14,"key":"Old Coin"},{"floor":28,"key":"Darkstone Periapt"},{"floor":30,"key":"War Paint"},{"floor":40,"key":"Vajra"},{"floor":46,"key":"Strawberry"}],"event_choices":[{"damage_healed":0,"gold_gain":0,"player_choice":"Lose Max HP","damage_taken":0,"relics_obtained":["Golden Idol"],"max_hp_gain":0,"max_hp_loss":7,"event_name":"Golden Idol","floor":2,"gold_loss":0},{"damage_healed":0,"gold_gain":0,"player_choice":"Success","damage_taken":35,"relics_obtained":["Art of War"],"max_hp_gain":0,"max_hp_loss":0,"event_name":"Scrap Ooze","floor":3,"gold_loss":0},{"damage_healed":0,"gold_gain":0,"player_choice":"Grow","damage_taken":0,"max_hp_gain":0,"max_hp_loss":0,"event_name":"Living Wall","floor":11,"gold_loss":0,"cards_upgraded":["Shrug It Off"]},{"damage_healed":0,"gold_gain":30,"player_choice":"Searched \u00272\u0027 times","damage_taken":0,"max_hp_gain":0,"max_hp_loss":0,"event_name":"Dead Adventurer","floor":12,"gold_loss":0},{"damage_healed":0,"gold_gain":0,"player_choice":"Opened","damage_taken":0,"relics_obtained":["Gremlin Horn"],"max_hp_gain":0,"max_hp_loss":0,"event_name":"The Mausoleum","floor":19,"gold_loss":0,"cards_obtained":["Writhe"]},{"damage_healed":0,"gold_gain":0,"player_choice":"Ignored","damage_taken":0,"max_hp_gain":0,"max_hp_loss":0,"event_name":"Vampires","floor":21,"gold_loss":0},{"damage_healed":0,"gold_gain":0,"player_choice":"Read","damage_taken":0,"max_hp_gain":0,"max_hp_loss":0,"event_name":"The Library","floor":24,"gold_loss":0,"cards_obtained":["Inflame"]},{"damage_healed":0,"gold_gain":0,"player_choice":"Fight","damage_taken":0,"max_hp_gain":0,"max_hp_loss":0,"event_name":"Colosseum","floor":31,"gold_loss":0},{"damage_healed":0,"gold_gain":0,"player_choice":"Fled From Nobs","damage_taken":0,"max_hp_gain":0,"max_hp_loss":0,"event_name":"Colosseum","floor":31,"gold_loss":0},{"damage_healed":0,"gold_gain":0,"player_choice":"Ignored","damage_taken":0,"max_hp_gain":0,"max_hp_loss":0,"event_name":"Tomb of Lord Red Mask","floor":37,"gold_loss":0},{"damage_healed":0,"gold_gain":333,"player_choice":"Gave Idol","damage_taken":0,"max_hp_gain":0,"max_hp_loss":0,"event_name":"The Moai Head","floor":38,"relics_lost":["Golden Idol"],"gold_loss":0},{"damage_healed":0,"gold_gain":0,"player_choice":"Damaged","damage_taken":10,"max_hp_gain":0,"max_hp_loss":0,"event_name":"Wheel of Change","floor":39,"gold_loss":0}],"is_beta":false,"boss_relics":[{"not_picked":["Busted Crown","Eternal Feather"],"picked":"Cursed Key"},{"not_picked":["Black Star","Mark of Pain"],"picked":"White Beast Statue"}],"items_purged_floors":[20,25,42],"is_endless":false,"potions_floor_spawned":[10,12,14,28,30,35,36,40,41,45,46],"killed_by":"Giant Head","ascension_level":20}