{"gold_per_floor":[112,129,129,129,155,155,184,209,298,310,322,334,346,20,20,20],"floor_reached":16,"playtime":358,"items_purged":[],"score":168,"play_id":"361f5a4c-c375-4be3-b76e-42ad22f314f1","local_time":"20190122004246","is_ascension_mode":true,"campfire_choices":[{"data":"Noxious Fumes","floor":6,"key":"SMITH"},{"data":"Predator","floor":11,"key":"SMITH"},{"data":"Blur","floor":13,"key":"SMITH"},{"data":"Adrenaline","floor":15,"key":"SMITH"}],"neow_cost":"NONE","seed_source_timestamp":1468733662930610,"circlet_count":0,"master_deck":["AscendersBane","Defend_G","Defend_G","Defend_G","Defend_G","Defend_G","Strike_G","Strike_G","Strike_G","Strike_G","Strike_G","Survivor","Neutralize+1","Noxious Fumes+1","Dagger Spray+1","Predator+1","Blur+1","Adrenaline+1"],"relics":["Ring of the Snake","Omamori","MawBank","Dodecahedron","Golden Idol","Strange Spoon"],"potions_floor_usage":[7,16],"damage_taken":[{"damage":2,"enemies":"Cultist","floor":1,"turns":4},{"damage":0,"enemies":"Jaw Worm","floor":2,"turns":4},{"damage":12,"enemies":"Gremlin Nob","floor":7,"turns":4},{"damage":0,"enemies":"2 Louse","floor":8,"turns":3},{"damage":55,"enemies":"Slime Boss","floor":16,"turns":6}],"seed_played":"-4909133211060210391","potions_obtained":[{"floor":1,"key":"Energy Potion"},{"floor":2,"key":"Poison Potion"}],"is_trial":false,"path_per_floor":["M","M","?","?","T","R","E","M","T","?","R","$","R","$","R","B"],"character_chosen":"THE_SILENT","items_purchased":["Strange Spoon","Adrenaline"],"campfire_rested":0,"item_purchase_floors":[14,14],"current_hp_per_floor":[57,57,57,62,62,62,50,50,50,50,50,50,50,50,50,0],"gold":20,"neow_bonus":"UPGRADE_CARD","is_prod":false,"is_daily":false,"chose_seed":false,"campfire_upgraded":4,"win_rate":0,"timestamp":1548085366,"path_taken":["M","?","?","?","?","R","E","M","T","?","R","$","R","?","R","BOSS"],"build_version":"2019-01-17v2","purchased_purges":0,"victory":false,"max_hp_per_floor":[66,66,66,71,71,71,71,71,71,64,64,64,64,64,64,64],"card_choices":[{"not_picked":["Flying Knee","Expertise"],"picked":"Noxious Fumes","floor":1},{"not_picked":["Reflex","Skewer"],"picked":"Dagger Spray","floor":2},{"not_picked":["Backflip","Prepared"],"picked":"Predator","floor":7},{"not_picked":["Infinite Blades","Sucker Punch"],"picked":"Blur","floor":8}],"player_experience":422897,"relics_obtained":[{"floor":5,"key":"Omamori"},{"floor":7,"key":"MawBank"},{"floor":9,"key":"Dodecahedron"}],"event_choices":[{"damage_healed":0,"gold_gain":0,"player_choice":"Grow","damage_taken":0,"max_hp_gain":0,"max_hp_loss":0,"event_name":"Living Wall","floor":3,"gold_loss":0,"cards_upgraded":["Dagger Spray"]},{"damage_healed":0,"gold_gain":0,"player_choice":"Donut","damage_taken":0,"max_hp_gain":5,"max_hp_loss":0,"event_name":"Big Fish","floor":4,"gold_loss":0},{"damage_healed":0,"gold_gain":0,"player_choice":"Lose Max HP","damage_taken":0,"relics_obtained":["Golden Idol"],"max_hp_gain":0,"max_hp_loss":7,"event_name":"Golden Idol","floor":10,"gold_loss":0}],"is_beta":false,"boss_relics":[],"items_purged_floors":[],"is_endless":false,"potions_floor_spawned":[1,2],"killed_by":"Slime Boss","ascension_level":15}