{"gold_per_floor":[369,384,384,559,13,13,13,13,93,105,119,119,119,135,135,240,240,251,270,270,270,20,50,50,69,96,96,107,107,57,57,57,154,154,173,19,36,36,36],"floor_reached":39,"playtime":1508,"items_purged":["Doubt"],"score":489,"play_id":"0bfad2fb-6111-46c9-a3d8-fa015524c445","local_time":"20181024180921","is_ascension_mode":true,"campfire_choices":[{"data":"Static Discharge","floor":6,"key":"SMITH"},{"data":"Static Discharge","floor":13,"key":"SMITH"},{"data":"Reinforced Body","floor":15,"key":"SMITH"},{"floor":24,"key":"REST"},{"data":"Steam","floor":27,"key":"SMITH"},{"floor":29,"key":"REST"},{"floor":32,"key":"REST"}],"neow_cost":"TEN_PERCENT_HP_LOSS","seed_source_timestamp":331879959028665,"circlet_count":0,"master_deck":["Strike_B","Defend_B","Defend_B","Defend_B","Defend_B","Zap","Dualcast","Cold Snap","Loop","Doom and Gloom","Static Discharge+1","Steam","Static Discharge+1","Parasite","Reinforced Body+1","Steam+1","Electrodynamics","Multi-Cast","Turbo","Self Repair","Auto Shields","Conserve Battery","Skim","Conserve Battery","Steam","Steam+1"],"relics":["Cracked Core","DollysMirror","Meat on the Bone","Empty Cage","Symbiotic Virus","Bottled Tornado","DataDisk","Coffee Dripper"],"potions_floor_usage":[16,21,23,28,33,33,39],"damage_taken":[{"damage":0,"enemies":"2 Louse","floor":1,"turns":2},{"damage":10,"enemies":"Small Slimes","floor":2,"turns":3},{"damage":2,"enemies":"Jaw Worm","floor":10,"turns":4},{"damage":5,"enemies":"Exordium Wildlife","floor":11,"turns":4},{"damage":0,"enemies":"3 Louse","floor":14,"turns":3},{"damage":16,"enemies":"Hexaghost","floor":16,"turns":5},{"damage":21,"enemies":"2 Thieves","floor":18,"turns":2},{"damage":13,"enemies":"Shell Parasite","floor":19,"turns":4},{"damage":25,"enemies":"Colosseum Slavers","floor":21,"turns":3},{"damage":20,"enemies":"Slavers","floor":23,"turns":5},{"damage":20,"enemies":"Snecko","floor":25,"turns":5},{"damage":39,"enemies":"Shelled Parasite and Fungi","floor":28,"turns":6},{"damage":28,"enemies":"Collector","floor":33,"turns":8},{"damage":26,"enemies":"3 Darklings","floor":35,"turns":4},{"damage":15,"enemies":"Orb Walker","floor":37,"turns":3},{"damage":62,"enemies":"Transient","floor":39,"turns":5}],"seed_played":"8464645082123128327","potions_obtained":[{"floor":2,"key":"FocusPotion"},{"floor":14,"key":"Explosive Potion"},{"floor":16,"key":"Fire Potion"},{"floor":23,"key":"Fire Potion"},{"floor":25,"key":"FocusPotion"},{"floor":28,"key":"FearPotion"},{"floor":35,"key":"FocusPotion"}],"is_trial":false,"path_per_floor":["M","M","?","?","$","R","?","?","T","M","M","?","R","M","R","B",null,"M","M","?","?","$","E","R","M","T","R","M","R","?","$","R","B",null,"M","$","M","?"],"character_chosen":"DEFECT","items_purchased":["Doom and Gloom","Static Discharge","Steam","DollysMirror","Block Potion","Symbiotic Virus","Conserve Battery","Steam","Block Potion"],"campfire_rested":3,"item_purchase_floors":[5,5,5,5,5,22,36,36,36],"current_hp_per_floor":[68,58,63,63,63,63,73,73,73,71,66,66,66,66,66,50,73,52,39,39,33,33,32,53,45,45,45,18,39,39,39,60,51,73,54,54,46,46,0],"gold":36,"neow_bonus":"TWO_FIFTY_GOLD","is_prod":false,"is_daily":false,"chose_seed":false,"campfire_upgraded":4,"win_rate":0,"timestamp":1540397361,"path_taken":["M","M","?","?","$","R","?","?","T","M","M","?","R","M","R","BOSS","M","M","?","?","$","E","R","M","T","R","?","R","?","$","R","BOSS","M","$","M","?","M"],"build_version":"2018-10-18","purchased_purges":1,"victory":false,"max_hp_per_floor":[68,68,73,73,73,73,73,73,73,73,73,73,73,73,73,73,73,73,73,73,73,73,73,73,73,73,73,73,73,73,73,73,73,73,73,73,73,69,69],"card_choices":[{"not_picked":["Rebound","Go for the Eyes"],"picked":"Cold Snap","floor":1},{"not_picked":["Barrage","Chill"],"picked":"Loop","floor":2},{"not_picked":["Hologram","Skim"],"picked":"Reinforced Body","floor":10},{"not_picked":["Sweeping Beam","Coolheaded"],"picked":"Steam","floor":11},{"not_picked":["Stack","Turbo"],"picked":"Electrodynamics","floor":14},{"not_picked":["Fission","Echo Form"],"picked":"Multi-Cast","floor":16},{"not_picked":["Redo","Gash","Melter+1"],"picked":"SKIP","floor":18},{"not_picked":["Redo","Rip and Tear"],"picked":"Turbo","floor":19},{"not_picked":["Lockon","Heatsinks"],"picked":"Auto Shields","floor":23},{"not_picked":["Machine Learning","Cold Snap"],"picked":"Conserve Battery","floor":25},{"not_picked":["Hologram","Steam Power"],"picked":"Skim","floor":28},{"not_picked":["Rebound","Turbo+1","Go for the Eyes"],"picked":"SKIP","floor":35},{"not_picked":["Hologram","Barrage"],"picked":"Steam+1","floor":37}],"player_experience":243160,"relics_obtained":[{"floor":9,"key":"Meat on the Bone"},{"floor":23,"key":"Bottled Tornado"},{"floor":26,"key":"DataDisk"}],"event_choices":[{"damage_healed":0,"gold_gain":0,"player_choice":"Donut","damage_taken":0,"max_hp_gain":5,"max_hp_loss":0,"event_name":"Big Fish","floor":3,"gold_loss":0},{"damage_healed":0,"gold_gain":175,"player_choice":"AGREE","damage_taken":0,"max_hp_gain":0,"max_hp_loss":0,"event_name":"Liars Game","floor":4,"gold_loss":0,"cards_obtained":["Doubt"]},{"damage_healed":18,"gold_gain":0,"player_choice":"Healed and dodged fight","damage_taken":0,"max_hp_gain":0,"max_hp_loss":0,"event_name":"Mushrooms","floor":7,"gold_loss":0,"cards_obtained":["Parasite"]},{"cards_removed":["Strike_B"],"damage_healed":0,"gold_gain":0,"player_choice":"Forget","damage_taken":0,"max_hp_gain":0,"max_hp_loss":0,"event_name":"Living Wall","floor":8,"gold_loss":0},{"damage_healed":0,"gold_gain":0,"player_choice":"Bought 0 Potions","damage_taken":0,"max_hp_gain":0,"max_hp_loss":0,"event_name":"The Woman in Blue","floor":12,"gold_loss":0},{"damage_healed":0,"gold_gain":0,"player_choice":"Read","damage_taken":0,"max_hp_gain":0,"max_hp_loss":0,"event_name":"The Library","floor":20,"gold_loss":0,"cards_obtained":["Self Repair"]},{"damage_healed":0,"gold_gain":0,"player_choice":"Fight","damage_taken":0,"max_hp_gain":0,"max_hp_loss":0,"event_name":"Colosseum","floor":21,"gold_loss":0},{"damage_healed":0,"gold_gain":0,"player_choice":"Fled From Nobs","damage_taken":0,"max_hp_gain":0,"max_hp_loss":0,"event_name":"Colosseum","floor":21,"gold_loss":0},{"damage_healed":0,"gold_gain":0,"player_choice":"Bet on Murderer","damage_taken":0,"max_hp_gain":0,"max_hp_loss":0,"event_name":"The Joust","floor":30,"gold_loss":50},{"damage_healed":0,"gold_gain":0,"player_choice":"Max HP","damage_taken":0,"max_hp_gain":0,"max_hp_loss":4,"event_name":"Winding Halls","floor":38,"gold_loss":0}],"is_beta":false,"boss_relics":[{"not_picked":["Pandora\u0027s Box","Ectoplasm"],"picked":"Empty Cage"},{"not_picked":["Nuclear Battery","Runic Pyramid"],"picked":"Coffee Dripper"}],"items_purged_floors":[5],"is_endless":false,"potions_floor_spawned":[2,14,16,23,25,28,35],"killed_by":"Transient","ascension_level":4}