{"gold_per_floor":[212,212,40,40,40,51,66,96,166,166],"floor_reached":10,"playtime":5267,"items_purged":["Strike_B"],"score":129,"play_id":"491e6e59-7201-4e06-8f5b-68324f44de86","local_time":"20190411153802","is_ascension_mode":true,"campfire_choices":[],"neow_cost":"NONE","seed_source_timestamp":2039026537200,"circlet_count":0,"master_deck":["AscendersBane","Strike_B","Strike_B","Defend_B","Defend_B","Defend_B","Defend_B","Zap","Dualcast","Compile Driver","Coolheaded","Self Repair","Regret","Compile Driver","FTL"],"relics":["Cracked Core","Strawberry","Blood Vial","Singing Bowl"],"potions_floor_usage":[8],"damage_taken":[{"damage":7,"enemies":"Small Slimes","floor":1,"turns":3},{"damage":11,"enemies":"Jaw Worm","floor":6,"turns":7},{"damage":3,"enemies":"Cultist","floor":7,"turns":4},{"damage":41,"enemies":"Gremlin Nob","floor":8,"turns":4},{"damage":31,"enemies":"Lagavulin","floor":10,"turns":7}],"seed_played":"7213512296285137559","potions_obtained":[{"floor":6,"key":"Poison Potion"}],"is_trial":false,"path_per_floor":["M","?","$","?","$","M","M","E","T","E"],"character_chosen":"DEFECT","items_purchased":["Coolheaded","Self Repair"],"campfire_rested":0,"item_purchase_floors":[3,3],"current_hp_per_floor":[57,50,50,57,57,53,57,23,23,0],"gold":166,"neow_bonus":"HUNDRED_GOLD","is_prod":false,"is_daily":false,"chose_seed":false,"campfire_upgraded":0,"win_rate":0,"timestamp":1554989882,"path_taken":["M","?","$","?","?","M","M","E","T","E"],"build_version":"2019-01-23","purchased_purges":1,"victory":false,"max_hp_per_floor":[71,71,71,78,78,78,78,78,78,78],"card_choices":[{"not_picked":["Rebound","Gash"],"picked":"Compile Driver","floor":1},{"not_picked":["Streamline","Storm"],"picked":"Compile Driver","floor":6},{"not_picked":["Redo","Darkness"],"picked":"FTL","floor":7},{"not_picked":["Rebound","Cold Snap","Storm"],"picked":"SKIP","floor":8}],"player_experience":530950,"relics_obtained":[{"floor":8,"key":"Blood Vial"},{"floor":9,"key":"Singing Bowl"}],"event_choices":[{"cards_removed":["Strike_B"],"damage_healed":0,"gold_gain":0,"player_choice":"Card Removal","damage_taken":7,"max_hp_gain":0,"max_hp_loss":0,"event_name":"Golden Wing","floor":2,"gold_loss":0},{"damage_healed":0,"gold_gain":0,"player_choice":"Box","damage_taken":0,"relics_obtained":["Strawberry"],"max_hp_gain":0,"max_hp_loss":0,"event_name":"Big Fish","floor":4,"gold_loss":0,"cards_obtained":["Regret"]}],"is_beta":false,"boss_relics":[],"items_purged_floors":[3],"is_endless":false,"potions_floor_spawned":[6],"killed_by":"Lagavulin","ascension_level":19}