{"gold_per_floor":[118,38,38,57,57,57,7,23,23,23,23,98,113,129,129,233,233,253,253,29,29,46,46,46,46],"floor_reached":25,"playtime":2318,"items_purged":["Strike_B"],"score":277,"play_id":"04a90aa2-c243-49ab-929c-a502d9d352ec","local_time":"20181024151759","is_ascension_mode":true,"campfire_choices":[{"data":"Glacier","floor":6,"key":"SMITH"},{"data":"Dualcast","floor":10,"key":"SMITH"},{"data":"Capacitor","floor":15,"key":"SMITH"},{"data":"Redo","floor":24,"key":"SMITH"}],"neow_cost":"NONE","seed_source_timestamp":320783898421078,"circlet_count":0,"master_deck":["Strike_B","Strike_B","Defend_B","Defend_B","Defend_B","Defend_B","Zap","Dualcast+1","Glacier+1","Storm","Capacitor+1","Ball Lightning","Redo+1","Conserve Battery","Amplify","Chill"],"relics":["Cracked Core","The Courier","Mango","Black Star","Blood Vial","Lee\u0027s Waffle","Sundial"],"potions_floor_usage":[16],"damage_taken":[{"damage":2,"enemies":"Jaw Worm","floor":1,"turns":3},{"damage":16,"enemies":"Small Slimes","floor":4,"turns":4},{"damage":1,"enemies":"Cultist","floor":8,"turns":4},{"damage":8,"enemies":"3 Louse","floor":13,"turns":3},{"damage":27,"enemies":"Exordium Thugs","floor":14,"turns":5},{"damage":45,"enemies":"Slime Boss","floor":16,"turns":17},{"damage":22,"enemies":"Spheric Guardian","floor":18,"turns":10},{"damage":27,"enemies":"Shell Parasite","floor":22,"turns":11},{"damage":59,"enemies":"Gremlin Leader","floor":25,"turns":7}],"seed_played":"-3113619334257593598","potions_obtained":[{"floor":1,"key":"SkillPotion"},{"floor":13,"key":"SteroidPotion"},{"floor":18,"key":"Strength Potion"}],"is_trial":false,"path_per_floor":["M","$","?","M","$","R","?","M","T","R","?","?","M","M","R","B",null,"M","?","$","?","M","T","R"],"character_chosen":"DEFECT","items_purchased":["Storm","Lee\u0027s Waffle"],"campfire_rested":0,"item_purchase_floors":[2,20],"current_hp_per_floor":[73,73,70,54,54,54,54,53,67,67,99,90,82,55,55,10,99,77,77,106,106,79,79,79,22],"gold":46,"neow_bonus":"ONE_RANDOM_RARE_CARD","is_prod":false,"is_daily":false,"chose_seed":false,"campfire_upgraded":4,"win_rate":0,"timestamp":1540387079,"path_taken":["M","$","?","M","$","R","?","M","T","R","?","?","M","M","R","BOSS","M","?","$","?","M","?","R","E"],"build_version":"2018-10-18","purchased_purges":1,"victory":false,"max_hp_per_floor":[75,75,75,75,75,75,75,75,89,89,99,99,99,99,99,99,99,99,99,106,106,106,106,106,106],"card_choices":[{"not_picked":["Hologram","Barrage"],"picked":"Glacier","floor":1},{"not_picked":["Redo","Hologram"],"picked":"Capacitor","floor":4},{"not_picked":["Scrape","Go for the Eyes"],"picked":"Ball Lightning","floor":8},{"not_picked":["Genetic Algorithm","Loop"],"picked":"Redo","floor":13},{"not_picked":["Streamline","FTL"],"picked":"Conserve Battery","floor":14},{"not_picked":["Biased Cognition","Reboot"],"picked":"Amplify","floor":16},{"not_picked":["Go for the Eyes+1","Reprogram"],"picked":"Chill","floor":18},{"not_picked":["Redo","Chaos+1","BootSequence"],"picked":"SKIP","floor":22}],"player_experience":239566,"relics_obtained":[{"floor":9,"key":"Mango"},{"floor":23,"key":"Sundial"}],"event_choices":[{"damage_healed":0,"gold_gain":0,"player_choice":"Success","damage_taken":3,"relics_obtained":["The Courier"],"max_hp_gain":0,"max_hp_loss":0,"event_name":"Scrap Ooze","floor":3,"gold_loss":0},{"cards_removed":["Strike_B"],"damage_healed":0,"gold_gain":0,"player_choice":"Card Removal","damage_taken":0,"max_hp_gain":0,"max_hp_loss":0,"event_name":"The Cleric","floor":7,"gold_loss":50},{"cards_removed":["All For One"],"damage_healed":22,"gold_gain":0,"player_choice":"Offered Rare","damage_taken":0,"max_hp_gain":10,"max_hp_loss":0,"event_name":"Bonfire Elementals","floor":11,"gold_loss":0},{"damage_healed":0,"gold_gain":75,"player_choice":"Touch","damage_taken":9,"max_hp_gain":0,"max_hp_loss":0,"event_name":"FaceTrader","floor":12,"gold_loss":0},{"damage_healed":0,"gold_gain":0,"player_choice":"Opened","damage_taken":0,"relics_obtained":["Blood Vial"],"max_hp_gain":0,"max_hp_loss":0,"event_name":"The Mausoleum","floor":19,"gold_loss":0},{"damage_healed":0,"gold_gain":0,"player_choice":"Ignored","damage_taken":0,"max_hp_gain":0,"max_hp_loss":0,"event_name":"Vampires","floor":21,"gold_loss":0}],"is_beta":false,"boss_relics":[{"not_picked":["Nuclear Battery","Runic Pyramid"],"picked":"Black Star"}],"items_purged_floors":[20],"is_endless":false,"potions_floor_spawned":[1,13,18],"killed_by":"Gremlin Leader","ascension_level":4}