{"gold_per_floor":[116,41,57,207,282,317,317,317,363,363,396,406,406,406,406,406],"floor_reached":16,"playtime":242,"items_purged":[],"score":262,"play_id":"d79151ed-4802-456c-8400-7101a16b7607","local_time":"20190423005807","is_ascension_mode":true,"campfire_choices":[{"data":"Noxious Fumes","floor":8.0,"key":"SMITH"},{"data":"Neutralize","floor":10.0,"key":"SMITH"},{"data":"Noxious Fumes","floor":13.0,"key":"SMITH"},{"data":"Dodge and Roll","floor":15.0,"key":"SMITH"}],"neow_cost":"NONE","seed_source_timestamp":182323639406500,"circlet_count":0,"master_deck":["AscendersBane","Defend_G","Defend_G","Defend_G","Defend_G","Defend_G","Strike_G","Strike_G","Strike_G","Strike_G","Strike_G","Survivor","Neutralize+1","Dodge and Roll+1","Noxious Fumes+1","Dodge and Roll+1","Doubt","Calculated Gamble","Backflip","Noxious Fumes+1"],"special_seed":0,"relics":["Ring of the Snake","NeowsBlessing","Dream Catcher","Strawberry","PreservedInsect","Bottled Lightning"],"potions_floor_usage":[16],"damage_taken":[{"damage":0.0,"enemies":"Jaw Worm","floor":1.0,"turns":1.0},{"damage":0.0,"enemies":"Small Slimes","floor":3.0,"turns":1.0},{"damage":0.0,"enemies":"3 Sentries","floor":6.0,"turns":2.0},{"damage":19.0,"enemies":"Lagavulin","floor":11.0,"turns":8.0},{"damage":3.0,"enemies":"2 Louse","floor":12.0,"turns":3.0},{"damage":0,"enemies":"Slime Boss","floor":16,"turns":3}],"seed_played":"-2685093606735687070","potions_obtained":[{"floor":3.0,"key":"FearPotion"},{"floor":11.0,"key":"Swift Potion"}],"is_trial":false,"path_per_floor":["M","$","M","?","?","E","?","R","T","R","E","M","R","?","R","B"],"character_chosen":"THE_SILENT","items_purchased":["Noxious Fumes"],"campfire_rested":0,"item_purchase_floors":[2],"current_hp_per_floor":[59,59,59,59,48,48,50,50,50,50,31,28,28,28,28,28],"gold":406,"neow_bonus":"THREE_ENEMY_KILL","is_prod":false,"is_daily":false,"chose_seed":false,"campfire_upgraded":4,"win_rate":0,"timestamp":1555973887,"path_taken":["M","$","M","?","?","E","?","R","T","R","E","M","R","?","R","BOSS"],"build_version":"2019-01-23","purchased_purges":0,"victory":false,"max_hp_per_floor":[66,66,66,66,66,66,73,73,73,73,73,73,73,73,73,73],"card_choices":[{"not_picked":["Acrobatics","Choke"],"picked":"Dodge and Roll","floor":1.0},{"not_picked":["Dash","Expertise"],"picked":"Dodge and Roll","floor":3.0},{"not_picked":["Masterful Stab","Flechettes"],"picked":"Calculated Gamble","floor":6.0},{"not_picked":["Prepared","Accuracy"],"picked":"Backflip","floor":11.0},{"not_picked":["Dagger Spray","Choke"],"picked":"Noxious Fumes","floor":12.0}],"player_experience":590798,"relics_obtained":[{"floor":6.0,"key":"Dream Catcher"},{"floor":9.0,"key":"PreservedInsect"},{"floor":11.0,"key":"Bottled Lightning"}],"event_choices":[{"damage_healed":0.0,"max_hp_gain":0.0,"max_hp_loss":0.0,"gold_gain":150.0,"event_name":"Liars Game","player_choice":"AGREE","floor":4.0,"gold_loss":0.0,"damage_taken":0.0,"cards_obtained":["Doubt"]},{"damage_healed":0.0,"max_hp_gain":0.0,"max_hp_loss":0.0,"gold_gain":75.0,"event_name":"World of Goop","player_choice":"Gather Gold","floor":5.0,"gold_loss":0.0,"damage_taken":11.0},{"damage_healed":0.0,"max_hp_gain":0.0,"max_hp_loss":0.0,"gold_gain":0.0,"event_name":"Scrap Ooze","player_choice":"Success","floor":7.0,"gold_loss":0.0,"damage_taken":5.0,"relics_obtained":["Strawberry"]},{"damage_healed":0.0,"max_hp_gain":0.0,"max_hp_loss":0.0,"gold_gain":0.0,"event_name":"Upgrade Shrine","player_choice":"Upgraded","floor":14.0,"gold_loss":0.0,"damage_taken":0.0,"cards_upgraded":["Dodge and Roll"]}],"is_beta":false,"boss_relics":[],"items_purged_floors":[],"is_endless":false,"potions_floor_spawned":[3,11],"killed_by":"Slime Boss","ascension_level":20}