{"gold_per_floor":[110,125,125,139,154,154,154,185,185,198,213,213,213,256,256,256],"floor_reached":16,"playtime":596,"items_purged":[],"score":224,"play_id":"eff5b42b-65cf-40d4-8dd1-2b9809f02ee4","local_time":"20190510114658","is_ascension_mode":true,"campfire_choices":[{"data":"Bash","floor":6,"key":"SMITH"},{"data":"Clothesline","floor":13,"key":"SMITH"},{"data":"Fiend Fire","floor":15,"key":"SMITH"}],"neow_cost":"NONE","seed_source_timestamp":351866772330500,"circlet_count":0,"master_deck":["AscendersBane","Strike_R","Strike_R","Strike_R","Strike_R","Strike_R","Defend_R","Defend_R","Defend_R","Defend_R","Bash+1","Pummel","Feel No Pain","Sword Boomerang","Disarm","Iron Wave","Battle Trance","Clothesline+1","Fiend Fire+1"],"relics":["Burning Blood","Golden Idol","Meat on the Bone","Letter Opener","Question Card","Bag of Preparation"],"potions_floor_usage":[2,5,8,10,14],"damage_taken":[{"damage":10,"enemies":"2 Louse","floor":1,"turns":3},{"damage":2,"enemies":"Jaw Worm","floor":2,"turns":4},{"damage":7,"enemies":"Small Slimes","floor":4,"turns":5},{"damage":4,"enemies":"2 Fungi Beasts","floor":5,"turns":3},{"damage":34,"enemies":"Gremlin Nob","floor":8,"turns":5},{"damage":3,"enemies":"Lots of Slimes","floor":10,"turns":2},{"damage":13,"enemies":"Exordium Wildlife","floor":11,"turns":4},{"damage":22,"enemies":"3 Sentries","floor":14,"turns":14},{"damage":55,"enemies":"Slime Boss","floor":16,"turns":9}],"seed_played":"664702460062753415","potions_obtained":[{"floor":0,"key":"Ancient Potion"},{"floor":0,"key":"Block Potion"},{"floor":4,"key":"Block Potion"},{"floor":8,"key":"Explosive Potion"},{"floor":10,"key":"Regen Potion"}],"is_trial":false,"path_per_floor":["M","M","?","M","M","R","T","E","T","M","M","?","R","E","R","B"],"character_chosen":"IRONCLAD","items_purchased":[],"campfire_rested":0,"item_purchase_floors":[],"current_hp_per_floor":[64,68,68,67,68,68,68,52,52,55,48,53,53,52,52,0],"gold":256,"neow_bonus":"THREE_SMALL_POTIONS","is_prod":false,"is_daily":false,"chose_seed":false,"campfire_upgraded":3,"win_rate":0,"timestamp":1557456418,"path_taken":["M","M","?","M","M","R","?","E","T","M","M","?","R","E","R","BOSS"],"build_version":"2019-01-23","purchased_purges":0,"victory":false,"max_hp_per_floor":[75,75,68,68,68,68,68,68,68,68,68,73,73,73,73,73],"card_choices":[{"not_picked":["Combust","Burning Pact"],"picked":"Pummel","floor":1},{"not_picked":["Wild Strike","Perfected Strike"],"picked":"Feel No Pain","floor":2},{"not_picked":["Iron Wave","Havoc"],"picked":"Sword Boomerang","floor":4},{"not_picked":["Armaments","Thunderclap"],"picked":"Disarm","floor":5},{"not_picked":["Barricade","Reckless Charge"],"picked":"Iron Wave","floor":8},{"not_picked":["Heavy Blade","Infernal Blade","Perfected Strike"],"picked":"Battle Trance","floor":10},{"not_picked":["Warcry","Rage","Clash"],"picked":"Clothesline","floor":11},{"not_picked":["Heavy Blade","Combust","Disarm"],"picked":"Fiend Fire","floor":14}],"player_experience":1316123,"relics_obtained":[{"floor":7,"key":"Meat on the Bone"},{"floor":8,"key":"Letter Opener"},{"floor":9,"key":"Question Card"},{"floor":14,"key":"Bag of Preparation"}],"event_choices":[{"damage_healed":0,"gold_gain":0,"player_choice":"Lose Max HP","damage_taken":0,"relics_obtained":["Golden Idol"],"max_hp_gain":0,"max_hp_loss":7,"event_name":"Golden Idol","floor":3,"gold_loss":0},{"damage_healed":0,"gold_gain":0,"player_choice":"Donut","damage_taken":0,"max_hp_gain":5,"max_hp_loss":0,"event_name":"Big Fish","floor":12,"gold_loss":0}],"is_beta":false,"boss_relics":[],"items_purged_floors":[],"is_endless":false,"potions_floor_spawned":[4,8,10],"killed_by":"Slime Boss","ascension_level":20}