{"gold_per_floor":[113,113,132,146,157,157,184,184,184,184,202,233,253,273,273,351,351,369,389,389,389,407,438,438,465,465,465,478,505,505,505,505,505],"floor_reached":33,"playtime":1738,"items_purged":[],"score":594,"play_id":"6a55bcde-902a-49c7-9aa0-0ed098c0d4cd","local_time":"20190512133830","is_ascension_mode":true,"campfire_choices":[{"data":"Zap","floor":6,"key":"SMITH"},{"data":"Conserve Battery","floor":8,"key":"SMITH"},{"data":"Ball Lightning","floor":10,"key":"SMITH"},{"data":"Go for the Eyes","floor":15,"key":"SMITH"},{"floor":24,"key":"REST"},{"data":"Conserve Battery","floor":27,"key":"SMITH"},{"floor":30,"key":"REST"},{"data":"1","floor":32,"key":"LIFT"}],"neow_cost":"NONE","seed_source_timestamp":530218523651000,"circlet_count":0,"master_deck":["AscendersBane","Strike_B","Strike_B","Strike_B","Strike_B","Defend_B","Defend_B","Defend_B","Defend_B","Zap+1","Dualcast","Conserve Battery+1","Genetic Algorithm","Ball Lightning+1","Coolheaded","Glacier","Compile Driver","Conserve Battery+1","Go for the Eyes+1","Electrodynamics","Leap+1","Compile Driver","Ghostly+1","Ghostly+1","Ghostly+1"],"relics":["Cracked Core","Art of War","CultistMask","Omamori","Mummified Hand","Girya","Busted Crown","Boot","Meat on the Bone","Kunai","Toxic Egg 2","Vajra"],"potions_floor_usage":[7,16,23,25],"damage_taken":[{"damage":0,"enemies":"Jaw Worm","floor":1,"turns":3},{"damage":0,"enemies":"Cultist","floor":3,"turns":3},{"damage":3,"enemies":"2 Louse","floor":4,"turns":2},{"damage":0,"enemies":"Exordium Wildlife","floor":5,"turns":2},{"damage":18,"enemies":"3 Sentries","floor":7,"turns":8},{"damage":1,"enemies":"Blue Slaver","floor":11,"turns":4},{"damage":8,"enemies":"Lagavulin","floor":12,"turns":8},{"damage":0,"enemies":"3 Louse","floor":13,"turns":4},{"damage":6,"enemies":"Red Slaver","floor":14,"turns":4},{"damage":14,"enemies":"The Guardian","floor":16,"turns":14},{"damage":6,"enemies":"Chosen","floor":18,"turns":7},{"damage":6,"enemies":"3 Byrds","floor":19,"turns":5},{"damage":3,"enemies":"Snecko","floor":22,"turns":7},{"damage":37,"enemies":"Book of Stabbing","floor":23,"turns":7},{"damage":15,"enemies":"Gremlin Leader","floor":25,"turns":6},{"damage":0,"enemies":"Centurion and Healer","floor":28,"turns":6},{"damage":40,"enemies":"Champ","floor":33,"turns":20}],"seed_played":"-7659268569397562450","potions_obtained":[{"floor":4,"key":"AttackPotion"},{"floor":5,"key":"GamblersBrew"},{"floor":11,"key":"FocusPotion"},{"floor":13,"key":"PowerPotion"},{"floor":19,"key":"Poison Potion"},{"floor":22,"key":"GamblersBrew"}],"is_trial":false,"path_per_floor":["M","?","M","M","M","R","E","R","T","R","M","E","M","M","R","B",null,"M","M","?","?","M","E","R","E","T","R","M","T","R","?","R","B"],"character_chosen":"DEFECT","items_purchased":[],"campfire_rested":2,"item_purchase_floors":[],"current_hp_per_floor":[64,64,64,61,61,61,43,43,43,43,42,34,34,28,28,14,57,51,45,45,59,56,19,40,37,37,37,37,37,58,35,35,0],"gold":505,"neow_bonus":"RANDOM_COMMON_RELIC","is_prod":false,"is_daily":false,"chose_seed":false,"campfire_upgraded":5,"win_rate":0,"timestamp":1557635910,"path_taken":["M","?","M","?","M","R","E","R","T","R","M","E","M","?","R","BOSS","M","M","?","?","M","E","R","E","T","R","M","?","R","?","R","BOSS"],"build_version":"2019-01-23","purchased_purges":0,"victory":false,"max_hp_per_floor":[71,71,71,71,71,71,71,71,71,71,71,71,71,71,71,71,71,71,71,71,71,71,71,71,71,71,71,71,71,71,35,35,35],"card_choices":[{"not_picked":["Cold Snap","Stack"],"picked":"Conserve Battery","floor":1},{"not_picked":["Barrage","Consume"],"picked":"Genetic Algorithm","floor":3},{"not_picked":["Gash","Doom and Gloom"],"picked":"Ball Lightning","floor":4},{"not_picked":["Undo","Beam Cell"],"picked":"Coolheaded","floor":5},{"not_picked":["Loop","Reinforced Body"],"picked":"Glacier","floor":7},{"not_picked":["Redo","Streamline"],"picked":"Compile Driver","floor":11},{"not_picked":["Fusion","Fission"],"picked":"Conserve Battery","floor":12},{"not_picked":["Beam Cell","Hologram"],"picked":"Go for the Eyes","floor":13},{"not_picked":["Compile Driver","Coolheaded","Streamline"],"picked":"SKIP","floor":14},{"not_picked":["Seek","Fission"],"picked":"Electrodynamics","floor":16},{"not_picked":[],"picked":"Leap+1","floor":18},{"not_picked":["Steam"],"picked":"SKIP","floor":19},{"not_picked":[],"picked":"Compile Driver","floor":22},{"not_picked":["Buffer"],"picked":"SKIP","floor":23},{"not_picked":["Conserve Battery"],"picked":"SKIP","floor":25},{"not_picked":["Beam Cell"],"picked":"SKIP","floor":28}],"player_experience":1349249,"relics_obtained":[{"floor":7,"key":"Omamori"},{"floor":9,"key":"Mummified Hand"},{"floor":12,"key":"Girya"},{"floor":23,"key":"Meat on the Bone"},{"floor":25,"key":"Kunai"},{"floor":26,"key":"Toxic Egg 2"},{"floor":29,"key":"Vajra"}],"event_choices":[{"damage_healed":0,"gold_gain":0,"player_choice":"Trade","damage_taken":0,"relics_obtained":["CultistMask"],"max_hp_gain":0,"max_hp_loss":0,"event_name":"FaceTrader","floor":2,"gold_loss":0},{"damage_healed":0,"gold_gain":0,"player_choice":"Stole Relic","damage_taken":0,"relics_obtained":["Boot"],"max_hp_gain":0,"max_hp_loss":0,"event_name":"Addict","floor":20,"gold_loss":0,"cards_obtained":["Shame"]},{"damage_healed":14,"gold_gain":0,"player_choice":"Heal","damage_taken":0,"max_hp_gain":0,"max_hp_loss":0,"event_name":"The Library","floor":21,"gold_loss":0},{"damage_healed":0,"gold_gain":0,"player_choice":"Became a Ghost","damage_taken":0,"max_hp_gain":0,"max_hp_loss":36,"event_name":"Ghosts","floor":31,"gold_loss":0,"cards_obtained":["Ghostly","Ghostly","Ghostly"]}],"is_beta":false,"boss_relics":[{"not_picked":["Tiny House","Lizard Tail"],"picked":"Busted Crown"}],"items_purged_floors":[],"is_endless":false,"potions_floor_spawned":[4,5,11,13,14,19,22],"killed_by":"Champ","ascension_level":20}