{"path_per_floor":["M","M","M","M","M","E","M","E","T","?","R","?","M","M","R","B",null,"M","M","$","M","M","R","?","R","T","M","M","E","?","M","R","B",null,"M","M","?","$","M","R","E","R","T","M","E","M","R","M","R"],"character_chosen":"IRONCLAD","items_purchased":["Shrug It Off","Anchor","Prayer Wheel"],"gold_per_floor":[112,123,143,158,173,208,222,254,279,279,279,279,292,306,306,406,406,420,403,158,171,181,181,181,181,230,244,264,293,293,311,311,406,406,425,440,440,33,47,47,77,77,128,144,171,185,185,196,196,196],"floor_reached":50,"campfire_rested":2,"playtime":6502,"item_purchase_floors":[20,20,38],"current_hp_per_floor":[76,70,76,69,75,67,65,64,64,46,72,72,86,86,86,95,95,91,98,98,95,88,88,88,88,88,92,89,86,86,87,87,44,102,110,110,110,110,100,100,84,84,84,78,85,65,65,70,118,0],"items_purged":["Defend_R","Strike_R"],"gold":196,"score":642,"play_id":"2920b0b9-9b29-4dd8-9a24-a8a7f7663221","local_time":"20180527092257","is_prod":false,"is_daily":false,"chose_seed":false,"is_ascension_mode":false,"campfire_upgraded":7,"win_rate":0.0,"timestamp":1527430977,"campfire_choices":[{"floor":11.0,"key":"REST"},{"data":"Seeing Red","floor":15.0,"key":"SMITH"},{"data":"Double Tap","floor":23,"key":"SMITH"},{"data":"Feed","floor":25,"key":"SMITH"},{"data":"Second Wind","floor":32,"key":"SMITH"},{"data":"Body Slam","floor":40,"key":"SMITH"},{"data":"Carnage","floor":42,"key":"SMITH"},{"data":"Whirlwind","floor":47,"key":"SMITH"},{"floor":49,"key":"REST"}],"path_taken":["M","M","M","M","M","E","M","E","T","?","R","?","M","?","R","BOSS","M","M","$","M","M","R","?","R","T","M","M","E","?","M","R","BOSS","M","M","?","$","M","R","E","R","T","M","E","?","R","M","R","BOSS"],"build_version":"2018-05-24","seed_source_timestamp":0,"purchased_purges":2,"victory":false,"master_deck":["Strike_R+1","Strike_R","Bash+1","Headbutt","Shrug It Off","Feed+1","Hemokinesis","Rage","Metallicize","Shrug It Off","Sever Soul","Carnage+1","Seeing Red+1","Double Tap+1","Shrug It Off+1","Shrug It Off+1","Shrug It Off","Intimidate","Carnage+1","Uppercut+1","Body Slam+1","Second Wind+1","Limit Break","Barricade+1","Reckless Charge+1","Feed+1","Thunderclap+1","Feel No Pain+1","Headbutt+1","Combust+1","Sword Boomerang+1","Dropkick+1","Armaments+1","Whirlwind+1","Whirlwind+1","Whirlwind+1","Fire Breathing+1"],"max_hp_per_floor":[80,80,80,83,86,86,89,89,89,89,89,89,92,92,92,95,95,95,98,98,98,98,98,98,98,98,98,102,102,102,102,102,102,102,110,110,110,110,110,110,114,114,114,118,118,118,118,118,118,118],"relics":["Burning Blood","Bronze Scales","Magic Flower","Happy Flower","Velvet Choker","Anchor","Orichalcum","Darkstone Periapt","Astrolabe","Prayer Wheel","Regal Pillow","Boot","Lantern"],"card_choices":[{"not_picked":["Second Wind","Corruption"],"picked":"Headbutt","floor":1.0},{"not_picked":["Dropkick","Flex"],"picked":"Shrug It Off","floor":2.0},{"not_picked":["Anger","Combust"],"picked":"Feed","floor":3.0},{"not_picked":["Thunderclap","Flex"],"picked":"Hemokinesis","floor":4.0},{"not_picked":["Perfected Strike","Heavy Blade"],"picked":"Rage","floor":5.0},{"not_picked":["Body Slam","Warcry"],"picked":"Metallicize","floor":6.0},{"not_picked":["Flex","Anger"],"picked":"Shrug It Off","floor":7.0},{"not_picked":["Warcry","Body Slam"],"picked":"Sever Soul","floor":8.0},{"not_picked":["Iron Wave","Shrug It Off"],"picked":"Carnage","floor":13.0},{"not_picked":["Pommel Strike","Thunderclap"],"picked":"Seeing Red","floor":14.0},{"not_picked":["Berserk","Barricade"],"picked":"Double Tap","floor":16.0},{"not_picked":["Warcry","Armaments"],"picked":"Shrug It Off+1","floor":18},{"not_picked":["Flame Barrier","True Grit"],"picked":"Shrug It Off+1","floor":19},{"not_picked":["Clash","Warcry"],"picked":"Intimidate","floor":21},{"not_picked":["Clothesline+1","Shrug It Off"],"picked":"Carnage+1","floor":22},{"not_picked":["Rampage","Battle Trance"],"picked":"Uppercut+1","floor":27},{"not_picked":["Clothesline","Second Wind"],"picked":"Body Slam","floor":28},{"not_picked":["Armaments","Searing Blow+1"],"picked":"Second Wind","floor":29},{"not_picked":["Perfected Strike","Clash","Bloodletting"],"picked":"SKIP","floor":31},{"not_picked":["Demon Form","Brutality"],"picked":"Limit Break","floor":33},{"not_picked":["Headbutt","Battle Trance"],"picked":"Thunderclap+1","floor":35},{"not_picked":["Rage","Reckless Charge"],"picked":"Feel No Pain+1","floor":36},{"not_picked":["Heavy Blade","Perfected Strike"],"picked":"Headbutt+1","floor":39},{"not_picked":["Shrug It Off+1","Sword Boomerang"],"picked":"Combust+1","floor":39},{"not_picked":["Fiend Fire","Armaments"],"picked":"Sword Boomerang+1","floor":41},{"not_picked":["Clothesline","Twin Strike"],"picked":"Dropkick+1","floor":44},{"not_picked":["Clash+1","Fire Breathing+1"],"picked":"Armaments+1","floor":44},{"not_picked":["Armaments","Iron Wave"],"picked":"Whirlwind","floor":45},{"not_picked":["Heavy Blade+1","Flex"],"picked":"Whirlwind+1","floor":46},{"not_picked":["Perfected Strike+1","Demon Form"],"picked":"Whirlwind+1","floor":46},{"not_picked":["Perfected Strike+1","Headbutt"],"picked":"Fire Breathing+1","floor":48},{"not_picked":["Corruption+1","Heavy Blade+1","Disarm"],"picked":"SKIP","floor":48}],"player_experience":17153,"potions_floor_usage":[27,29,29,33,45,50,50,50],"damage_taken":[{"damage":10.0,"enemies":"2 Louse","floor":1.0,"turns":3.0},{"damage":12.0,"enemies":"Jaw Worm","floor":2.0,"turns":4.0},{"damage":0.0,"enemies":"Cultist","floor":3.0,"turns":3.0},{"damage":16.0,"enemies":"2 Fungi Beasts","floor":4.0,"turns":4.0},{"damage":3.0,"enemies":"Exordium Wildlife","floor":5.0,"turns":3.0},{"damage":14.0,"enemies":"3 Sentries","floor":6.0,"turns":8.0},{"damage":11.0,"enemies":"3 Louse","floor":7.0,"turns":4.0},{"damage":21.0,"enemies":"Gremlin Nob","floor":8.0,"turns":5.0},{"damage":0.0,"enemies":"Large Slime","floor":13.0,"turns":6.0},{"damage":9.0,"enemies":"Looter","floor":14.0,"turns":4.0},{"damage":5.0,"enemies":"Slime Boss","floor":16.0,"turns":10.0},{"damage":13,"enemies":"Chosen","floor":18,"turns":3},{"damage":6,"enemies":"2 Thieves","floor":19,"turns":4},{"damage":12,"enemies":"Centurion and Healer","floor":21,"turns":4},{"damage":16,"enemies":"Snecko","floor":22,"turns":5},{"damage":5,"enemies":"Snake Plant","floor":27,"turns":3},{"damage":18,"enemies":"Sentry and Sphere","floor":28,"turns":5},{"damage":12,"enemies":"Gremlin Leader","floor":29,"turns":3},{"damage":8,"enemies":"Snecko","floor":31,"turns":3},{"damage":76,"enemies":"Collector","floor":33,"turns":9},{"damage":13,"enemies":"3 Shapes","floor":35,"turns":5},{"damage":0,"enemies":"Orb Walker","floor":36,"turns":2},{"damage":19,"enemies":"3 Darklings","floor":39,"turns":5},{"damage":31,"enemies":"2 Orb Walkers","floor":41,"turns":5},{"damage":21,"enemies":"4 Shapes","floor":44,"turns":4},{"damage":24,"enemies":"Nemesis","floor":45,"turns":5},{"damage":29,"enemies":"Maw","floor":46,"turns":7},{"damage":4,"enemies":"Sphere and 2 Shapes","floor":48,"turns":3},{"damage":120,"enemies":"Donu and Deca","floor":50,"turns":9}],"relics_obtained":[{"floor":6.0,"key":"Bronze Scales"},{"floor":8.0,"key":"Magic Flower"},{"floor":9.0,"key":"Happy Flower"},{"floor":26,"key":"Orichalcum"},{"floor":29,"key":"Darkstone Periapt"},{"floor":41,"key":"Regal Pillow"},{"floor":43,"key":"Boot"},{"floor":45,"key":"Lantern"}],"event_choices":[{"event_name":"Shining Light","player_choice":"Entered Light","floor":10.0,"damage_taken":0.0},{"event_name":"Purifier","player_choice":"One Purge","floor":12.0,"damage_taken":0.0},{"event_name":"Drug Dealer","player_choice":"Ignored","floor":24,"damage_taken":0},{"event_name":"Vampires","player_choice":"Ignored","floor":30,"damage_taken":0},{"event_name":"Purifier","player_choice":"One Purge","floor":37,"damage_taken":0}],"boss_relics":[{"not_picked":["Sozu","White Beast Statue"],"picked":"Velvet Choker"},{"not_picked":["Runic Dome","Mark of Pain"],"picked":"Astrolabe"}],"items_purged_floors":[20,38],"potions_floor_spawned":[1,2,3,7,13,18,21,27,28,33,36,44,45,46],"seed_played":"-2833157316639367728","killed_by":"Donu and Deca","ascension_level":0,"potions_obtained":[{"floor":1.0,"key":"Ancient Potion"},{"floor":3.0,"key":"PowerPotion"},{"floor":7.0,"key":"Regen Potion"},{"floor":13.0,"key":"Energy Potion"},{"floor":18,"key":"Regen Potion"},{"floor":21,"key":"Dexterity Potion"},{"floor":27,"key":"Fire Potion"},{"floor":28,"key":"SteroidPotion"},{"floor":33,"key":"SpeedPotion"},{"floor":36,"key":"Regen Potion"},{"floor":44,"key":"Explosive Potion"},{"floor":45,"key":"LiquidBronze"}],"is_trial":false}