{"gold_per_floor":[111,111,123,39,39,39,39,39,39,57,57,70,70,87,87,158,158,177,177,177,177,25,25,50,50,50,66,82,82,98,98,98,171,171,181,1180,1180,1195,347,347,381,393,393,422,422,442,442,456,456,456,456],"floor_reached":51,"playtime":2323,"items_purged":["Shame","Normality"],"score":1351,"play_id":"d0f65eaa-c1a0-4d60-a6dd-7511bc1e7c57","local_time":"20190413142144","is_ascension_mode":true,"campfire_choices":[{"data":"Neutralize","floor":6.0,"key":"SMITH"},{"data":"Dagger Spray","floor":11.0,"key":"SMITH"},{"data":"Crippling Poison","floor":13.0,"key":"SMITH"},{"data":"Noxious Fumes","floor":15.0,"key":"SMITH"},{"data":"Riddle With Holes","floor":23.0,"key":"SMITH"},{"floor":29.0,"key":"REST"},{"data":"Predator","floor":32.0,"key":"SMITH"},{"data":"Wraith Form v2","floor":40.0,"key":"SMITH"},{"data":"Thinking Ahead","floor":47,"key":"SMITH"},{"floor":49,"key":"RECALL"}],"neow_cost":"NONE","seed_source_timestamp":1315077136205648,"circlet_count":0,"master_deck":["AscendersBane","Defend_G","Defend_G","Defend_G","Defend_G","Defend_G","Strike_G","Strike_G","Strike_G","Survivor","Neutralize+1","Noxious Fumes+1","Bane+1","Crippling Poison+1","Dagger Spray+1","Bullet Time","Terror+1","Necronomicurse","Riddle With Holes+1","Predator+1","PiercingWail","After Image","Caltrops+1","Leg Sweep+1","Wraith Form v2+1","Thinking Ahead+1","Crippling Poison+1","After Image"],"special_seed":0,"relics":["Ring of the Snake","Anchor","Bottled Lightning","Eternal Feather","Necronomicon","Juzu Bracelet","Bag of Marbles","Singing Bowl","Coffee Dripper","Potion Belt","Cauldron","Ornamental Fan","Paper Crane"],"potions_floor_usage":[44,44,50,50],"damage_taken":[{"damage":1.0,"enemies":"Small Slimes","floor":1.0,"turns":5.0},{"damage":3.0,"enemies":"2 Louse","floor":3.0,"turns":4.0},{"damage":0.0,"enemies":"Jaw Worm","floor":10.0,"turns":4.0},{"damage":3.0,"enemies":"Looter","floor":12.0,"turns":4.0},{"damage":0.0,"enemies":"Exordium Thugs","floor":14.0,"turns":2.0},{"damage":23.0,"enemies":"The Guardian","floor":16.0,"turns":11.0},{"damage":6.0,"enemies":"3 Byrds","floor":18.0,"turns":3.0},{"damage":16.0,"enemies":"Slavers","floor":24.0,"turns":5.0},{"damage":0.0,"enemies":"Chosen","floor":27.0,"turns":3.0},{"damage":13.0,"enemies":"Sentry and Sphere","floor":28.0,"turns":4.0},{"damage":3.0,"enemies":"3 Cultists","floor":30.0,"turns":4.0},{"damage":50.0,"enemies":"Champ","floor":33.0,"turns":11.0},{"damage":0.0,"enemies":"Orb Walker","floor":35.0,"turns":3.0},{"damage":0.0,"enemies":"3 Shapes","floor":38.0,"turns":3.0},{"damage":61.0,"enemies":"Giant Head","floor":41.0,"turns":9.0},{"damage":8.0,"enemies":"Transient","floor":42.0,"turns":6.0},{"damage":1,"enemies":"Nemesis","floor":44,"turns":9},{"damage":2,"enemies":"Spire Growth","floor":46,"turns":4},{"damage":4,"enemies":"Jaw Worm Horde","floor":48,"turns":4},{"damage":32,"enemies":"Donu and Deca","floor":50,"turns":14},{"damage":20,"enemies":"Time Eater","floor":51,"turns":6}],"seed_played":"-2706840411655888554","potions_obtained":[{"floor":14.0,"key":"Dexterity Potion"},{"floor":16.0,"key":"Poison Potion"},{"floor":24.0,"key":"PowerPotion"},{"floor":28.0,"key":"SteroidPotion"},{"floor":39.0,"key":"PowerPotion"},{"floor":39.0,"key":"Energy Potion"},{"floor":39.0,"key":"Weak Potion"},{"floor":39.0,"key":"Fire Potion"},{"floor":41.0,"key":"Explosive Potion"},{"floor":42.0,"key":"GhostInAJar"},{"floor":48,"key":"FearPotion"}],"is_trial":false,"path_per_floor":["M","?","M","$","?","R","$","?","T","M","R","M","R","M","R","B",null,"M","?","?","?","$","R","E","?","T","M","M","R","M","?","R","B",null,"M","?","?","M","$","R","E","M","T","E","?","M","R","M","R","B","B"],"character_chosen":"THE_SILENT","items_purchased":["Crippling Poison","Riddle With Holes","Potion Belt","Cauldron","Wraith Form v2","Thinking Ahead"],"campfire_rested":1,"item_purchase_floors":[4,22,39,39,39,39],"current_hp_per_floor":[64,57,54,54,54,54,54,28,28,28,28,25,25,25,25,2,55,49,28,28,28,28,40,24,38,38,38,25,58,57,57,69,19,60,60,60,60,60,60,74,15,9,9,8,8,8,23,19,34,2,0],"gold":456,"neow_bonus":"TEN_PERCENT_HP_BONUS","is_prod":false,"is_daily":false,"chose_seed":false,"campfire_upgraded":8,"win_rate":0,"timestamp":1555132904,"path_taken":["M","?","M","$","?","R","?","?","T","M","R","M","R","M","R","BOSS","M","?","?","?","$","R","E","?","T","M","M","R","M","?","R","BOSS","M","?","?","M","$","R","E","M","T","E","?","M","R","M","R","BOSS","BOSS"],"build_version":"2019-01-23","purchased_purges":2,"victory":false,"max_hp_per_floor":[72,72,72,72,72,72,72,72,72,72,72,72,72,72,72,72,72,72,72,72,72,72,72,72,72,72,72,72,72,74,74,74,74,74,74,74,74,74,74,74,76,78,78,78,78,80,80,80,80,80,80],"card_choices":[{"not_picked":["Bane","Dagger Spray"],"picked":"Noxious Fumes","floor":1.0},{"not_picked":["Acrobatics","Skewer"],"picked":"Bane","floor":3.0},{"not_picked":["Acrobatics","Infinite Blades"],"picked":"Dagger Spray","floor":10.0},{"not_picked":["Outmaneuver","Slice","Eviscerate"],"picked":"SKIP","floor":12.0},{"not_picked":["Bane","Endless Agony"],"picked":"Bullet Time","floor":14.0},{"not_picked":["Expertise","Underhanded Strike"],"picked":"Terror+1","floor":18.0},{"not_picked":["Poisoned Stab","Distraction","Blade Dance"],"picked":"SKIP","floor":24.0},{"not_picked":["Caltrops","Accuracy"],"picked":"Predator","floor":27.0},{"not_picked":["Dagger Spray","Deadly Poison"],"picked":"PiercingWail","floor":28.0},{"not_picked":["Expertise","Flechettes","Prepared"],"picked":"Singing Bowl","floor":30.0},{"not_picked":["Tools of the Trade","Grand Finale"],"picked":"After Image","floor":33.0},{"not_picked":["Deadly Poison","Dagger Spray"],"picked":"Caltrops+1","floor":35.0},{"not_picked":["Cloak And Dagger","Slice+1"],"picked":"Leg Sweep+1","floor":38.0},{"not_picked":["Grand Finale","Crippling Poison","Predator"],"picked":"Singing Bowl","floor":41.0},{"not_picked":["Bouncing Flask+1","Blade Dance","Cloak And Dagger"],"picked":"Singing Bowl","floor":42.0},{"not_picked":["Tactician+1","Blade Dance+1"],"picked":"Crippling Poison+1","floor":44},{"not_picked":["Dodge and Roll","Cloak And Dagger","Quick Slash"],"picked":"Singing Bowl","floor":46},{"not_picked":["Dagger Spray","Dagger Throw"],"picked":"After Image","floor":48}],"player_experience":911823,"relics_obtained":[{"floor":9.0,"key":"Bottled Lightning"},{"floor":19.0,"key":"Necronomicon"},{"floor":24.0,"key":"Bag of Marbles"},{"floor":26.0,"key":"Singing Bowl"},{"floor":41.0,"key":"Ornamental Fan"},{"floor":44,"key":"Paper Crane"}],"event_choices":[{"cards_removed":["Strike_G"],"damage_healed":0.0,"max_hp_gain":0.0,"max_hp_loss":0.0,"gold_gain":0.0,"event_name":"Golden Wing","player_choice":"Card Removal","floor":2.0,"gold_loss":0.0,"damage_taken":7.0},{"damage_healed":0.0,"max_hp_gain":0.0,"max_hp_loss":0.0,"gold_gain":0.0,"event_name":"Liars Game","player_choice":"Ignored","floor":5.0,"gold_loss":0.0,"damage_taken":0.0},{"damage_healed":0.0,"max_hp_gain":0.0,"max_hp_loss":0.0,"gold_gain":0.0,"event_name":"Scrap Ooze","player_choice":"Success","floor":8.0,"gold_loss":0.0,"damage_taken":26.0,"relics_obtained":["Anchor"]},{"damage_healed":0.0,"max_hp_gain":0.0,"max_hp_loss":0.0,"gold_gain":0.0,"event_name":"Cursed Tome","player_choice":"Obtained Book","floor":19.0,"gold_loss":0.0,"damage_taken":21.0},{"damage_healed":0.0,"max_hp_gain":0.0,"max_hp_loss":0.0,"gold_gain":0.0,"event_name":"Vampires","player_choice":"Ignored","floor":20.0,"gold_loss":0.0,"damage_taken":0.0},{"damage_healed":0.0,"max_hp_gain":0.0,"max_hp_loss":0.0,"gold_gain":0.0,"event_name":"Addict","player_choice":"Stole Relic","floor":21.0,"gold_loss":0.0,"damage_taken":0.0,"relics_obtained":["Juzu Bracelet"],"cards_obtained":["Shame"]},{"damage_healed":14.0,"max_hp_gain":0.0,"max_hp_loss":0.0,"gold_gain":0.0,"event_name":"The Library","player_choice":"Heal","floor":25.0,"gold_loss":0.0,"damage_taken":0.0},{"cards_removed":["Strike_G"],"damage_healed":0.0,"max_hp_gain":0.0,"max_hp_loss":0.0,"gold_gain":0.0,"event_name":"Bonfire Elementals","player_choice":"Offered Basic","floor":31.0,"gold_loss":0.0,"damage_taken":0.0},{"damage_healed":0.0,"max_hp_gain":0.0,"max_hp_loss":0.0,"gold_gain":999.0,"event_name":"MindBloom","player_choice":"Gold","floor":36.0,"gold_loss":0.0,"damage_taken":0.0,"cards_obtained":["Normality","Normality"]},{"damage_healed":0.0,"max_hp_gain":0.0,"max_hp_loss":0.0,"gold_gain":0.0,"event_name":"Upgrade Shrine","player_choice":"Upgraded","floor":37.0,"gold_loss":0.0,"damage_taken":0.0,"cards_upgraded":["Bane"]},{"cards_removed":["Normality"],"damage_healed":0,"gold_gain":0,"player_choice":"Removed Curses","damage_taken":0,"max_hp_gain":0,"max_hp_loss":0,"event_name":"Fountain of Cleansing","floor":45,"gold_loss":0}],"is_beta":false,"boss_relics":[{"not_picked":["Calling Bell","Empty Cage"],"picked":"Eternal Feather"},{"not_picked":["HoveringKite","Astrolabe"],"picked":"Coffee Dripper"}],"items_purged_floors":[22,39],"is_endless":false,"potions_floor_spawned":[14,16,24,28,41,42,48],"killed_by":"Time Eater","ascension_level":20}