{"gold_per_floor":[115,134,154,171,185,185,214,214,214,240,240,274,294,308,308,383,383,393,408,408,408,427,427,455,455,455,455,239,239,21,38,38,109,109,126,138,5,5,18,49,49,75,75,91,125,125,140,140,140,140,140,140,140,27,57,57],"floor_reached":56,"playtime":4419,"items_purged":["Strike_R+1","Rupture"],"score":1954,"play_id":"70d97422-8c3b-4596-9c18-073738e01349","local_time":"20190508120955","is_ascension_mode":true,"campfire_choices":[{"data":"Bash","floor":6,"key":"SMITH"},{"data":"Fiend Fire","floor":8,"key":"SMITH"},{"data":"Armaments","floor":11,"key":"SMITH"},{"data":"Twin Strike","floor":15,"key":"SMITH"},{"data":"Demon Form","floor":23,"key":"SMITH"},{"floor":25,"key":"REST"},{"data":"True Grit","floor":29,"key":"SMITH"},{"floor":32,"key":"REST"},{"floor":41,"key":"RECALL"},{"data":"Feel No Pain","floor":46,"key":"SMITH"},{"data":"Uppercut","floor":49,"key":"SMITH"},{"data":"Clothesline","floor":53,"key":"SMITH"}],"neow_cost":"NONE","seed_source_timestamp":176620475924400,"circlet_count":0,"master_deck":["AscendersBane","Strike_R+1","Strike_R+1","Defend_R+1","Defend_R+1","Defend_R+1","Defend_R+1","Bash+1","Twin Strike+1","Seeing Red","Armaments+1","Fiend Fire+1","Battle Trance","Shrug It Off","Demon Form+1","True Grit+1","Clothesline+1","Warcry","Spot Weakness","Flame Barrier","Sentinel","Shrug It Off","Feed","Whirlwind","Reaper","Corruption","Shrug It Off","Purity","Headbutt+1","Second Wind+1","Ghostly Armor","Feel No Pain+1","Exhume","Uppercut+1","Dual Wield"],"relics":["Burning Blood","NeowsBlessing","Meat on the Bone","Oddly Smooth Stone","Mango","Mark of Pain","Letter Opener","Prayer Wheel","Membership Card","Runic Pyramid","Bronze Scales","Vajra","Smiling Mask","Ornamental Fan","Bird Faced Urn","Bag of Preparation","Dodecahedron"],"potions_floor_usage":[7,10,10,16,16,16,19,19,22,24,33,33,40,40,50,55,56,56],"damage_taken":[{"damage":0,"enemies":"Cultist","floor":1,"turns":1},{"damage":0,"enemies":"Jaw Worm","floor":2,"turns":1},{"damage":0,"enemies":"2 Louse","floor":3,"turns":1},{"damage":6,"enemies":"Looter","floor":4,"turns":2},{"damage":14,"enemies":"Exordium Wildlife","floor":5,"turns":5},{"damage":35,"enemies":"Lagavulin","floor":7,"turns":8},{"damage":10,"enemies":"3 Sentries","floor":10,"turns":4},{"damage":8,"enemies":"Gremlin Nob","floor":12,"turns":3},{"damage":7,"enemies":"Blue Slaver","floor":13,"turns":2},{"damage":0,"enemies":"Large Slime","floor":14,"turns":3},{"damage":44,"enemies":"Slime Boss","floor":16,"turns":16},{"damage":16,"enemies":"2 Thieves","floor":18,"turns":3},{"damage":19,"enemies":"3 Byrds","floor":19,"turns":6},{"damage":11,"enemies":"Centurion and Healer","floor":22,"turns":5},{"damage":53,"enemies":"Book of Stabbing","floor":24,"turns":6},{"damage":29,"enemies":"Cultist and Chosen","floor":31,"turns":6},{"damage":51,"enemies":"Champ","floor":33,"turns":11},{"damage":27,"enemies":"3 Darklings","floor":35,"turns":5},{"damage":4,"enemies":"3 Shapes","floor":36,"turns":10},{"damage":15,"enemies":"Sphere and 2 Shapes","floor":39,"turns":12},{"damage":7,"enemies":"Reptomancer","floor":40,"turns":6},{"damage":31,"enemies":"Nemesis","floor":42,"turns":9},{"damage":8,"enemies":"Maw","floor":44,"turns":7},{"damage":35,"enemies":"Reptomancer","floor":45,"turns":6},{"damage":10,"enemies":"Jaw Worm Horde","floor":47,"turns":4},{"damage":35,"enemies":"Time Eater","floor":50,"turns":10},{"damage":95,"enemies":"Awakened One","floor":51,"turns":13},{"damage":89,"enemies":"Shield and Spear","floor":55,"turns":9},{"damage":103,"enemies":"The Heart","floor":56,"turns":6}],"seed_played":"-2432355551522550768","potions_obtained":[{"floor":3,"key":"Block Potion"},{"floor":5,"key":"LiquidBronze"},{"floor":7,"key":"AttackPotion"},{"floor":10,"key":"SmokeBomb"},{"floor":14,"key":"EntropicBrew"},{"floor":16,"key":"Energy Potion"},{"floor":18,"key":"SkillPotion"},{"floor":19,"key":"Explosive Potion"},{"floor":22,"key":"PowerPotion"},{"floor":33,"key":"Explosive Potion"},{"floor":36,"key":"Dexterity Potion"},{"floor":39,"key":"EntropicBrew"},{"floor":47,"key":"SkillPotion"},{"floor":55,"key":"SkillPotion"}],"is_trial":false,"path_per_floor":["M","M","M","M","M","R","E","R","T","E","R","E","M","M","R","B",null,"M","M","?","?","M","R","E","R","T","?","$","R","$","M","R","B",null,"M","M","$","?","M","E","R","E","T","M","E","R","M","?","R","B","B",null,"R","$","E","B"],"character_chosen":"IRONCLAD","items_purchased":["Membership Card","Shrug It Off","Feed","Strength Potion","GamblersBrew","Whirlwind","Bronze Scales","Bag of Preparation","SkillPotion"],"campfire_rested":2,"item_purchase_floors":[28,30,30,30,30,30,37,54,54],"current_hp_per_floor":[74,75,75,75,67,67,38,38,38,46,46,58,57,63,63,37,76,66,53,53,53,60,60,25,51,51,51,51,51,51,40,66,33,75,89,93,93,88,97,96,96,97,97,95,97,97,98,98,98,104,67,98,98,98,60,0],"gold":57,"neow_bonus":"THREE_ENEMY_KILL","is_prod":false,"is_daily":false,"chose_seed":false,"campfire_upgraded":9,"win_rate":0,"timestamp":1557284995,"path_taken":["M","M","M","M","M","R","E","R","T","E","R","E","M","M","R","BOSS","M","?","?","?","M","R","E","R","T","?","$","R","$","M","R","BOSS","M","M","$","?","M","E","R","E","T","M","E","R","M","?","R","BOSS","BOSS","R","$","E","BOSS"],"build_version":"2019-01-23","purchased_purges":2,"victory":false,"max_hp_per_floor":[75,75,75,75,75,75,75,75,75,75,75,89,89,89,89,89,89,89,89,89,89,89,89,89,89,89,89,89,89,89,89,89,89,89,89,93,93,93,97,97,97,97,97,97,97,97,100,100,100,104,108,108,108,108,108,108],"card_choices":[{"not_picked":["Sword Boomerang","Dual Wield"],"picked":"Twin Strike","floor":1},{"not_picked":["Wild Strike","Rupture"],"picked":"Seeing Red","floor":2},{"not_picked":["Heavy Blade","Sever Soul","Infernal Blade"],"picked":"SKIP","floor":3},{"not_picked":["Heavy Blade","Body Slam","Clash"],"picked":"SKIP","floor":4},{"not_picked":["Heavy Blade","Body Slam","Clash"],"picked":"SKIP","floor":4},{"not_picked":["Power Through","Sever Soul"],"picked":"Armaments","floor":5},{"not_picked":["Combust","Sword Boomerang"],"picked":"Fiend Fire","floor":7},{"not_picked":["Bloodletting","Pommel Strike"],"picked":"Battle Trance","floor":10},{"not_picked":["Heavy Blade","Perfected Strike","Rage"],"picked":"SKIP","floor":12},{"not_picked":["Sword Boomerang","Pommel Strike"],"picked":"Shrug It Off","floor":13},{"not_picked":["Cleave","Heavy Blade","Flex"],"picked":"SKIP","floor":14},{"not_picked":["Limit Break","Brutality"],"picked":"Demon Form","floor":16},{"not_picked":["Cleave+1","Body Slam+1"],"picked":"True Grit","floor":18},{"not_picked":["Thunderclap","Perfected Strike"],"picked":"Clothesline","floor":19},{"not_picked":["Warcry","Iron Wave+1"],"picked":"Spot Weakness","floor":22},{"not_picked":["Iron Wave","Rage"],"picked":"Flame Barrier","floor":24},{"not_picked":["Fire Breathing","Body Slam","Bloodletting"],"picked":"SKIP","floor":31},{"not_picked":["Intimidate","Thunderclap","Flex"],"picked":"SKIP","floor":31},{"not_picked":["Impervious","Dark Embrace"],"picked":"Reaper","floor":33},{"not_picked":["Havoc","Rampage","Infernal Blade"],"picked":"SKIP","floor":35},{"not_picked":["Spot Weakness","Clothesline","Sword Boomerang"],"picked":"SKIP","floor":35},{"not_picked":["Whirlwind","Fiend Fire"],"picked":"Corruption","floor":36},{"not_picked":["Body Slam+1","Rampage+1"],"picked":"Shrug It Off","floor":36},{"not_picked":["Good Instincts","Violence"],"picked":"Purity","floor":38},{"not_picked":["Havoc","Searing Blow"],"picked":"Headbutt+1","floor":39},{"not_picked":["Pommel Strike","Twin Strike","Body Slam"],"picked":"SKIP","floor":39},{"not_picked":["Bloodletting+1","Rampage+1"],"picked":"Second Wind+1","floor":40},{"not_picked":["Havoc+1","Power Through"],"picked":"Ghostly Armor","floor":42},{"not_picked":["Searing Blow","True Grit"],"picked":"Feel No Pain","floor":44},{"not_picked":["Perfected Strike+1","Headbutt","Body Slam"],"picked":"SKIP","floor":44},{"not_picked":["Bloodletting+1","Thunderclap"],"picked":"Exhume","floor":45},{"not_picked":["Rage","Heavy Blade"],"picked":"Uppercut","floor":47},{"not_picked":["Searing Blow","Clash","Perfected Strike"],"picked":"SKIP","floor":47},{"not_picked":["Thunderclap+1","Armaments"],"picked":"Dual Wield","floor":55}],"player_experience":1274144,"relics_obtained":[{"floor":7,"key":"Meat on the Bone"},{"floor":10,"key":"Oddly Smooth Stone"},{"floor":12,"key":"Mango"},{"floor":24,"key":"Letter Opener"},{"floor":26,"key":"Prayer Wheel"},{"floor":40,"key":"Vajra"},{"floor":42,"key":"Smiling Mask"},{"floor":43,"key":"Ornamental Fan"},{"floor":45,"key":"Bird Faced Urn"},{"floor":55,"key":"Dodecahedron"}],"event_choices":[{"damage_healed":0,"gold_gain":0,"player_choice":"Simplicity","damage_taken":0,"max_hp_gain":0,"max_hp_loss":0,"event_name":"Back to Basics","floor":20,"gold_loss":0,"cards_upgraded":["Strike_R","Strike_R","Strike_R","Strike_R","Strike_R","Defend_R","Defend_R","Defend_R","Defend_R"]},{"damage_healed":0,"gold_gain":0,"player_choice":"Read","damage_taken":0,"max_hp_gain":0,"max_hp_loss":0,"event_name":"The Library","floor":21,"gold_loss":0,"cards_obtained":["Warcry"]},{"damage_healed":0,"gold_gain":0,"cards_transformed":["Strike_R","Strike_R"],"player_choice":"Became Test Subject","damage_taken":0,"max_hp_gain":0,"max_hp_loss":0,"event_name":"Drug Dealer","floor":27,"gold_loss":0,"cards_obtained":["Rupture","Sentinel"]},{"damage_healed":0,"gold_gain":0,"player_choice":"Memory 2","damage_taken":5,"max_hp_gain":0,"max_hp_loss":0,"event_name":"SensoryStone","floor":38,"gold_loss":0},{"damage_healed":0,"gold_gain":0,"player_choice":"Ignored","damage_taken":0,"max_hp_gain":0,"max_hp_loss":0,"event_name":"Tomb of Lord Red Mask","floor":48,"gold_loss":0}],"is_beta":false,"boss_relics":[{"not_picked":["Philosopher\u0027s Stone","Lizard Tail"],"picked":"Mark of Pain"},{"not_picked":["Coffee Dripper","Empty Cage"],"picked":"Runic Pyramid"}],"items_purged_floors":[30,37],"is_endless":false,"potions_floor_spawned":[3,5,7,10,14,16,18,19,22,33,36,39,44,47,55],"killed_by":"The Heart","ascension_level":20}