{"gold_per_floor":[116,116,133,4,23,54,54,88,88,105,122,147,157,82,82,183,183,194,194,175,190,60,60,60],"floor_reached":24,"playtime":1465,"items_purged":["Strike_G"],"score":352,"play_id":"ed5c40bf-4748-4f53-aaf4-f2e583650600","local_time":"20190505110156","is_ascension_mode":true,"campfire_choices":[{"floor":15,"key":"REST"},{"floor":23,"key":"REST"}],"neow_cost":"NONE","seed_source_timestamp":1258401091673056,"circlet_count":0,"master_deck":["Defend_G","Defend_G","Defend_G","Defend_G","Defend_G","Strike_G","Strike_G","Strike_G","Strike_G","Survivor","Neutralize+1","Heel Hook","Leg Sweep","Dash","Dagger Spray","Caltrops","Terror","Well Laid Plans","After Image","Cloak And Dagger","Envenom","Slice","Prepared","Accuracy","Cloak And Dagger","Infinite Blades"],"relics":["Ring of the Snake","Turnip","NlothsMask","Sundial","Bag of Marbles","WristBlade","Nilry\u0027s Codex"],"potions_floor_usage":[6,10,20,24],"damage_taken":[{"damage":2,"enemies":"Small Slimes","floor":1,"turns":6},{"damage":0,"enemies":"Jaw Worm","floor":3,"turns":4},{"damage":0,"enemies":"Cultist","floor":5,"turns":4},{"damage":0,"enemies":"3 Sentries","floor":6,"turns":8},{"damage":41,"enemies":"Lagavulin","floor":8,"turns":11},{"damage":0,"enemies":"Blue Slaver","floor":10,"turns":3},{"damage":2,"enemies":"Exordium Wildlife","floor":11,"turns":7},{"damage":17,"enemies":"3 Sentries","floor":12,"turns":9},{"damage":0,"enemies":"Red Slaver","floor":13,"turns":3},{"damage":1,"enemies":"Hexaghost","floor":16,"turns":10},{"damage":1,"enemies":"Shell Parasite","floor":18,"turns":6},{"damage":0,"enemies":"2 Thieves","floor":20,"turns":4},{"damage":35,"enemies":"Snake Plant","floor":21,"turns":5},{"damage":23,"enemies":"Gremlin Leader","floor":24,"turns":5}],"seed_played":"-3744812065044440731","potions_obtained":[{"floor":1,"key":"LiquidBronze"},{"floor":3,"key":"LiquidBronze"},{"floor":8,"key":"Explosive Potion"},{"floor":10,"key":"Dexterity Potion"},{"floor":13,"key":"Block Potion"},{"floor":21,"key":"SkillPotion"}],"is_trial":false,"path_per_floor":["M","?","M","$","M","E","?","E","T","M","M","E","M","$","R","B",null,"M","?","M","M","$","R","E"],"character_chosen":"THE_SILENT","items_purchased":["Dash","Explosive Potion","Cloak And Dagger","Infinite Blades"],"campfire_rested":2,"item_purchase_floors":[4,4,22,22],"current_hp_per_floor":[61,61,61,61,61,61,61,20,20,20,18,1,1,1,22,21,58,57,41,41,6,6,27,4],"gold":60,"neow_bonus":"UPGRADE_CARD","is_prod":false,"is_daily":false,"chose_seed":false,"campfire_upgraded":0,"win_rate":0,"timestamp":1557068516,"path_taken":["M","?","M","$","M","E","?","E","T","M","M","E","?","$","R","BOSS","M","?","M","M","$","R","E"],"build_version":"2019-01-23","purchased_purges":1,"victory":false,"max_hp_per_floor":[70,70,70,70,70,70,70,70,70,70,70,70,70,70,70,70,70,70,70,70,70,70,70,70],"card_choices":[{"not_picked":["Blur","Well Laid Plans"],"picked":"Heel Hook","floor":1},{"not_picked":["Dagger Throw","Crippling Poison"],"picked":"Leg Sweep","floor":3},{"not_picked":["Predator","Escape Plan"],"picked":"Dagger Spray","floor":5},{"not_picked":["Dodge and Roll","Dagger Spray"],"picked":"Caltrops","floor":6},{"not_picked":["Bane","Eviscerate","Accuracy"],"picked":"SKIP","floor":8},{"not_picked":["Sucker Punch","Dagger Spray"],"picked":"Terror","floor":10},{"not_picked":["Slice","Accuracy"],"picked":"Well Laid Plans","floor":11},{"not_picked":["Flying Knee","Setup"],"picked":"After Image","floor":12},{"not_picked":["Underhanded Strike","Reflex"],"picked":"Cloak And Dagger","floor":13},{"not_picked":["Grand Finale","Phantasmal Killer"],"picked":"Envenom","floor":16},{"not_picked":["Bane","Skewer"],"picked":"Slice","floor":18},{"not_picked":["Reflex","Quick Slash+1"],"picked":"Prepared","floor":20},{"not_picked":["Slice","Flechettes"],"picked":"Accuracy","floor":21}],"player_experience":227848,"relics_obtained":[{"floor":6,"key":"Turnip"},{"floor":8,"key":"Sundial"},{"floor":12,"key":"Bag of Marbles"},{"floor":19,"key":"Nilry\u0027s Codex"}],"event_choices":[{"damage_healed":0,"gold_gain":0,"player_choice":"Ignored","damage_taken":0,"max_hp_gain":0,"max_hp_loss":0,"event_name":"Golden Wing","floor":2,"gold_loss":0},{"damage_healed":0,"gold_gain":0,"player_choice":"Trade","damage_taken":0,"relics_obtained":["NlothsMask"],"max_hp_gain":0,"max_hp_loss":0,"event_name":"FaceTrader","floor":7,"gold_loss":0},{"damage_healed":0,"gold_gain":0,"player_choice":"Obtained Book","damage_taken":16,"max_hp_gain":0,"max_hp_loss":0,"event_name":"Cursed Tome","floor":19,"gold_loss":0}],"is_beta":false,"boss_relics":[{"not_picked":["Calling Bell","Orrery"],"picked":"WristBlade"}],"items_purged_floors":[14],"is_endless":false,"potions_floor_spawned":[1,3,8,10,13,16,21],"killed_by":"Gremlin Leader","ascension_level":9}