{"gold_per_floor":[117,136,136,136,136,174,174,217,240,44,44,58,71,85,85,214,214,235,256,256,256,279,314,314,16,65,78,92,92,135,156,156,156],"floor_reached":33,"playtime":2108,"items_purged":[],"score":411,"play_id":"bd28b214-1e1d-4a88-9fcb-0ad98a9953d2","local_time":"20190508221500","is_ascension_mode":true,"campfire_choices":[{"data":"Footwork","floor":7,"key":"SMITH"},{"data":"Apotheosis","floor":11,"key":"SMITH"},{"floor":15,"key":"REST"},{"floor":29,"key":"REST"},{"floor":32,"key":"REST"}],"neow_cost":"NONE","seed_source_timestamp":906074274302788,"circlet_count":0,"master_deck":["Defend_G","Defend_G","Defend_G","Defend_G","Defend_G","Survivor+1","Neutralize","Poisoned Stab","Footwork+1","Backstab","Apotheosis+1","Dodge and Roll","Crippling Poison","Calculated Gamble","Malaise","Backflip","PiercingWail","Bite","Bite","Bite","Bite","Bite","Impatience","After Image","Cloak And Dagger","Leg Sweep","Doppelganger"],"relics":["Ring of the Snake","NeowsBlessing","Golden Idol","Anchor","Ornamental Fan","Potion Belt","Lizard Tail","Singing Bowl","Enchiridion","Mango","Dream Catcher","Pear"],"potions_floor_usage":[16,19,22,23,27,31,33],"damage_taken":[{"damage":0,"enemies":"Small Slimes","floor":1,"turns":1},{"damage":0,"enemies":"2 Louse","floor":2,"turns":1},{"damage":0,"enemies":"Lagavulin","floor":6,"turns":1},{"damage":31,"enemies":"Gremlin Nob","floor":8,"turns":5},{"damage":0,"enemies":"Jaw Worm","floor":12,"turns":2},{"damage":17,"enemies":"Gremlin Gang","floor":13,"turns":5},{"damage":0,"enemies":"Exordium Thugs","floor":14,"turns":6},{"damage":7,"enemies":"Hexaghost","floor":16,"turns":9},{"damage":7,"enemies":"Spheric Guardian","floor":18,"turns":4},{"damage":0,"enemies":"3 Byrds","floor":19,"turns":4},{"damage":25,"enemies":"Sentry and Sphere","floor":22,"turns":12},{"damage":34,"enemies":"Book of Stabbing","floor":23,"turns":10},{"damage":15,"enemies":"Snake Plant","floor":27,"turns":6},{"damage":7,"enemies":"Chosen and Byrds","floor":28,"turns":8},{"damage":25,"enemies":"Slavers","floor":30,"turns":8},{"damage":21,"enemies":"Snecko","floor":31,"turns":7},{"damage":222,"enemies":"Automaton","floor":33,"turns":22}],"seed_played":"5609799076302527009","potions_obtained":[{"floor":8,"key":"PowerPotion"},{"floor":13,"key":"GhostInAJar"},{"floor":14,"key":"Swift Potion"},{"floor":19,"key":"Block Potion"},{"floor":22,"key":"Energy Potion"},{"floor":27,"key":"SteroidPotion"},{"floor":30,"key":"GamblersBrew"}],"is_trial":false,"path_per_floor":["M","M","?","?","$","E","R","E","T","$","R","M","M","M","R","B",null,"M","M","?","?","M","E","?","$","T","M","M","R","E","M","R","B"],"character_chosen":"THE_SILENT","items_purchased":["Apotheosis","Mango"],"campfire_rested":3,"item_purchase_floors":[10,25],"current_hp_per_floor":[70,70,65,52,52,52,52,21,21,21,21,21,4,4,23,16,65,58,58,45,33,45,34,18,32,32,36,54,63,69,60,77,0],"gold":156,"neow_bonus":"THREE_ENEMY_KILL","is_prod":false,"is_daily":false,"chose_seed":false,"campfire_upgraded":2,"win_rate":0,"timestamp":1557368100,"path_taken":["M","M","?","?","$","E","R","E","T","?","R","?","M","M","R","BOSS","M","M","?","?","?","E","?","$","T","M","M","R","E","M","R","BOSS"],"build_version":"2019-01-23","purchased_purges":0,"victory":false,"max_hp_per_floor":[70,70,65,65,65,65,65,65,65,65,65,65,65,65,65,65,65,65,65,45,45,45,47,47,61,61,63,63,63,73,75,77,77],"card_choices":[{"not_picked":["Underhanded Strike","All Out Attack","Predator"],"picked":"SKIP","floor":1},{"not_picked":["Dodge and Roll","Setup"],"picked":"Poisoned Stab","floor":2},{"not_picked":["Blur","Quick Slash"],"picked":"Footwork","floor":6},{"not_picked":["Quick Slash","Phantasmal Killer"],"picked":"Backstab","floor":8},{"not_picked":["Outmaneuver","Poisoned Stab"],"picked":"Dodge and Roll","floor":12},{"not_picked":["Cloak And Dagger","Caltrops"],"picked":"Crippling Poison","floor":13},{"not_picked":["Finisher","Tactician"],"picked":"Calculated Gamble","floor":14},{"not_picked":["Bullet Time","Doppelganger"],"picked":"Malaise","floor":16},{"not_picked":["Outmaneuver","Quick Slash"],"picked":"Backflip","floor":18},{"not_picked":["Reflex","Backflip+1"],"picked":"PiercingWail","floor":19},{"not_picked":["Acrobatics+1","Well Laid Plans"],"picked":"After Image","floor":22},{"not_picked":["All Out Attack","Backflip","Deadly Poison"],"picked":"Singing Bowl","floor":23},{"not_picked":["Deflect+1","Sucker Punch+1","Quick Slash"],"picked":"Singing Bowl","floor":27},{"not_picked":["Reflex","Backflip+1"],"picked":"Cloak And Dagger","floor":28},{"not_picked":["Slice","Flying Knee"],"picked":"Leg Sweep","floor":29},{"not_picked":["Crippling Poison","PiercingWail"],"picked":"Doppelganger","floor":30},{"not_picked":["Calculated Gamble","Sucker Punch+1","Bane"],"picked":"Singing Bowl","floor":31},{"not_picked":["Deflect","Bane","Outmaneuver"],"picked":"Singing Bowl","floor":32}],"player_experience":222097,"relics_obtained":[{"floor":6,"key":"Anchor"},{"floor":8,"key":"Ornamental Fan"},{"floor":9,"key":"Potion Belt"},{"floor":23,"key":"Singing Bowl"},{"floor":24,"key":"Enchiridion"},{"floor":26,"key":"Dream Catcher"},{"floor":30,"key":"Pear"}],"event_choices":[{"damage_healed":0,"gold_gain":0,"player_choice":"Lose Max HP","damage_taken":0,"relics_obtained":["Golden Idol"],"max_hp_gain":0,"max_hp_loss":5,"event_name":"Golden Idol","floor":3,"gold_loss":0},{"damage_healed":0,"gold_gain":0,"player_choice":"Entered Light","damage_taken":13,"max_hp_gain":0,"max_hp_loss":0,"event_name":"Shining Light","floor":4,"gold_loss":0,"cards_upgraded":["Strike_G","Survivor"]},{"damage_healed":0,"gold_gain":0,"player_choice":"Became a vampire","damage_taken":0,"max_hp_gain":0,"max_hp_loss":20,"event_name":"Vampires","floor":20,"gold_loss":0,"cards_obtained":["Bite","Bite","Bite","Bite","Bite"]},{"damage_healed":0,"gold_gain":0,"player_choice":"CARD ","damage_taken":12,"max_hp_gain":0,"max_hp_loss":0,"event_name":"Knowing Skull","floor":21,"potions_obtained":[],"gold_loss":0,"cards_obtained":["Impatience"]},{"damage_healed":0,"gold_gain":0,"player_choice":"Obtained Book","damage_taken":16,"max_hp_gain":0,"max_hp_loss":0,"event_name":"Cursed Tome","floor":24,"gold_loss":0}],"is_beta":false,"boss_relics":[{"not_picked":["Astrolabe","Runic Pyramid"],"picked":"Lizard Tail"}],"items_purged_floors":[],"is_endless":false,"potions_floor_spawned":[8,13,14,19,22,27,30],"killed_by":"Automaton","ascension_level":4}