{"gold_per_floor":[113,128,148,148,45,71,71,71,71,86,11,31,60,80,80,155,155,168,42,42,42,61,61,74,74,98,116,131,161,175,0,0,72,72,85,98,108,122,138,138],"floor_reached":40,"playtime":3046,"items_purged":["Pain"],"score":1048,"play_id":"16a4f0f5-c148-4a83-a144-3e7d69022ef6","local_time":"20190418235032","is_ascension_mode":true,"campfire_choices":[{"data":"Backflip","floor":7,"key":"SMITH"},{"data":"Dagger Spray","floor":15,"key":"SMITH"},{"data":"Footwork","floor":23,"key":"SMITH"},{"data":"Dash","floor":25,"key":"SMITH"},{"floor":32,"key":"REST"}],"neow_cost":"CURSE","seed_source_timestamp":1780592259464302,"circlet_count":0,"master_deck":["AscendersBane","Defend_G","Defend_G","Defend_G","Defend_G","Defend_G","Strike_G","Survivor","Neutralize+1","Dagger Throw","Dagger Throw","Backflip+1","Backstab","Deadly Poison","Cloak And Dagger","Dagger Spray+1","Poisoned Stab","Dash+1","Footwork+1","Underhanded Strike","Predator","Terror","Crippling Poison+1","Leg Sweep","Choke","Envenom","Endless Agony+1","Skewer+1","All Out Attack+1","Predator+1"],"relics":["Ring of the Snake","Thread and Needle","The Specimen","Regal Pillow","Pocketwatch","Snecko Eye","PreservedInsect","Strawberry","Dream Catcher","Astrolabe"],"potions_floor_usage":[6,13,18,29,29,33,33,37,38,39],"damage_taken":[{"damage":9,"enemies":"Cultist","floor":1,"turns":5},{"damage":3,"enemies":"Small Slimes","floor":2,"turns":5},{"damage":1,"enemies":"2 Louse","floor":3,"turns":3},{"damage":0,"enemies":"3 Sentries","floor":6,"turns":2},{"damage":0,"enemies":"Exordium Wildlife","floor":10,"turns":2},{"damage":1,"enemies":"3 Louse","floor":12,"turns":3},{"damage":9,"enemies":"Gremlin Nob","floor":13,"turns":4},{"damage":0,"enemies":"Exordium Thugs","floor":14,"turns":3},{"damage":0,"enemies":"The Guardian","floor":16,"turns":12},{"damage":0,"enemies":"3 Byrds","floor":18,"turns":4},{"damage":11,"enemies":"Shell Parasite","floor":22,"turns":13},{"damage":9,"enemies":"Centurion and Healer","floor":24,"turns":6},{"damage":7,"enemies":"Cultist and Chosen","floor":27,"turns":7},{"damage":0,"enemies":"Snecko","floor":28,"turns":6},{"damage":0,"enemies":"Slavers","floor":29,"turns":1},{"damage":6,"enemies":"Centurion and Healer","floor":30,"turns":5},{"damage":19,"enemies":"Automaton","floor":33,"turns":10},{"damage":0,"enemies":"3 Shapes","floor":35,"turns":4},{"damage":0,"enemies":"Orb Walker","floor":36,"turns":4},{"damage":0,"enemies":"3 Darklings","floor":37,"turns":5},{"damage":8,"enemies":"Transient","floor":38,"turns":6},{"damage":57,"enemies":"Maw","floor":39,"turns":7},{"damage":30,"enemies":"Giant Head","floor":40,"turns":5}],"seed_played":"-6257211765169987911","potions_obtained":[{"floor":1,"key":"AttackPotion"},{"floor":3,"key":"Ancient Potion"},{"floor":12,"key":"SkillPotion"},{"floor":27,"key":"SteroidPotion"},{"floor":28,"key":"SkillPotion"},{"floor":29,"key":"LiquidBronze"},{"floor":30,"key":"PowerPotion"},{"floor":33,"key":"EssenceOfSteel"},{"floor":35,"key":"AttackPotion"},{"floor":38,"key":"PowerPotion"},{"floor":39,"key":"Fire Potion"}],"is_trial":false,"path_per_floor":["M","M","M","?","$","E","R","?","T","M","?","M","E","M","R","B",null,"M","$","?","$","M","R","M","R","T","M","M","E","M","$","R","B",null,"M","M","M","M","M","E"],"character_chosen":"THE_SILENT","items_purchased":["Backflip","Dash","Footwork","Leg Sweep","Choke"],"campfire_rested":1,"item_purchase_floors":[5,19,19,31,31],"current_hp_per_floor":[50,47,46,46,46,46,46,46,46,46,46,45,36,36,36,36,59,59,59,59,59,48,48,39,39,46,39,39,39,33,33,69,50,67,67,67,67,59,2,0],"gold":138,"neow_bonus":"ONE_RARE_RELIC","is_prod":false,"is_daily":false,"chose_seed":false,"campfire_upgraded":4,"win_rate":0,"timestamp":1555599032,"path_taken":["M","?","M","?","$","E","R","?","T","M","?","M","E","?","R","BOSS","M","$","?","?","M","R","M","R","T","?","M","E","M","$","R","BOSS","M","M","M","M","?","E"],"build_version":"2019-01-23","purchased_purges":1,"victory":false,"max_hp_per_floor":[66,66,66,66,66,66,66,66,66,66,66,66,66,66,66,66,66,66,66,66,66,66,66,66,66,73,73,73,73,73,73,73,73,73,73,73,73,73,73,73],"card_choices":[{"not_picked":["Quick Slash","Deflect"],"picked":"Dagger Throw","floor":1},{"not_picked":["Quick Slash","Catalyst"],"picked":"Dagger Throw","floor":2},{"not_picked":["Finisher","Bane","Accuracy"],"picked":"SKIP","floor":3},{"not_picked":["Predator","Burst"],"picked":"Backstab","floor":6},{"not_picked":["Infinite Blades","Prepared"],"picked":"Deadly Poison","floor":10},{"not_picked":["Infinite Blades","Flechettes"],"picked":"Cloak And Dagger","floor":12},{"not_picked":["Deflect","Cloak And Dagger"],"picked":"Dagger Spray","floor":13},{"not_picked":["Backstab","Deadly Poison"],"picked":"Poisoned Stab","floor":14},{"not_picked":["Sucker Punch","Backflip","Poisoned Stab"],"picked":"SKIP","floor":18},{"not_picked":["Caltrops","Cloak And Dagger"],"picked":"Underhanded Strike","floor":22},{"not_picked":["Deflect+1","Blade Dance","Outmaneuver"],"picked":"SKIP","floor":24},{"not_picked":["Sucker Punch","Dagger Spray","Doppelganger"],"picked":"SKIP","floor":27},{"not_picked":["Slice","Acrobatics"],"picked":"Predator","floor":28},{"not_picked":["Poisoned Stab","Deadly Poison"],"picked":"Terror","floor":29},{"not_picked":["Dodge and Roll","Caltrops"],"picked":"Crippling Poison+1","floor":30},{"not_picked":["Glass Knife","A Thousand Cuts"],"picked":"Envenom","floor":33},{"not_picked":["Escape Plan","Underhanded Strike","Cloak And Dagger+1"],"picked":"SKIP","floor":35},{"not_picked":["Deadly Poison","Bane","All Out Attack"],"picked":"SKIP","floor":36},{"not_picked":["Cloak And Dagger+1","Accuracy","All Out Attack+1"],"picked":"SKIP","floor":37},{"not_picked":["Escape Plan+1","Outmaneuver"],"picked":"Predator+1","floor":38},{"not_picked":["Dagger Throw","Outmaneuver+1","Flying Knee"],"picked":"SKIP","floor":39}],"player_experience":975788,"relics_obtained":[{"floor":6,"key":"The Specimen"},{"floor":13,"key":"Pocketwatch"},{"floor":20,"key":"PreservedInsect"},{"floor":26,"key":"Strawberry"},{"floor":29,"key":"Dream Catcher"}],"event_choices":[{"damage_healed":0,"gold_gain":0,"player_choice":"Grow","damage_taken":0,"max_hp_gain":0,"max_hp_loss":0,"event_name":"Living Wall","floor":4,"gold_loss":0,"cards_upgraded":["Neutralize"]},{"damage_healed":0,"gold_gain":0,"player_choice":"Searched \u00271\u0027 times","damage_taken":0,"relics_obtained":["Regal Pillow"],"max_hp_gain":0,"max_hp_loss":0,"event_name":"Dead Adventurer","floor":8,"gold_loss":0},{"cards_removed":["Strike_G"],"damage_healed":0,"gold_gain":0,"player_choice":"Card Removal","damage_taken":0,"max_hp_gain":0,"max_hp_loss":0,"event_name":"The Cleric","floor":11,"gold_loss":75},{"damage_healed":0,"gold_gain":0,"player_choice":"Relic","damage_taken":0,"max_hp_gain":0,"max_hp_loss":0,"event_name":"Wheel of Change","floor":20,"gold_loss":0}],"is_beta":false,"boss_relics":[{"not_picked":["Tiny House","Philosopher\u0027s Stone"],"picked":"Snecko Eye"},{"not_picked":["Runic Pyramid","Empty Cage"],"picked":"Astrolabe"}],"items_purged_floors":[5],"is_endless":false,"potions_floor_spawned":[1,3,12,27,28,29,30,33,35,38,39],"killed_by":"Giant Head","ascension_level":20}