{"gold_per_floor":[117,217,234,234,248,278,228,153,177,189,221,247,280,300,300,405,405,420,420,420,232,248,280,280,314,337,337,352,352,382,398,398,398],"floor_reached":33,"playtime":1408,"items_purged":["Strike_G","Writhe"],"score":418,"play_id":"c20cb9fb-8fc5-450b-87e7-ab83010f1ca5","local_time":"20190512153200","is_ascension_mode":true,"campfire_choices":[{"data":"Blade Dance","floor":15,"key":"SMITH"},{"data":"Tools of the Trade","floor":24,"key":"SMITH"},{"floor":29,"key":"REST"},{"floor":32,"key":"REST"}],"neow_cost":"NONE","seed_source_timestamp":17264702201507,"circlet_count":0,"master_deck":["Defend_G+1","Defend_G","Defend_G+1","Defend_G","Defend_G","Strike_G","Strike_G","Strike_G","Strike_G","Survivor","Neutralize","Blade Dance+1","Accuracy","Endless Agony","Quick Slash","Dodge and Roll","Finisher","Catalyst","Tools of the Trade+1","Underhanded Strike+1","Cloak And Dagger","Dramatic Entrance","Accuracy+1","Adrenaline","Pain","Infinite Blades","Heel Hook","Reflex+1"],"relics":["Ring of the Snake","NeowsBlessing","Bag of Preparation","Paper Crane","Boot","War Paint","Pen Nib","Bronze Scales","WristBlade","Lantern","Happy Flower","Smiling Mask","WarpedTongs","Dodecahedron"],"potions_floor_usage":[11,13,16,16,18],"damage_taken":[{"damage":0,"enemies":"Small Slimes","floor":1,"turns":1},{"damage":0,"enemies":"Cultist","floor":3,"turns":1},{"damage":0,"enemies":"Jaw Worm","floor":5,"turns":1},{"damage":37,"enemies":"Gremlin Nob","floor":6,"turns":6},{"damage":0,"enemies":"Exordium Thugs","floor":10,"turns":5},{"damage":18,"enemies":"3 Sentries","floor":11,"turns":7},{"damage":0,"enemies":"Gremlin Nob","floor":13,"turns":3},{"damage":0,"enemies":"2 Fungi Beasts","floor":14,"turns":3},{"damage":14,"enemies":"Slime Boss","floor":16,"turns":5},{"damage":13,"enemies":"2 Thieves","floor":18,"turns":4},{"damage":0,"enemies":"3 Byrds","floor":22,"turns":3},{"damage":29,"enemies":"Slavers","floor":23,"turns":3},{"damage":0,"enemies":"Book of Stabbing","floor":25,"turns":5},{"damage":15,"enemies":"Snake Plant","floor":28,"turns":4},{"damage":10,"enemies":"Gremlin Leader","floor":30,"turns":4},{"damage":15,"enemies":"Snecko","floor":31,"turns":4},{"damage":30,"enemies":"Collector","floor":33,"turns":3}],"seed_played":"-8089280955606516747","potions_obtained":[{"floor":3,"key":"AttackPotion"},{"floor":5,"key":"FearPotion"},{"floor":10,"key":"Explosive Potion"},{"floor":11,"key":"Weak Potion"},{"floor":14,"key":"Strength Potion"},{"floor":18,"key":"LiquidBronze"},{"floor":28,"key":"Fire Potion"},{"floor":31,"key":"Ancient Potion"}],"is_trial":false,"path_per_floor":["M","?","M","?","M","E","?","$","T","M","E","T","E","M","R","B",null,"M","?","?","$","M","E","R","E","T","?","M","R","E","M","R","B"],"character_chosen":"THE_SILENT","items_purchased":["Dramatic Entrance"],"campfire_rested":2,"item_purchase_floors":[21],"current_hp_per_floor":[70,70,70,70,70,33,33,33,33,33,15,15,15,15,15,1,70,57,57,57,57,57,28,28,28,28,28,13,34,24,9,30,0],"gold":398,"neow_bonus":"THREE_ENEMY_KILL","is_prod":false,"is_daily":false,"chose_seed":false,"campfire_upgraded":2,"win_rate":0,"timestamp":1557646320,"path_taken":["M","?","?","?","M","E","?","?","T","?","E","?","E","M","R","BOSS","M","?","?","$","M","E","R","E","T","?","?","R","E","M","R","BOSS"],"build_version":"2019-01-23","purchased_purges":2,"victory":false,"max_hp_per_floor":[70,70,70,70,70,70,70,70,70,70,70,70,70,70,70,70,70,70,70,70,70,70,70,70,70,70,70,70,70,70,70,70,70],"card_choices":[{"not_picked":["Terror","Flechettes"],"picked":"Blade Dance","floor":1},{"not_picked":["Leg Sweep","Infinite Blades","Choke"],"picked":"SKIP","floor":3},{"not_picked":["Dagger Throw","Acrobatics"],"picked":"Accuracy","floor":5},{"not_picked":["Crippling Poison","Flying Knee"],"picked":"Endless Agony","floor":6},{"not_picked":["Flechettes","Flying Knee"],"picked":"Quick Slash","floor":10},{"not_picked":["Deflect","Quick Slash"],"picked":"Dodge and Roll","floor":11},{"not_picked":["Doppelganger","Sucker Punch"],"picked":"Finisher","floor":13},{"not_picked":["Deadly Poison","Finisher"],"picked":"Catalyst","floor":14},{"not_picked":["Grand Finale","After Image"],"picked":"Tools of the Trade","floor":16},{"not_picked":["Acrobatics+1","Tactician+1"],"picked":"Underhanded Strike+1","floor":18},{"not_picked":["Expertise+1","Skewer"],"picked":"Accuracy+1","floor":22},{"not_picked":["Predator","Caltrops","Underhanded Strike"],"picked":"SKIP","floor":23},{"not_picked":["Underhanded Strike","Eviscerate"],"picked":"Adrenaline","floor":25},{"not_picked":["Flying Knee","Sucker Punch"],"picked":"Infinite Blades","floor":28},{"not_picked":["Riddle With Holes","Leg Sweep+1"],"picked":"Heel Hook","floor":30},{"not_picked":["Setup","Quick Slash"],"picked":"Reflex+1","floor":31}],"player_experience":485678,"relics_obtained":[{"floor":6,"key":"Paper Crane"},{"floor":9,"key":"Boot"},{"floor":11,"key":"War Paint"},{"floor":12,"key":"Pen Nib"},{"floor":13,"key":"Bronze Scales"},{"floor":23,"key":"Happy Flower"},{"floor":25,"key":"Smiling Mask"},{"floor":30,"key":"Dodecahedron"}],"event_choices":[{"damage_healed":0,"gold_gain":100,"player_choice":"Gold","damage_taken":0,"max_hp_gain":0,"max_hp_loss":0,"event_name":"Wheel of Change","floor":2,"gold_loss":0},{"damage_healed":0,"gold_gain":0,"player_choice":"Box","damage_taken":0,"relics_obtained":["Bag of Preparation"],"max_hp_gain":0,"max_hp_loss":0,"event_name":"Big Fish","floor":4,"gold_loss":0,"cards_obtained":["Regret"]},{"cards_removed":["Regret"],"damage_healed":0,"gold_gain":0,"player_choice":"Card Removal","damage_taken":0,"max_hp_gain":0,"max_hp_loss":0,"event_name":"The Cleric","floor":7,"gold_loss":50},{"damage_healed":0,"gold_gain":0,"player_choice":"Opened","damage_taken":0,"relics_obtained":["Lantern"],"max_hp_gain":0,"max_hp_loss":0,"event_name":"The Mausoleum","floor":19,"gold_loss":0,"cards_obtained":["Writhe"]},{"damage_healed":0,"gold_gain":0,"player_choice":"Read","damage_taken":0,"max_hp_gain":0,"max_hp_loss":0,"event_name":"The Library","floor":20,"gold_loss":0,"cards_obtained":["Cloak And Dagger"]},{"damage_healed":0,"gold_gain":0,"player_choice":"Rummage","damage_taken":0,"relics_obtained":["WarpedTongs"],"max_hp_gain":0,"max_hp_loss":0,"event_name":"Accursed Blacksmith","floor":27,"gold_loss":0,"cards_obtained":["Pain"]}],"is_beta":false,"boss_relics":[{"not_picked":["Black Star","Coffee Dripper"],"picked":"WristBlade"}],"items_purged_floors":[8,21],"is_endless":false,"potions_floor_spawned":[3,5,10,11,14,18,28,31],"killed_by":"Collector","ascension_level":1}