{"gold_per_floor":[112,127,138,33,33,66,66,77,77,77,106,106,134,149,149,221,221,237,237,252,265,285,285],"floor_reached":23,"playtime":843,"items_purged":[],"score":383,"play_id":"58d12fdb-6e0f-4c66-a58b-88a90134bb50","local_time":"20190327183931","is_ascension_mode":true,"campfire_choices":[{"floor":7,"key":"REST"},{"data":"Storm","floor":10,"key":"SMITH"},{"floor":12,"key":"REST"},{"floor":15,"key":"REST"}],"neow_cost":"NONE","seed_source_timestamp":2198732088274,"circlet_count":0,"master_deck":["AscendersBane","Strike_B","Strike_B","Strike_B","Strike_B","Defend_B","Defend_B","Defend_B+1","Defend_B","Zap","Dualcast","Storm+1","Rip and Tear","Sunder+1","Storm","Conserve Battery","Double Energy","Hologram","Steam Power","Defragment","Fission","Buffer","Chill","Ball Lightning","FTL","Conserve Battery"],"relics":["Cracked Core","Anchor","Peace Pipe","Pear","Question Card","Boot","Inserter"],"potions_floor_usage":[13,16,20,22],"damage_taken":[{"damage":0,"enemies":"2 Louse","floor":1,"turns":2},{"damage":1,"enemies":"Cultist","floor":2,"turns":4},{"damage":0,"enemies":"Jaw Worm","floor":3,"turns":2},{"damage":27,"enemies":"Gremlin Nob","floor":6,"turns":4},{"damage":4,"enemies":"3 Louse","floor":8,"turns":3},{"damage":12,"enemies":"3 Sentries","floor":11,"turns":6},{"damage":15,"enemies":"Lagavulin","floor":13,"turns":4},{"damage":5,"enemies":"2 Fungi Beasts","floor":14,"turns":4},{"damage":13,"enemies":"Slime Boss","floor":16,"turns":10},{"damage":29,"enemies":"3 Byrds","floor":18,"turns":5},{"damage":22,"enemies":"Spheric Guardian","floor":20,"turns":4},{"damage":13,"enemies":"Snake Plant","floor":21,"turns":4},{"damage":8,"enemies":"Cultist and Chosen","floor":22,"turns":7},{"damage":5,"enemies":"Gremlin Leader","floor":23,"turns":1}],"seed_played":"-2815927325418913028","potions_obtained":[{"floor":6,"key":"PowerPotion"},{"floor":13,"key":"Poison Potion"},{"floor":16,"key":"Swift Potion"},{"floor":18,"key":"Regen Potion"}],"is_trial":false,"path_per_floor":["M","M","M","$","?","E","R","M","T","R","E","R","E","M","R","B",null,"M","?","M","M","M","E"],"character_chosen":"DEFECT","items_purchased":["Storm","Conserve Battery"],"campfire_rested":3,"item_purchase_floors":[4,4],"current_hp_per_floor":[64,63,63,63,42,15,36,32,42,42,30,54,39,34,58,45,72,43,35,25,12,4,0],"gold":285,"neow_bonus":"RANDOM_COMMON_RELIC","is_prod":false,"is_daily":false,"chose_seed":false,"campfire_upgraded":1,"win_rate":0,"timestamp":1553729971,"path_taken":["M","M","M","$","?","E","R","M","T","R","E","R","E","M","R","BOSS","M","?","?","M","M","E"],"build_version":"2019-01-23","purchased_purges":0,"victory":false,"max_hp_per_floor":[71,71,71,71,71,71,71,71,81,81,81,81,81,81,81,81,81,81,81,81,81,81,81],"card_choices":[{"not_picked":["Beam Cell","Coolheaded"],"picked":"Storm","floor":1},{"not_picked":["Recycle","Go for the Eyes"],"picked":"Rip and Tear","floor":2},{"not_picked":["Conserve Battery","Blizzard"],"picked":"Sunder","floor":3},{"not_picked":["Compile Driver","Sweeping Beam"],"picked":"Double Energy","floor":6},{"not_picked":["Lockon","Turbo"],"picked":"Hologram","floor":8},{"not_picked":["Steam","Leap"],"picked":"Steam Power","floor":11},{"not_picked":["Sweeping Beam","Tempest","Conserve Battery"],"picked":"Defragment","floor":13},{"not_picked":["Auto Shields","Undo","Lockon"],"picked":"Fission","floor":14},{"not_picked":["Electrodynamics","Hyperbeam","Biased Cognition"],"picked":"Buffer","floor":16},{"not_picked":["Sweeping Beam","Redo+1","Conserve Battery"],"picked":"Chill","floor":18},{"not_picked":["Force Field","Lockon","Leap"],"picked":"Ball Lightning","floor":20},{"not_picked":["Genetic Algorithm","Stack","Sweeping Beam"],"picked":"FTL","floor":21},{"not_picked":["Beam Cell","Lockon","Sunder"],"picked":"Conserve Battery","floor":22}],"player_experience":1165192,"relics_obtained":[{"floor":6,"key":"Peace Pipe"},{"floor":9,"key":"Pear"},{"floor":11,"key":"Question Card"},{"floor":13,"key":"Boot"}],"event_choices":[{"damage_healed":0,"gold_gain":0,"player_choice":"Entered Light","damage_taken":21,"max_hp_gain":0,"max_hp_loss":0,"event_name":"Shining Light","floor":5,"gold_loss":0,"cards_upgraded":["Sunder","Defend_B"]},{"damage_healed":0,"gold_gain":0,"player_choice":"","damage_taken":8,"max_hp_gain":0,"max_hp_loss":0,"event_name":"Knowing Skull","floor":19,"potions_obtained":[],"gold_loss":0,"cards_obtained":[]}],"is_beta":false,"boss_relics":[{"not_picked":["Black Star","Empty Cage"],"picked":"Inserter"}],"items_purged_floors":[],"is_endless":false,"potions_floor_spawned":[6,13,16,18],"killed_by":"Gremlin Leader","ascension_level":16}