{"gold_per_floor":[109,119,119,133,58,58,99,124,124,24,38,57,57,77,77,208,208,227,247,45,45,45],"floor_reached":22,"playtime":980,"items_purged":["Injury","Strike_B","Defend_B"],"score":188,"play_id":"f525c5d1-35a7-4d0b-b1ad-1bfea9e29997","local_time":"20180821111103","is_ascension_mode":false,"campfire_choices":[{"data":"Zap","floor":6.0,"key":"SMITH"},{"data":"Hologram","floor":13.0,"key":"SMITH"},{"floor":15.0,"key":"REST"}],"neow_cost":"NONE","seed_source_timestamp":0,"circlet_count":0,"master_deck":["Strike_B","Strike_B","Defend_B","Defend_B","Zap+1","Dualcast","Ball Lightning","Double Energy","Coolheaded","Hologram+1","Self Repair","Gash","Meteor Strike","Gash+1","Double Energy","Fusion"],"special_seed":0,"relics":["Cracked Core","Golden Idol","Calipers","Nunchaku","Empty Cage"],"potions_floor_usage":[22],"damage_taken":[{"damage":0.0,"enemies":"2 Louse","floor":1.0,"turns":2.0},{"damage":1.0,"enemies":"Cultist","floor":2.0,"turns":3.0},{"damage":0.0,"enemies":"Small Slimes","floor":4.0,"turns":3.0},{"damage":38.0,"enemies":"Gremlin Nob","floor":7.0,"turns":4.0},{"damage":5.0,"enemies":"Looter","floor":8.0,"turns":2.0},{"damage":4.0,"enemies":"2 Fungi Beasts","floor":11.0,"turns":4.0},{"damage":4.0,"enemies":"Blue Slaver","floor":12.0,"turns":3.0},{"damage":11.0,"enemies":"Exordium Thugs","floor":14.0,"turns":5.0},{"damage":18.0,"enemies":"The Guardian","floor":16.0,"turns":13.0},{"damage":34.0,"enemies":"2 Thieves","floor":18.0,"turns":5.0},{"damage":9.0,"enemies":"Chosen","floor":19.0,"turns":5.0},{"damage":46,"enemies":"Centurion and Healer","floor":22,"turns":5}],"seed_played":"7733277166994378883","potions_obtained":[{"floor":2.0,"key":"Strength Potion"},{"floor":4.0,"key":"Regen Potion"},{"floor":7.0,"key":"SkillPotion"},{"floor":14.0,"key":"Ancient Potion"},{"floor":16.0,"key":"SpeedPotion"}],"is_trial":false,"path_per_floor":["M","M","?","M","$","R","E","M","T","$","M","M","R","M","R","B",null,"M","M","$","?"],"character_chosen":"DEFECT","items_purchased":["Fusion"],"campfire_rested":1,"item_purchase_floors":[20],"current_hp_per_floor":[75,74,74,74,74,74,41,36,36,36,32,28,28,24,46,35,75,48,46,46,46,0],"gold":45,"neow_bonus":"THREE_CARDS","is_prod":false,"is_daily":false,"chose_seed":false,"campfire_upgraded":2,"win_rate":0,"timestamp":1534821063,"path_taken":["M","M","?","M","$","R","E","M","T","$","M","M","R","M","R","BOSS","M","M","$","?","M"],"build_version":"2018-08-16","purchased_purges":3,"victory":false,"max_hp_per_floor":[75,75,75,75,75,75,75,75,75,75,75,75,75,75,75,75,75,75,75,75,75,75],"card_choices":[{"not_picked":["Compile Driver","Tempest"],"picked":"Ball Lightning","floor":0.0},{"not_picked":["Cold Snap","Lockon"],"picked":"Double Energy","floor":1.0},{"not_picked":["Go for the Eyes","Self Repair"],"picked":"Coolheaded","floor":2.0},{"not_picked":["Coolheaded","Beam Cell","Reinforced Body"],"picked":"SKIP","floor":4.0},{"not_picked":["Ball Lightning","Lockon","Leap"],"picked":"SKIP","floor":7.0},{"not_picked":["Doom and Gloom","Turbo","Cold Snap"],"picked":"SKIP","floor":8.0},{"not_picked":["Cold Snap","Reboot"],"picked":"Hologram","floor":11.0},{"not_picked":["Coolheaded","Storm"],"picked":"Self Repair","floor":12.0},{"not_picked":["Ball Lightning","Force Field"],"picked":"Gash","floor":14.0},{"not_picked":["Machine Learning","Creative AI"],"picked":"Meteor Strike","floor":16.0},{"not_picked":["Redo","Cold Snap+1"],"picked":"Gash+1","floor":18.0},{"not_picked":["Steam+1","Ball Lightning"],"picked":"Double Energy","floor":19.0}],"player_experience":321954,"relics_obtained":[{"floor":7.0,"key":"Calipers"},{"floor":9.0,"key":"Nunchaku"}],"event_choices":[{"event_name":"Golden Idol","player_choice":"Take Wound","floor":3.0,"damage_taken":0.0},{"event_name":"Addict","player_choice":"Ignored","floor":21.0,"damage_taken":0.0}],"is_beta":false,"boss_relics":[{"not_picked":["Eternal Feather","Astrolabe"],"picked":"Empty Cage"}],"items_purged_floors":[5,10,20],"is_endless":false,"potions_floor_spawned":[2,4,7,14,16,19],"killed_by":"Centurion and Healer","ascension_level":0}