{"gold_per_floor":[109,120,195,50,50,50,50,50,50,50,50,14,35,48,48,177,177,198,213,213,312,312,312,335,38,62,93,93,93,93,107,107,227,227,248,267,600,303,65,65,165,165,216,216,232,232,263,263],"floor_reached":48,"playtime":1869,"items_purged":["Pain","Strike_B","Strike_B+1","Strike_B+1"],"score":533,"play_id":"29137094-fd31-4d84-aea0-48b592e9b41b","local_time":"20181230174039","is_ascension_mode":true,"campfire_choices":[{"data":"Zap","floor":6.0,"key":"SMITH"},{"data":"Defragment","floor":8.0,"key":"SMITH"},{"data":"Tempest","floor":10.0,"key":"SMITH"},{"data":"Self Repair","floor":15.0,"key":"SMITH"},{"data":"Consume","floor":23.0,"key":"SMITH"},{"data":"Thunder Strike","floor":30.0,"key":"SMITH"},{"data":"Auto Shields","floor":32.0,"key":"SMITH"},{"data":"Capacitor","floor":40,"key":"SMITH"},{"data":"Defragment","floor":42,"key":"SMITH"},{"data":"Barrage","floor":44,"key":"SMITH"},{"data":"Dualcast","floor":46,"key":"SMITH"}],"neow_cost":"CURSE","seed_source_timestamp":405275401636934,"circlet_count":0,"master_deck":["Strike_B+1","Defend_B+1","Defend_B+1","Defend_B+1","Defend_B+1","Zap+1","Dualcast+1","Tempest+1","Defragment+1","Self Repair+1","Ball Lightning","Thunder Strike+1","BootSequence+1","Consume+1","J.A.X.","Auto Shields+1","Coolheaded","Coolheaded","Multi-Cast","Consume+1","Capacitor+1","Defragment+1","Defragment+1","Barrage+1","Seek"],"special_seed":0,"relics":["FrozenCore","Calipers","Dodecahedron","Ancient Tea Set","Omamori","Oddly Smooth Stone","WarpedTongs","Sozu","Membership Card","DollysMirror","Du-Vu Doll","Art of War","The Courier"],"potions_floor_usage":[47],"damage_taken":[{"damage":12.0,"enemies":"Jaw Worm","floor":1.0,"turns":3.0},{"damage":2.0,"enemies":"Small Slimes","floor":2.0,"turns":2.0},{"damage":0.0,"enemies":"Cultist","floor":13.0,"turns":2.0},{"damage":11.0,"enemies":"Looter","floor":14.0,"turns":2.0},{"damage":25.0,"enemies":"The Guardian","floor":16.0,"turns":8.0},{"damage":11.0,"enemies":"3 Byrds","floor":18.0,"turns":2.0},{"damage":0.0,"enemies":"Chosen","floor":19.0,"turns":4.0},{"damage":37.0,"enemies":"Snecko","floor":24.0,"turns":5.0},{"damage":13.0,"enemies":"Book of Stabbing","floor":27.0,"turns":7.0},{"damage":0.0,"enemies":"Sentry and Sphere","floor":31.0,"turns":7.0},{"damage":15.0,"enemies":"Champ","floor":33.0,"turns":8.0},{"damage":0.0,"enemies":"3 Darklings","floor":35.0,"turns":6.0},{"damage":3.0,"enemies":"Orb Walker","floor":36.0,"turns":4.0},{"damage":22,"enemies":"Mind Bloom Boss Battle","floor":41,"turns":5},{"damage":0,"enemies":"Sphere and 2 Shapes","floor":45,"turns":6},{"damage":49,"enemies":"Reptomancer","floor":47,"turns":14},{"damage":28,"enemies":"Transient","floor":48,"turns":2}],"seed_played":"-763869893761796054","potions_obtained":[{"floor":2.0,"key":"Fire Potion"},{"floor":11.0,"key":"LiquidBronze"},{"floor":11.0,"key":"Energy Potion"},{"floor":19.0,"key":"EssenceOfSteel"},{"floor":24.0,"key":"PowerPotion"},{"floor":27.0,"key":"AttackPotion"},{"floor":31.0,"key":"Strength Potion"}],"is_trial":false,"path_per_floor":["M","M","?","$","?","R","?","R","T","R","?","$","M","M","R","B",null,"M","M","?","?","?","R","M","$","T","E","?","?","R","M","R","B",null,"M","M","?","$","$","R","?","R","T","R","M","R","E","M"],"character_chosen":"DEFECT","items_purchased":["Defragment","Self Repair","Ancient Tea Set","Coolheaded","Membership Card","Capacitor","DollysMirror","Defragment","Barrage"],"campfire_rested":0,"item_purchase_floors":[4,12,25,25,38,38,39,39,39],"current_hp_per_floor":[63,61,50,50,50,50,50,50,50,50,50,50,57,53,53,38,69,68,69,69,69,69,69,42,42,42,39,39,39,39,49,49,44,69,69,69,69,69,69,69,57,57,57,57,67,67,28,0],"gold":263,"neow_bonus":"ONE_RARE_RELIC","is_prod":false,"is_daily":false,"chose_seed":false,"campfire_upgraded":11,"win_rate":0,"timestamp":1546159239,"path_taken":["M","M","?","$","?","R","?","R","T","R","?","$","M","M","R","BOSS","M","M","?","?","?","R","M","$","T","E","?","?","R","M","R","BOSS","M","?","?","?","$","R","?","R","T","R","M","R","E","M"],"build_version":"2018-12-20","purchased_purges":4,"victory":false,"max_hp_per_floor":[75,75,75,75,69,69,69,69,69,69,69,69,69,69,69,69,69,69,69,69,69,69,69,69,69,69,69,69,69,69,69,69,69,69,69,69,69,69,69,69,69,69,69,69,69,69,69,69],"card_choices":[{"not_picked":["Compile Driver","Hologram","Doom and Gloom"],"picked":"SKIP","floor":1.0},{"not_picked":["Heatsinks","Melter"],"picked":"Tempest","floor":2.0},{"not_picked":["Sunder","Fusion","Hologram"],"picked":"SKIP","floor":13.0},{"not_picked":["Reinforced Body","Go for the Eyes"],"picked":"Ball Lightning","floor":14.0},{"not_picked":["Biased Cognition","Hyperbeam"],"picked":"Thunder Strike","floor":16.0},{"not_picked":["Fusion","Steam+1"],"picked":"BootSequence+1","floor":18.0},{"not_picked":["Gash+1","White Noise"],"picked":"Consume","floor":19.0},{"not_picked":["Compile Driver","Doom and Gloom"],"picked":"Coolheaded","floor":24.0},{"not_picked":["Recycle","Skim","Stack"],"picked":"SKIP","floor":27.0},{"not_picked":["Fusion","Steam","Sweeping Beam+1"],"picked":"SKIP","floor":31.0},{"not_picked":["Seek","Echo Form"],"picked":"Multi-Cast","floor":33.0},{"not_picked":["Steam","Streamline+1"],"picked":"Consume+1","floor":35.0},{"not_picked":["Storm","Loop","Leap"],"picked":"SKIP","floor":36.0},{"not_picked":["Cold Snap","Coolheaded+1","Lockon+1"],"picked":"SKIP","floor":45},{"not_picked":["Streamline+1","Cold Snap+1"],"picked":"Seek","floor":47}],"player_experience":275500,"relics_obtained":[{"floor":9.0,"key":"Dodecahedron"},{"floor":26.0,"key":"Omamori"},{"floor":27.0,"key":"Oddly Smooth Stone"},{"floor":41,"key":"Du-Vu Doll"},{"floor":43,"key":"Art of War"},{"floor":47,"key":"The Courier"}],"event_choices":[{"damage_healed":0.0,"max_hp_gain":0.0,"max_hp_loss":0.0,"gold_gain":75.0,"event_name":"World of Goop","player_choice":"Gather Gold","floor":3.0,"gold_loss":0.0,"damage_taken":11.0},{"damage_healed":0.0,"max_hp_gain":0.0,"max_hp_loss":6.0,"gold_gain":0.0,"event_name":"Golden Idol","player_choice":"Lose Max HP","floor":5.0,"gold_loss":0.0,"damage_taken":0.0,"relics_obtained":["Golden Idol"]},{"damage_healed":0.0,"max_hp_gain":0.0,"max_hp_loss":0.0,"gold_gain":0.0,"event_name":"Liars Game","player_choice":"Ignored","floor":7.0,"gold_loss":0.0,"damage_taken":0.0},{"damage_healed":0.0,"max_hp_gain":0.0,"max_hp_loss":0.0,"gold_gain":0.0,"event_name":"Lab","player_choice":"Got Potions","floor":11.0,"gold_loss":0.0,"damage_taken":0.0},{"damage_healed":0.0,"max_hp_gain":0.0,"max_hp_loss":0.0,"gold_gain":0.0,"event_name":"Drug Dealer","player_choice":"Obtain J.A.X.","floor":20.0,"gold_loss":0.0,"damage_taken":0.0,"cards_obtained":["J.A.X."]},{"damage_healed":0.0,"max_hp_gain":0.0,"max_hp_loss":0.0,"gold_gain":99.0,"event_name":"Nest","player_choice":"Stole From Cult","floor":21.0,"gold_loss":0.0,"damage_taken":0.0},{"damage_healed":0.0,"max_hp_gain":0.0,"max_hp_loss":0.0,"gold_gain":0.0,"event_name":"The Library","player_choice":"Read","floor":22.0,"gold_loss":0.0,"damage_taken":0.0,"cards_obtained":["Auto Shields"]},{"damage_healed":0.0,"max_hp_gain":0.0,"max_hp_loss":0.0,"gold_gain":0.0,"event_name":"Back to Basics","player_choice":"Simplicity","floor":28.0,"gold_loss":0.0,"damage_taken":0.0,"cards_upgraded":["Strike_B","Strike_B","Strike_B","Defend_B","Defend_B","Defend_B","Defend_B"]},{"damage_healed":0.0,"max_hp_gain":0.0,"max_hp_loss":0.0,"gold_gain":0.0,"event_name":"Accursed Blacksmith","player_choice":"Rummage","floor":29.0,"gold_loss":0.0,"damage_taken":0.0,"relics_obtained":["WarpedTongs"],"cards_obtained":["Pain"]},{"damage_healed":0.0,"max_hp_gain":0.0,"max_hp_loss":0.0,"gold_gain":333.0,"event_name":"The Moai Head","player_choice":"Gave Idol","floor":37.0,"relics_lost":["Golden Idol"],"gold_loss":0.0,"damage_taken":0.0},{"damage_healed":0,"gold_gain":0,"player_choice":"Fight","damage_taken":0,"max_hp_gain":0,"max_hp_loss":0,"event_name":"MindBloom","floor":41,"gold_loss":0}],"is_beta":false,"boss_relics":[{"not_picked":["Calling Bell","Ectoplasm"],"picked":"FrozenCore"},{"not_picked":["Astrolabe","Black Star"],"picked":"Sozu"}],"items_purged_floors":[4,25,38,39],"is_endless":false,"potions_floor_spawned":[2,19,24,27,31,41],"killed_by":"Transient","ascension_level":2}