{"gold_per_floor":[109,109,128,144,162,162,192,192,215,51,51,66,66,66,66,141,141,153,165,90,104,115,145,145,175,175,204,204,218,218,233,233,309,309,328,328,398,548,559,559,592,592,617,630,649,661,680,707,707,707,707],"floor_reached":51,"playtime":3797,"items_purged":[],"score":1402,"play_id":"9e105060-8568-4f51-88ba-2122e4490dea","local_time":"20190421114628","is_ascension_mode":true,"campfire_choices":[{"data":"Zap","floor":6.0,"key":"SMITH"},{"data":"Sunder","floor":11.0,"key":"SMITH"},{"data":"Sweeping Beam","floor":13.0,"key":"SMITH"},{"data":"Dualcast","floor":15.0,"key":"SMITH"},{"floor":24.0,"key":"REST"},{"floor":28.0,"key":"REST"},{"data":"Defragment","floor":32.0,"key":"SMITH"},{"floor":40.0,"key":"RECALL"},{"data":"Defragment","floor":42.0,"key":"SMITH"},{"data":"Echo Form","floor":49.0,"key":"SMITH"}],"neow_cost":"NONE","seed_source_timestamp":181800907131365,"circlet_count":0,"master_deck":["AscendersBane","Strike_B","Defend_B","Defend_B","Defend_B","Defend_B","Zap+1","Dualcast+1","Ball Lightning","BootSequence","Ball Lightning","Sunder+1","Sweeping Beam+1","Biased Cognition","Hologram","Conserve Battery","Glacier","Self Repair","Defragment+1","Chill","Coolheaded","Echo Form+1","Defragment+1","Defragment","Decay","Go for the Eyes+1","Undo","Parasite","Barrage+1"],"special_seed":0,"relics":["Cracked Core","Oddly Smooth Stone","Centennial Puzzle","Bag of Preparation","Lantern","Runic Pyramid","Dream Catcher","Bronze Scales","The Courier","Red Mask","Cursed Key","SsserpentHead","Nunchaku","Bag of Marbles","Blood Vial"],"potions_floor_usage":[51,51],"damage_taken":[{"damage":6.0,"enemies":"Small Slimes","floor":1.0,"turns":3.0},{"damage":8.0,"enemies":"2 Louse","floor":3.0,"turns":3.0},{"damage":0.0,"enemies":"Cultist","floor":4.0,"turns":3.0},{"damage":1.0,"enemies":"Blue Slaver","floor":5.0,"turns":3.0},{"damage":11.0,"enemies":"Gremlin Nob","floor":7.0,"turns":3.0},{"damage":0.0,"enemies":"3 Louse","floor":12.0,"turns":2.0},{"damage":14.0,"enemies":"Slime Boss","floor":16.0,"turns":7.0},{"damage":1.0,"enemies":"3 Byrds","floor":18.0,"turns":3.0},{"damage":0.0,"enemies":"Chosen","floor":19.0,"turns":3.0},{"damage":0.0,"enemies":"Sentry and Sphere","floor":21.0,"turns":3.0},{"damage":6.0,"enemies":"Snake Plant","floor":22.0,"turns":3.0},{"damage":17.0,"enemies":"Book of Stabbing","floor":23.0,"turns":5.0},{"damage":51.0,"enemies":"Slavers","floor":25.0,"turns":6.0},{"damage":16.0,"enemies":"Masked Bandits","floor":27.0,"turns":3.0},{"damage":2.0,"enemies":"Shelled Parasite and Fungi","floor":29.0,"turns":4.0},{"damage":0.0,"enemies":"Snecko","floor":31.0,"turns":6.0},{"damage":31.0,"enemies":"Automaton","floor":33.0,"turns":11.0},{"damage":0.0,"enemies":"Orb Walker","floor":35.0,"turns":4.0},{"damage":15.0,"enemies":"3 Darklings","floor":37.0,"turns":6.0},{"damage":0.0,"enemies":"Mind Bloom Boss Battle","floor":38.0,"turns":6.0},{"damage":1.0,"enemies":"Sphere and 2 Shapes","floor":39.0,"turns":5.0},{"damage":13.0,"enemies":"Reptomancer","floor":41.0,"turns":7.0},{"damage":0.0,"enemies":"Jaw Worm Horde","floor":44.0,"turns":5.0},{"damage":5.0,"enemies":"3 Darklings","floor":45.0,"turns":4.0},{"damage":0.0,"enemies":"Sphere and 2 Shapes","floor":46.0,"turns":5.0},{"damage":0.0,"enemies":"Writhing Mass","floor":47.0,"turns":6.0},{"damage":24.0,"enemies":"Nemesis","floor":48.0,"turns":11.0},{"damage":50.0,"enemies":"Awakened One","floor":50.0,"turns":21.0},{"damage":35,"enemies":"Time Eater","floor":51,"turns":11}],"seed_played":"3614031549087650553","potions_obtained":[{"floor":1.0,"key":"FearPotion"},{"floor":4.0,"key":"Fire Potion"},{"floor":16.0,"key":"Ancient Potion"},{"floor":18.0,"key":"Energy Potion"},{"floor":25.0,"key":"EssenceOfSteel"},{"floor":27.0,"key":"EssenceOfSteel"},{"floor":31.0,"key":"Regen Potion"},{"floor":35.0,"key":"AttackPotion"},{"floor":37.0,"key":"SpeedPotion"},{"floor":41.0,"key":"SteroidPotion"},{"floor":45.0,"key":"PowerPotion"}],"is_trial":false,"path_per_floor":["M","?","M","M","M","R","E","?","T","$","R","M","R","?","R","B",null,"M","M","?","M","M","E","R","E","T","?","R","M","?","M","R","B",null,"M","?","M","?","M","R","E","R","T","M","M","M","M","E","R","B","B"],"character_chosen":"DEFECT","items_purchased":["Lantern"],"campfire_rested":2,"item_purchase_floors":[10],"current_hp_per_floor":[58,51,43,43,42,42,31,36,36,36,36,36,36,36,36,22,63,62,62,62,62,56,39,61,17,17,8,30,35,35,42,42,33,65,76,76,75,76,76,76,70,70,70,76,76,76,76,66,66,32,0],"gold":707,"neow_bonus":"RANDOM_COMMON_RELIC","is_prod":false,"is_daily":false,"chose_seed":false,"campfire_upgraded":7,"win_rate":0,"timestamp":1555814788,"path_taken":["M","?","M","M","M","R","E","?","T","$","R","M","R","?","R","BOSS","M","M","?","M","M","E","R","E","T","?","R","M","?","M","R","BOSS","M","?","?","?","M","R","E","R","T","M","M","M","M","E","R","BOSS","BOSS"],"build_version":"2019-01-23","purchased_purges":0,"victory":false,"max_hp_per_floor":[71,71,71,71,71,71,71,76,76,76,76,76,76,76,76,76,76,76,76,76,76,76,76,76,76,76,76,76,76,76,76,76,76,76,76,76,76,76,76,76,76,76,76,76,76,76,76,76,76,76,76],"card_choices":[{"not_picked":["Chaos","Recycle","Beam Cell"],"picked":"SKIP","floor":1.0},{"not_picked":["Steam","Chaos"],"picked":"Ball Lightning","floor":3.0},{"not_picked":["Gash","Streamline"],"picked":"BootSequence","floor":4.0},{"not_picked":["Capacitor","Heatsinks"],"picked":"Ball Lightning","floor":5.0},{"not_picked":["BootSequence","Coolheaded"],"picked":"Sunder","floor":7.0},{"not_picked":["Blizzard","Redo"],"picked":"Sweeping Beam","floor":12.0},{"not_picked":["Fission","Core Surge"],"picked":"Biased Cognition","floor":16.0},{"not_picked":["Steam Power","Beam Cell","Gash"],"picked":"SKIP","floor":18.0},{"not_picked":["Fusion","Sweeping Beam"],"picked":"Hologram","floor":19.0},{"not_picked":["White Noise","Consume"],"picked":"Conserve Battery","floor":21.0},{"not_picked":["Gash","FTL+1"],"picked":"Glacier","floor":22.0},{"not_picked":["Gash","Force Field"],"picked":"Self Repair","floor":23.0},{"not_picked":["Reprogram+1","Steam+1"],"picked":"Defragment","floor":24.0},{"not_picked":["Sunder","Redo","Sweeping Beam"],"picked":"SKIP","floor":25.0},{"not_picked":["Doom and Gloom","Fusion+1"],"picked":"Chill","floor":28.0},{"not_picked":["Rebound","Steam","Beam Cell"],"picked":"SKIP","floor":29.0},{"not_picked":["Storm","Beam Cell"],"picked":"Coolheaded","floor":31.0},{"not_picked":["Amplify","Machine Learning"],"picked":"Echo Form","floor":33.0},{"not_picked":["Sunder","Chaos"],"picked":"Defragment","floor":35.0},{"not_picked":["Streamline","Chill","Steam"],"picked":"SKIP","floor":37.0},{"not_picked":["Tempest+1","Turbo"],"picked":"Defragment","floor":38.0},{"not_picked":["Compile Driver","Rebound+1","Beam Cell"],"picked":"SKIP","floor":39.0},{"not_picked":["Coolheaded","Consume","Compile Driver"],"picked":"SKIP","floor":41.0},{"not_picked":["Turbo","Machine Learning"],"picked":"Go for the Eyes+1","floor":44.0},{"not_picked":["Steam Power","Ball Lightning+1","Coolheaded"],"picked":"SKIP","floor":45.0},{"not_picked":["Scrape","Ball Lightning"],"picked":"Undo","floor":46.0},{"not_picked":["Go for the Eyes","Gash+1","Melter"],"picked":"SKIP","floor":47.0},{"not_picked":["Redo","Melter"],"picked":"Barrage+1","floor":48.0}],"player_experience":1016654,"relics_obtained":[{"floor":7.0,"key":"Centennial Puzzle"},{"floor":9.0,"key":"Bag of Preparation"},{"floor":23.0,"key":"Dream Catcher"},{"floor":25.0,"key":"Bronze Scales"},{"floor":26.0,"key":"The Courier"},{"floor":27.0,"key":"Red Mask"},{"floor":38.0,"key":"Nunchaku"},{"floor":41.0,"key":"Bag of Marbles"},{"floor":48.0,"key":"Blood Vial"}],"event_choices":[{"cards_removed":["Strike_B"],"damage_healed":0.0,"max_hp_gain":0.0,"max_hp_loss":0.0,"gold_gain":0.0,"event_name":"Golden Wing","player_choice":"Card Removal","floor":2.0,"gold_loss":0.0,"damage_taken":7.0},{"damage_healed":0.0,"max_hp_gain":5.0,"max_hp_loss":0.0,"gold_gain":0.0,"event_name":"Big Fish","player_choice":"Donut","floor":8.0,"gold_loss":0.0,"damage_taken":0.0},{"cards_removed":["Strike_B"],"damage_healed":0.0,"max_hp_gain":0.0,"max_hp_loss":0.0,"gold_gain":0.0,"event_name":"Purifier","player_choice":"Purged","floor":14.0,"gold_loss":0.0,"damage_taken":0.0},{"cards_removed":["Strike_B"],"damage_healed":0.0,"max_hp_gain":0.0,"max_hp_loss":0.0,"gold_gain":0.0,"event_name":"Beggar","player_choice":"Gave Gold","floor":20.0,"gold_loss":75.0,"damage_taken":0.0},{"damage_healed":0.0,"max_hp_gain":0.0,"max_hp_loss":0.0,"gold_gain":0.0,"event_name":"Masked Bandits","player_choice":"Fought Bandits","floor":27.0,"gold_loss":0.0,"damage_taken":0.0},{"damage_healed":0.0,"max_hp_gain":0.0,"max_hp_loss":0.0,"gold_gain":0.0,"event_name":"The Mausoleum","player_choice":"Ignored","floor":30.0,"gold_loss":0.0,"damage_taken":0.0},{"damage_healed":0.0,"max_hp_gain":0.0,"max_hp_loss":0.0,"gold_gain":0.0,"event_name":"FaceTrader","player_choice":"Trade","floor":36.0,"gold_loss":0.0,"damage_taken":0.0,"relics_obtained":["SsserpentHead"]},{"damage_healed":0.0,"max_hp_gain":0.0,"max_hp_loss":0.0,"gold_gain":0.0,"event_name":"MindBloom","player_choice":"Fight","floor":38.0,"gold_loss":0.0,"damage_taken":0.0}],"is_beta":false,"boss_relics":[{"not_picked":["White Beast Statue","Tiny House"],"picked":"Runic Pyramid"},{"not_picked":["Black Star","FrozenCore"],"picked":"Cursed Key"}],"items_purged_floors":[],"is_endless":false,"potions_floor_spawned":[1,4,16,18,19,25,27,31,35,37,41,45,47],"killed_by":"Time Eater","ascension_level":20}