{"gold_per_floor":[113,126,142,142,159,159,8,19,19,50,95,72,84,122,134,243,255,286,316,345,373,404,444,456,502,514,526,71,99,24,123,123,224,224,235,250,262,262,262,296,296,296],"floor_reached":42,"playtime":2237,"items_purged":["Strike_B"],"score":625,"play_id":"60412f3c-0031-41d1-bc14-d1d1996e4f3c","local_time":"20190504230446","is_ascension_mode":true,"campfire_choices":[{"data":"Dualcast","floor":6,"key":"SMITH"},{"floor":13,"key":"REST"},{"data":"Go for the Eyes","floor":15,"key":"SMITH"},{"floor":24,"key":"REST"},{"data":"Biased Cognition","floor":27,"key":"SMITH"},{"floor":32,"key":"REST"},{"floor":41,"key":"RECALL"}],"neow_cost":"PERCENT_DAMAGE","seed_source_timestamp":1415403386218,"circlet_count":0,"master_deck":["Strike_B","Defend_B+1","Defend_B","Defend_B","Defend_B","Zap+1","Dualcast+1","Go for the Eyes+1","Leap","Storm","Melter","Ball Lightning","Sunder","Biased Cognition+1","Conserve Battery+1","Glacier","BootSequence","Stack+1","Glacier","Capacitor","Undo","Buffer","Coolheaded+1","BootSequence+1"],"relics":["FrozenCore","Bronze Scales","MawBank","Bag of Marbles","Cables","Potion Belt","Bottled Tornado","Molten Egg 2","Mango","War Paint","Cursed Key","Smiling Mask"],"potions_floor_usage":[16,16,21,23,23,33,33,40],"damage_taken":[{"damage":3,"enemies":"2 Louse","floor":1,"turns":2},{"damage":0,"enemies":"Cultist","floor":2,"turns":3},{"damage":0,"enemies":"Small Slimes","floor":3,"turns":2},{"damage":9,"enemies":"Looter","floor":5,"turns":3},{"damage":12,"enemies":"Large Slime","floor":8,"turns":5},{"damage":10,"enemies":"2 Fungi Beasts","floor":10,"turns":3},{"damage":17,"enemies":"Gremlin Nob","floor":11,"turns":4},{"damage":4,"enemies":"Lagavulin","floor":14,"turns":5},{"damage":29,"enemies":"The Guardian","floor":16,"turns":9},{"damage":0,"enemies":"Spheric Guardian","floor":18,"turns":1},{"damage":20,"enemies":"2 Thieves","floor":19,"turns":3},{"damage":4,"enemies":"Cultist and Chosen","floor":20,"turns":8},{"damage":10,"enemies":"Centurion and Healer","floor":21,"turns":7},{"damage":0,"enemies":"Snake Plant","floor":22,"turns":4},{"damage":38,"enemies":"Slavers","floor":23,"turns":7},{"damage":0,"enemies":"Book of Stabbing","floor":25,"turns":7},{"damage":32,"enemies":"Gremlin Leader","floor":29,"turns":9},{"damage":32,"enemies":"Collector","floor":33,"turns":19},{"damage":0,"enemies":"3 Shapes","floor":35,"turns":6},{"damage":0,"enemies":"Orb Walker","floor":36,"turns":5},{"damage":5,"enemies":"Maw","floor":37,"turns":10},{"damage":4,"enemies":"Reptomancer","floor":40,"turns":13},{"damage":103,"enemies":"Giant Head","floor":42,"turns":14}],"seed_played":"551369992593286346","potions_obtained":[{"floor":3,"key":"Dexterity Potion"},{"floor":8,"key":"Swift Potion"},{"floor":14,"key":"Energy Potion"},{"floor":20,"key":"EssenceOfSteel"},{"floor":22,"key":"SkillPotion"},{"floor":23,"key":"Swift Potion"},{"floor":29,"key":"FocusPotion"},{"floor":35,"key":"Ancient Potion"}],"is_trial":false,"path_per_floor":["M","M","M","?","M","R","$","M","T","M","E","?","R","E","R","B",null,"M","M","M","M","M","E","R","E","T","R","$","E","?","?","R","B",null,"M","M","M","?","?","E","R","E"],"character_chosen":"DEFECT","items_purchased":["Bronze Scales","Capacitor","Mango"],"campfire_rested":3,"item_purchase_floors":[7,28,28],"current_hp_per_floor":[65,65,65,65,56,56,56,44,44,34,17,39,65,61,61,32,89,89,69,65,55,55,17,43,43,43,43,57,25,25,25,55,23,103,103,103,98,98,98,94,94,0],"gold":296,"neow_bonus":"TWENTY_PERCENT_HP_BONUS","is_prod":false,"is_daily":false,"chose_seed":false,"campfire_upgraded":3,"win_rate":0,"timestamp":1557025486,"path_taken":["M","M","M","?","M","R","$","?","T","M","E","?","R","E","R","BOSS","M","M","M","M","M","E","R","E","T","R","$","E","?","?","R","BOSS","M","M","M","?","?","E","R","E"],"build_version":"2019-01-23","purchased_purges":1,"victory":false,"max_hp_per_floor":[89,89,89,89,89,89,89,89,89,89,89,89,89,89,89,89,89,89,89,89,89,89,89,89,89,89,89,103,103,103,103,103,103,103,103,103,103,98,98,98,98,98],"card_choices":[{"not_picked":["FTL","Gash"],"picked":"Go for the Eyes","floor":1},{"not_picked":["Fusion","Compile Driver","Hologram"],"picked":"SKIP","floor":2},{"not_picked":["Go for the Eyes","FTL","Barrage"],"picked":"SKIP","floor":3},{"not_picked":["Barrage","Go for the Eyes"],"picked":"Leap","floor":5},{"not_picked":["Cold Snap","Lockon"],"picked":"Storm","floor":8},{"not_picked":["Fusion","Sweeping Beam"],"picked":"Melter","floor":10},{"not_picked":["Rebound","Melter"],"picked":"Ball Lightning","floor":11},{"not_picked":["Fusion","Conserve Battery"],"picked":"Sunder","floor":14},{"not_picked":["Multi-Cast","Fission"],"picked":"Biased Cognition","floor":16},{"not_picked":["Stack+1","Compile Driver","Gash"],"picked":"SKIP","floor":18},{"not_picked":["Thunder Strike","Reinforced Body"],"picked":"Conserve Battery+1","floor":19},{"not_picked":["Redo","Hello World"],"picked":"Glacier","floor":20},{"not_picked":["Turbo","Storm","Rebound"],"picked":"SKIP","floor":21},{"not_picked":["Barrage","Sweeping Beam"],"picked":"BootSequence","floor":22},{"not_picked":["Aggregate+1","Coolheaded"],"picked":"Stack+1","floor":23},{"not_picked":["Gash","Multi-Cast"],"picked":"Glacier","floor":25},{"not_picked":["Conserve Battery","Leap+1"],"picked":"Undo","floor":29},{"not_picked":["Machine Learning","All For One+1"],"picked":"Buffer","floor":33},{"not_picked":["Rebound+1","Beam Cell+1"],"picked":"Coolheaded+1","floor":35},{"not_picked":["Undo+1","Stack","Go for the Eyes+1"],"picked":"SKIP","floor":36},{"not_picked":["Compile Driver+1","Heatsinks","Barrage+1"],"picked":"SKIP","floor":37},{"not_picked":["Genetic Algorithm","Redo"],"picked":"BootSequence+1","floor":40}],"player_experience":97014,"relics_obtained":[{"floor":9,"key":"MawBank"},{"floor":11,"key":"Bag of Marbles"},{"floor":14,"key":"Cables"},{"floor":23,"key":"Potion Belt"},{"floor":25,"key":"Bottled Tornado"},{"floor":26,"key":"Molten Egg 2"},{"floor":29,"key":"War Paint"},{"floor":40,"key":"Smiling Mask"}],"event_choices":[{"cards_removed":["Strike_B"],"damage_healed":0,"gold_gain":0,"player_choice":"Offered Basic","damage_taken":0,"max_hp_gain":0,"max_hp_loss":0,"event_name":"Bonfire Elementals","floor":4,"gold_loss":0},{"damage_healed":22,"gold_gain":0,"player_choice":"Healed","damage_taken":0,"max_hp_gain":0,"max_hp_loss":0,"event_name":"The Cleric","floor":12,"gold_loss":35},{"cards_removed":["Strike_B"],"damage_healed":0,"gold_gain":0,"player_choice":"Gave Gold","damage_taken":0,"max_hp_gain":0,"max_hp_loss":0,"event_name":"Beggar","floor":30,"gold_loss":75},{"damage_healed":0,"gold_gain":99,"player_choice":"Stole From Cult","damage_taken":0,"max_hp_gain":0,"max_hp_loss":0,"event_name":"Nest","floor":31,"gold_loss":0},{"damage_healed":0,"gold_gain":0,"player_choice":"Max HP","damage_taken":0,"max_hp_gain":0,"max_hp_loss":5,"event_name":"Winding Halls","floor":38,"gold_loss":0},{"damage_healed":0,"gold_gain":0,"player_choice":"Ignored","damage_taken":0,"max_hp_gain":0,"max_hp_loss":0,"event_name":"Tomb of Lord Red Mask","floor":39,"gold_loss":0}],"is_beta":false,"boss_relics":[{"not_picked":["Coffee Dripper","Busted Crown"],"picked":"FrozenCore"},{"not_picked":["Runic Dome","White Beast Statue"],"picked":"Cursed Key"}],"items_purged_floors":[28],"is_endless":false,"potions_floor_spawned":[3,8,14,20,22,23,29,35],"killed_by":"Giant Head","ascension_level":2}