{"gold_per_floor":[115,115,115,115,130,163,163,190,190,217,228,248,278,278,278,375,375,389,409,425,357,357,357,388,388,388,406,417,417,417,429,429,525,575,585,585,603,615,164,193,205,217,279,302,314,352,43,0,0,0],"floor_reached":51,"playtime":3784,"items_purged":["Strike_R"],"score":828,"play_id":"f0081279-228f-47ab-83d4-8eb29bfdc0a3","local_time":"20190508190240","is_ascension_mode":false,"campfire_choices":[{"data":"Rage","floor":7,"key":"SMITH"},{"data":"Feed","floor":15,"key":"SMITH"},{"data":"Limit Break","floor":23,"key":"SMITH"},{"data":"Inflame","floor":30,"key":"SMITH"},{"data":"Heavy Blade","floor":32,"key":"SMITH"},{"data":"Heavy Blade","floor":41,"key":"SMITH"},{"data":"Sword Boomerang","floor":45,"key":"SMITH"},{"data":"Juggernaut","floor":49,"key":"SMITH"}],"neow_cost":"NONE","seed_source_timestamp":91292608679400,"circlet_count":0,"master_deck":["Strike_R","Strike_R+1","Defend_R+1","Defend_R+1","Defend_R+1","Bash","Sword Boomerang+1","Juggernaut+1","Rage+1","Thunderclap","Feed+1","Reaper","Inflame+1","Heavy Blade+1","Limit Break+1","Sentinel+1","Inflame+1","Armaments+1","Flame Barrier+1","Shockwave+1","Heavy Blade+1","Reaper","True Grit+1","Shrug It Off+1","Pummel+1","Sword Boomerang+1","Spot Weakness+1","Sword Boomerang+1","Sentinel+1"],"relics":["Burning Blood","NeowsBlessing","Calipers","Blood Vial","FossilizedHelix","Anchor","Meat on the Bone","Mark of Pain","Ginger","Self Forming Clay","MutagenicStrength","Tiny House","Frozen Eye","Dodecahedron","MawBank","PreservedInsect","Strawberry","Ancient Tea Set","War Paint","Red Mask"],"potions_floor_usage":[13,16,33,38,38,50,50,50],"damage_taken":[{"damage":0,"enemies":"Cultist","floor":1,"turns":1},{"damage":0,"enemies":"Jaw Worm","floor":5,"turns":1},{"damage":0,"enemies":"Gremlin Nob","floor":6,"turns":1},{"damage":37,"enemies":"3 Sentries","floor":8,"turns":9},{"damage":0,"enemies":"Lagavulin","floor":10,"turns":6},{"damage":0,"enemies":"2 Louse","floor":11,"turns":2},{"damage":0,"enemies":"Lots of Slimes","floor":12,"turns":3},{"damage":25,"enemies":"3 Sentries","floor":13,"turns":8},{"damage":44,"enemies":"The Guardian","floor":16,"turns":9},{"damage":11,"enemies":"3 Byrds","floor":18,"turns":5},{"damage":23,"enemies":"Shell Parasite","floor":19,"turns":5},{"damage":35,"enemies":"3 Cultists","floor":20,"turns":6},{"damage":62,"enemies":"Book of Stabbing","floor":24,"turns":6},{"damage":24,"enemies":"Snake Plant","floor":27,"turns":5},{"damage":8,"enemies":"Chosen and Byrds","floor":28,"turns":5},{"damage":6,"enemies":"Cultist and Chosen","floor":31,"turns":5},{"damage":32,"enemies":"Collector","floor":33,"turns":6},{"damage":0,"enemies":"Orb Walker","floor":35,"turns":4},{"damage":0,"enemies":"3 Shapes","floor":37,"turns":5},{"damage":4,"enemies":"Transient","floor":38,"turns":5},{"damage":54,"enemies":"Nemesis","floor":40,"turns":7},{"damage":0,"enemies":"Jaw Worm Horde","floor":44,"turns":5},{"damage":26,"enemies":"Giant Head","floor":46,"turns":7},{"damage":51,"enemies":"Time Eater","floor":50,"turns":7}],"seed_played":"-4756744052930703771","potions_obtained":[{"floor":11,"key":"SteroidPotion"},{"floor":13,"key":"Explosive Potion"},{"floor":16,"key":"Ancient Potion"},{"floor":18,"key":"GamblersBrew"},{"floor":20,"key":"Energy Potion"},{"floor":27,"key":"Strength Potion"},{"floor":34,"key":"Strength Potion"},{"floor":35,"key":"Block Potion"},{"floor":38,"key":"Explosive Potion"}],"is_trial":false,"path_per_floor":["M","?","?","?","M","E","R","E","T","E","M","M","E","?","R","B",null,"M","M","M","$","?","R","E","?","T","M","M","?","R","M","R","B",null,"M","?","M","M","$","E","R","?","T","M","R","E","$","?","R","B",null],"character_chosen":"IRONCLAD","items_purchased":["Inflame","Frozen Eye","Dodecahedron","Fire Potion","War Paint","AttackPotion"],"campfire_rested":0,"item_purchase_floors":[21,39,39,47,47,47],"current_hp_per_floor":[80,64,57,57,63,69,69,38,38,46,57,80,76,76,76,58,89,93,76,77,77,71,71,29,10,10,21,41,41,41,59,59,47,111,111,111,111,111,111,82,82,82,89,101,101,83,83,83,83,52],"gold":0,"neow_bonus":"THREE_ENEMY_KILL","is_prod":false,"is_daily":false,"chose_seed":false,"campfire_upgraded":8,"win_rate":0,"timestamp":1557360160,"path_taken":["M","?","?","?","M","E","R","E","T","E","M","M","E","?","R","BOSS","M","?","M","$","?","R","E","?","T","M","M","?","R","M","R","BOSS","M","?","M","M","$","E","R","?","T","?","R","E","$","?","R","BOSS"],"build_version":"2019-01-23","purchased_purges":1,"victory":true,"max_hp_per_floor":[80,80,80,80,80,80,80,80,80,80,83,86,89,89,89,89,89,93,93,97,97,97,97,97,102,102,102,102,102,102,106,106,106,111,111,111,111,111,111,111,111,111,118,122,122,122,122,122,122,122],"card_choices":[{"not_picked":["Wild Strike","Body Slam"],"picked":"Sword Boomerang","floor":1},{"not_picked":["True Grit","Searing Blow"],"picked":"Rage","floor":5},{"not_picked":["Body Slam","Anger"],"picked":"Thunderclap","floor":6},{"not_picked":["Iron Wave","Perfected Strike"],"picked":"Feed","floor":8},{"not_picked":["Whirlwind","Feel No Pain"],"picked":"Reaper","floor":10},{"not_picked":["Headbutt","Wild Strike"],"picked":"Inflame","floor":11},{"not_picked":["Seeing Red","Clothesline"],"picked":"Heavy Blade","floor":12},{"not_picked":["Feel No Pain","Anger","Cleave"],"picked":"SKIP","floor":13},{"not_picked":["Barricade","Feed"],"picked":"Limit Break","floor":16},{"not_picked":["Iron Wave","Shockwave","Ghostly Armor+1"],"picked":"SKIP","floor":18},{"not_picked":["Havoc","Clash"],"picked":"Sentinel+1","floor":19},{"not_picked":["Perfected Strike+1","Cleave+1","Iron Wave"],"picked":"SKIP","floor":20},{"not_picked":["Combust","Iron Wave+1"],"picked":"Armaments+1","floor":24},{"not_picked":["Headbutt","Clothesline"],"picked":"Flame Barrier+1","floor":27},{"not_picked":["Headbutt","Cleave"],"picked":"Shockwave+1","floor":28},{"not_picked":["Anger","Armaments"],"picked":"Heavy Blade","floor":31},{"not_picked":["Exhume","Feed"],"picked":"Reaper","floor":33},{"not_picked":["Heavy Blade","Uppercut+1"],"picked":"True Grit+1","floor":34},{"not_picked":["Sword Boomerang+1","Rampage+1"],"picked":"Shrug It Off+1","floor":35},{"not_picked":["True Grit+1","Armaments"],"picked":"Pummel+1","floor":37},{"not_picked":["True Grit+1","Sever Soul+1"],"picked":"Sword Boomerang+1","floor":38},{"not_picked":["Berserk","Twin Strike+1"],"picked":"Spot Weakness+1","floor":40},{"not_picked":["Hemokinesis+1","True Grit"],"picked":"Sword Boomerang+1","floor":44},{"not_picked":["Body Slam","Impervious"],"picked":"Sentinel+1","floor":46}],"player_experience":17641,"relics_obtained":[{"floor":6,"key":"Calipers"},{"floor":8,"key":"Blood Vial"},{"floor":9,"key":"FossilizedHelix"},{"floor":10,"key":"Anchor"},{"floor":13,"key":"Meat on the Bone"},{"floor":24,"key":"Ginger"},{"floor":26,"key":"Self Forming Clay"},{"floor":40,"key":"MawBank"},{"floor":43,"key":"Strawberry"},{"floor":46,"key":"Ancient Tea Set"}],"event_choices":[{"damage_healed":0,"gold_gain":0,"player_choice":"Entered Light","damage_taken":16,"max_hp_gain":0,"max_hp_loss":0,"event_name":"Shining Light","floor":2,"gold_loss":0,"cards_upgraded":["Strike_R","Defend_R"]},{"cards_removed":["Strike_R"],"damage_healed":0,"gold_gain":0,"player_choice":"Card Removal","damage_taken":7,"max_hp_gain":0,"max_hp_loss":0,"event_name":"Golden Wing","floor":3,"gold_loss":0},{"damage_healed":0,"gold_gain":0,"cards_transformed":["Defend_R"],"player_choice":"Change","damage_taken":0,"max_hp_gain":0,"max_hp_loss":0,"event_name":"Living Wall","floor":4,"gold_loss":0,"cards_obtained":["Juggernaut"]},{"cards_removed":["Strike_R"],"damage_healed":0,"gold_gain":0,"player_choice":"Offered Basic","damage_taken":0,"max_hp_gain":0,"max_hp_loss":0,"event_name":"Bonfire Elementals","floor":14,"gold_loss":0},{"damage_healed":0,"gold_gain":0,"player_choice":"Joined the Cult","damage_taken":6,"max_hp_gain":0,"max_hp_loss":0,"event_name":"Nest","floor":22,"gold_loss":0,"cards_obtained":["RitualDagger"]},{"damage_healed":0,"gold_gain":0,"player_choice":"Shed Blood","damage_taken":24,"max_hp_gain":5,"max_hp_loss":0,"event_name":"Forgotten Altar","floor":25,"gold_loss":0},{"damage_healed":0,"gold_gain":0,"player_choice":"Inject Mutagens","damage_taken":0,"relics_obtained":["MutagenicStrength"],"max_hp_gain":0,"max_hp_loss":0,"event_name":"Drug Dealer","floor":29,"gold_loss":0},{"cards_removed":["RitualDagger"],"damage_healed":0,"gold_gain":0,"player_choice":"Removed Attack","damage_taken":0,"max_hp_gain":0,"max_hp_loss":0,"event_name":"Falling","floor":36,"gold_loss":0},{"damage_healed":0,"gold_gain":0,"player_choice":"Gave Potion","damage_taken":0,"relics_obtained":["PreservedInsect"],"max_hp_gain":0,"max_hp_loss":0,"event_name":"WeMeetAgain","floor":42,"gold_loss":0},{"damage_healed":0,"gold_gain":0,"player_choice":"Paid","damage_taken":0,"relics_obtained":["Red Mask"],"max_hp_gain":0,"max_hp_loss":0,"event_name":"Tomb of Lord Red Mask","floor":48,"gold_loss":43}],"is_beta":false,"boss_relics":[{"not_picked":["Black Blood","Philosopher\u0027s Stone"],"picked":"Mark of Pain"},{"not_picked":["Lizard Tail","Orrery"],"picked":"Tiny House"}],"items_purged_floors":[47],"is_endless":false,"potions_floor_spawned":[11,13,16,18,20,27,35,37,38],"ascension_level":0}