{"gold_per_floor":[119,130,130,142,156,156,187,187,187,187,197,30,50,65,65,141,141,153,165,7,27,27,27,61,61,85,115,135,135,135,85,85,159,159,170,181,181,201,216,216],"floor_reached":40,"playtime":2585,"items_purged":["Strike_G"],"score":860,"play_id":"42d917ac-fc42-45c1-be48-5b12b2010242","local_time":"20190430222648","is_ascension_mode":true,"campfire_choices":[{"data":"Bouncing Flask","floor":6,"key":"SMITH"},{"data":"Neutralize","floor":8,"key":"SMITH"},{"data":"Noxious Fumes","floor":10,"key":"SMITH"},{"data":"Well Laid Plans","floor":15,"key":"SMITH"},{"floor":23,"key":"REST"},{"floor":25,"key":"REST"},{"floor":29,"key":"REST"},{"data":"Footwork","floor":32,"key":"SMITH"}],"neow_cost":"NONE","seed_source_timestamp":146969679095100,"circlet_count":0,"master_deck":["AscendersBane","Defend_G","Defend_G","Defend_G","Defend_G","Defend_G","Strike_G","Strike_G","Survivor","Neutralize+1","Backstab","Bouncing Flask+1","Dagger Throw","Noxious Fumes+1","Footwork+1","Deflect","PiercingWail","Well Laid Plans+1","PiercingWail","Deflect","Escape Plan","Dodge and Roll","Grand Finale","Backflip","Dash+1","Backflip","Malaise","Backflip","Crippling Poison+1"],"relics":["Ring of the Snake","NeowsBlessing","Turnip","StoneCalendar","Anchor","Eternal Feather","Molten Egg 2","Art of War","Regal Pillow","Busted Crown"],"potions_floor_usage":[13,16,16,33,33,38,40],"damage_taken":[{"damage":0,"enemies":"2 Louse","floor":1,"turns":1},{"damage":0,"enemies":"Small Slimes","floor":2,"turns":1},{"damage":0,"enemies":"Cultist","floor":4,"turns":1},{"damage":1,"enemies":"Blue Slaver","floor":5,"turns":4},{"damage":18,"enemies":"Gremlin Nob","floor":7,"turns":4},{"damage":0,"enemies":"3 Louse","floor":11,"turns":4},{"damage":9,"enemies":"Red Slaver","floor":13,"turns":4},{"damage":0,"enemies":"Lots of Slimes","floor":14,"turns":6},{"damage":23,"enemies":"Slime Boss","floor":16,"turns":7},{"damage":2,"enemies":"Shell Parasite","floor":18,"turns":5},{"damage":21,"enemies":"3 Byrds","floor":19,"turns":6},{"damage":21,"enemies":"Snecko","floor":21,"turns":7},{"damage":20,"enemies":"Slavers","floor":24,"turns":6},{"damage":33,"enemies":"Book of Stabbing","floor":27,"turns":6},{"damage":7,"enemies":"3 Cultists","floor":28,"turns":4},{"damage":8,"enemies":"Automaton","floor":33,"turns":12},{"damage":0,"enemies":"3 Shapes","floor":35,"turns":7},{"damage":0,"enemies":"Orb Walker","floor":36,"turns":7},{"damage":49,"enemies":"4 Shapes","floor":38,"turns":7},{"damage":0,"enemies":"Maw","floor":39,"turns":9},{"damage":16,"enemies":"Reptomancer","floor":40,"turns":3}],"seed_played":"-7850907782636433987","potions_obtained":[{"floor":1,"key":"Regen Potion"},{"floor":7,"key":"AttackPotion"},{"floor":14,"key":"EssenceOfSteel"},{"floor":21,"key":"PowerPotion"},{"floor":28,"key":"Weak Potion"},{"floor":33,"key":"SpeedPotion"},{"floor":39,"key":"Energy Potion"}],"is_trial":false,"path_per_floor":["M","M","?","M","M","R","E","R","T","R","M","$","M","M","R","B",null,"M","M","$","M","?","R","E","R","T","E","M","R","?","$","R","B",null,"M","M","?","M","M","E"],"character_chosen":"THE_SILENT","items_purchased":["Anchor","Escape Plan","Backflip"],"campfire_rested":3,"item_purchase_floors":[12,20,31],"current_hp_per_floor":[59,59,52,52,51,51,33,33,33,33,33,33,36,36,36,13,53,51,30,30,9,9,40,20,51,51,18,11,60,60,60,66,58,64,64,64,64,15,15,0],"gold":216,"neow_bonus":"THREE_ENEMY_KILL","is_prod":false,"is_daily":false,"chose_seed":false,"campfire_upgraded":5,"win_rate":0,"timestamp":1556630808,"path_taken":["M","M","?","M","M","R","E","R","T","R","M","$","M","M","R","BOSS","M","M","$","M","?","R","E","R","T","E","?","R","?","$","R","BOSS","M","M","?","M","M","E"],"build_version":"2019-01-23","purchased_purges":1,"victory":false,"max_hp_per_floor":[66,66,66,66,66,66,66,66,66,66,66,66,66,66,66,66,66,66,66,66,66,66,66,66,66,66,66,66,66,66,66,66,66,66,66,66,66,66,66,66],"card_choices":[{"not_picked":["Dodge and Roll","Outmaneuver"],"picked":"Backstab","floor":1},{"not_picked":["Eviscerate","Infinite Blades"],"picked":"Bouncing Flask","floor":2},{"not_picked":["Bane","Grand Finale"],"picked":"Dagger Throw","floor":4},{"not_picked":["Sucker Punch","Underhanded Strike"],"picked":"Noxious Fumes","floor":5},{"not_picked":["Quick Slash","Underhanded Strike"],"picked":"Footwork","floor":7},{"not_picked":["Concentrate","Calculated Gamble"],"picked":"Deflect","floor":11},{"not_picked":["Leg Sweep","Dagger Throw"],"picked":"PiercingWail","floor":13},{"not_picked":["Outmaneuver","Dagger Throw"],"picked":"Well Laid Plans","floor":14},{"not_picked":["Blade Dance","Deflect"],"picked":"PiercingWail","floor":18},{"not_picked":["Finisher","Infinite Blades"],"picked":"Deflect","floor":19},{"not_picked":["Outmaneuver","Quick Slash"],"picked":"Dodge and Roll","floor":21},{"not_picked":["Terror","Dagger Throw","Dagger Spray"],"picked":"SKIP","floor":24},{"not_picked":["Eviscerate+1","Deflect"],"picked":"Backflip","floor":27},{"not_picked":["Outmaneuver","Bane+1"],"picked":"Dash+1","floor":28},{"not_picked":["Corpse Explosion","Storm of Steel"],"picked":"Malaise","floor":33},{"not_picked":[],"picked":"Backflip","floor":35},{"not_picked":[],"picked":"Crippling Poison","floor":36},{"not_picked":["Masterful Stab+1"],"picked":"SKIP","floor":38},{"not_picked":["Reflex"],"picked":"SKIP","floor":39}],"player_experience":1168952,"relics_obtained":[{"floor":7,"key":"Turnip"},{"floor":9,"key":"StoneCalendar"},{"floor":24,"key":"Molten Egg 2"},{"floor":26,"key":"Art of War"},{"floor":27,"key":"Regal Pillow"}],"event_choices":[{"cards_removed":["Strike_G"],"damage_healed":0,"gold_gain":0,"player_choice":"Card Removal","damage_taken":7,"max_hp_gain":0,"max_hp_loss":0,"event_name":"Golden Wing","floor":3,"gold_loss":0},{"damage_healed":0,"gold_gain":0,"cards_transformed":["Strike_G"],"player_choice":"Transformed","damage_taken":0,"max_hp_gain":0,"max_hp_loss":0,"event_name":"Transmorgrifier","floor":22,"gold_loss":0,"cards_obtained":["Grand Finale"]},{"damage_healed":0,"gold_gain":0,"player_choice":"Ignored","damage_taken":0,"max_hp_gain":0,"max_hp_loss":0,"event_name":"Ghosts","floor":30,"gold_loss":0},{"damage_healed":0,"gold_gain":0,"player_choice":"Upgraded","damage_taken":0,"max_hp_gain":0,"max_hp_loss":0,"event_name":"Upgrade Shrine","floor":37,"gold_loss":0,"cards_upgraded":["Crippling Poison"]}],"is_beta":false,"boss_relics":[{"not_picked":["WristBlade","Tiny House"],"picked":"Eternal Feather"},{"not_picked":["Calling Bell","Astrolabe"],"picked":"Busted Crown"}],"items_purged_floors":[20],"is_endless":false,"potions_floor_spawned":[1,7,11,14,21,28,33,39],"killed_by":"Reptomancer","ascension_level":20}