{"gold_per_floor":[114,46,46,61,76,76,151,181,206,206,236,86,116,116,116,216,216,231,31,46,61,421,421,451,451,476,506,521,551,566,581,881,981,981,996,1011,1026,1041,368,398,398,398,398,413,13,88,0,0,0,0],"floor_reached":51,"playtime":2477,"items_purged":[],"score":1103,"play_id":"efd97c34-3e80-473d-9be1-d5ded516cad4","local_time":"20190424145804","daily_mods":["Insanity","Hoarder","Binary"],"is_ascension_mode":false,"campfire_choices":[{"data":"Defragment","floor":6,"key":"SMITH"},{"data":"Defragment","floor":10,"key":"SMITH"},{"data":"Defragment","floor":15,"key":"SMITH"},{"floor":23,"key":"REST"},{"floor":25,"key":"DIG"},{"floor":32,"key":"DIG"},{"floor":41,"key":"DIG"},{"floor":49,"key":"DIG"}],"neow_cost":"","seed_source_timestamp":53050148149937,"circlet_count":0,"master_deck":["Storm","Chill","Fusion","Undo","Skim","Sweeping Beam","Redo","Leap","Leap","Compile Driver","Skim","Barrage","Turbo","Aggregate","Static Discharge","Cold Snap","Rebound","Streamline","Redo","FTL","Leap","Beam Cell","Reinforced Body","Static Discharge","Doom and Gloom","Compile Driver","Sweeping Beam","Streamline","Ball Lightning","Conserve Battery","Leap","Loop","Turbo","Beam Cell","Sweeping Beam+1","Auto Shields","Gash+1","Hologram","Melter","Turbo","Cold Snap","Ball Lightning","Stack","Go for the Eyes","Ball Lightning","Turbo","Glacier","Rip and Tear","Leap","Self Repair","Defragment+1","Defragment+1","Defragment+1","Steam+1","Steam+1","Steam+1","Capacitor","Capacitor","Capacitor","Go for the Eyes+1","Go for the Eyes+1","Go for the Eyes+1"],"special_seed":18010,"relics":["Cracked Core","Thread and Needle","Lantern","Unceasing Top","Regal Pillow","DataDisk","Busted Crown","Whetstone","Shovel","Question Card","Vajra","Orichalcum","Bottled Tornado","Old Coin","Fusion Hammer","Ornamental Fan","Pen Nib","Toy Ornithopter","Anchor","Dream Catcher","Gremlin Horn","Shuriken","Bronze Scales","Dodecahedron","Red Mask","Mercury Hourglass"],"potions_floor_usage":[16,16,16,27],"damage_taken":[{"damage":0,"enemies":"Jaw Worm","floor":1,"turns":2},{"damage":2,"enemies":"2 Louse","floor":4,"turns":2},{"damage":0,"enemies":"Cultist","floor":5,"turns":4},{"damage":1,"enemies":"Lagavulin","floor":8,"turns":6},{"damage":10,"enemies":"Gremlin Nob","floor":11,"turns":3},{"damage":7,"enemies":"3 Sentries","floor":13,"turns":5},{"damage":27,"enemies":"Hexaghost","floor":16,"turns":5},{"damage":12,"enemies":"2 Thieves","floor":18,"turns":3},{"damage":0,"enemies":"Chosen","floor":20,"turns":5},{"damage":4,"enemies":"3 Cultists","floor":21,"turns":4},{"damage":0,"enemies":"Book of Stabbing","floor":24,"turns":5},{"damage":0,"enemies":"Gremlin Leader","floor":27,"turns":7},{"damage":0,"enemies":"Snake Plant","floor":28,"turns":2},{"damage":2,"enemies":"Book of Stabbing","floor":29,"turns":5},{"damage":0,"enemies":"Snecko","floor":30,"turns":1},{"damage":0,"enemies":"Sentry and Sphere","floor":31,"turns":3},{"damage":1,"enemies":"Champ","floor":33,"turns":8},{"damage":4,"enemies":"3 Darklings","floor":35,"turns":3},{"damage":0,"enemies":"Orb Walker","floor":36,"turns":3},{"damage":0,"enemies":"Writhing Mass","floor":37,"turns":4},{"damage":0,"enemies":"Transient","floor":38,"turns":5},{"damage":0,"enemies":"Reptomancer","floor":40,"turns":4},{"damage":0,"enemies":"Jaw Worm Horde","floor":44,"turns":2},{"damage":29,"enemies":"Time Eater","floor":50,"turns":8}],"seed_played":"779562591292708448","potions_obtained":[{"floor":1,"key":"AttackPotion"},{"floor":8,"key":"Energy Potion"},{"floor":11,"key":"Dexterity Potion"},{"floor":18,"key":"EssenceOfSteel"},{"floor":21,"key":"LiquidBronze"},{"floor":24,"key":"FairyPotion"},{"floor":29,"key":"Poison Potion"},{"floor":38,"key":"EssenceOfSteel"},{"floor":40,"key":"Weak Potion"},{"floor":42,"key":"FocusPotion"},{"floor":42,"key":"GamblersBrew"}],"is_trial":false,"path_per_floor":["M","$","?","M","M","R","?","E","T","R","E","$","E","?","R","B",null,"M","$","M","M","?","R","E","R","T","E","M","E","M","M","R","B",null,"M","M","M","M","$","E","R","?","T","M","$","T","?","?","R","B",null],"character_chosen":"DEFECT","items_purchased":["Defragment","Regal Pillow","Whetstone","Block Potion","Capacitor","Ornamental Fan","Pen Nib","Toy Ornithopter","Shuriken","Bronze Scales"],"campfire_rested":1,"item_purchase_floors":[2,12,19,19,39,39,39,39,45,45],"current_hp_per_floor":[75,75,75,73,73,73,62,68,68,68,65,65,65,65,65,38,75,63,63,63,59,24,61,61,61,61,68,68,66,66,73,73,75,75,71,71,75,75,75,75,75,75,75,75,75,75,75,75,75,53],"gold":0,"neow_bonus":"","is_prod":false,"is_daily":true,"chose_seed":false,"campfire_upgraded":3,"win_rate":0,"timestamp":1556110684,"path_taken":["M","$","?","M","M","R","?","E","T","R","E","$","E","?","R","BOSS","M","$","M","M","?","R","E","R","T","E","M","E","?","M","R","BOSS","M","M","M","M","$","E","R","?","T","?","$","?","?","?","R","BOSS"],"build_version":"2019-01-23","purchased_purges":0,"victory":true,"max_hp_per_floor":[75,75,75,75,75,75,75,75,75,75,75,75,75,75,75,75,75,75,75,75,75,75,75,75,75,75,75,75,75,75,75,75,75,75,75,75,75,75,75,75,75,75,75,75,75,75,75,75,75,75],"card_choices":[{"not_picked":["Cold Snap","Ball Lightning"],"picked":"SKIP","floor":1},{"not_picked":["Streamline","Coolheaded"],"picked":"SKIP","floor":4},{"not_picked":["Turbo","Ball Lightning"],"picked":"SKIP","floor":5},{"not_picked":["Static Discharge","Darkness"],"picked":"SKIP","floor":8},{"not_picked":["Heatsinks","Self Repair"],"picked":"SKIP","floor":11},{"not_picked":["BootSequence","Gash"],"picked":"SKIP","floor":13},{"not_picked":["FTL"],"picked":"SKIP","floor":27},{"not_picked":["Sweeping Beam"],"picked":"SKIP","floor":28},{"not_picked":[],"picked":"Steam+1","floor":29},{"not_picked":["Sunder"],"picked":"SKIP","floor":30},{"not_picked":["Doom and Gloom"],"picked":"SKIP","floor":31},{"not_picked":["Static Discharge+1"],"picked":"SKIP","floor":35},{"not_picked":["Hologram+1"],"picked":"SKIP","floor":36},{"not_picked":["Compile Driver"],"picked":"SKIP","floor":37},{"not_picked":["Sweeping Beam"],"picked":"SKIP","floor":38},{"not_picked":["Reboot"],"picked":"SKIP","floor":40},{"not_picked":["Go for the Eyes+1"],"picked":"SKIP","floor":44},{"not_picked":[],"picked":"Go for the Eyes+1","floor":44}],"player_experience":483161,"relics_obtained":[{"floor":8,"key":"Thread and Needle"},{"floor":9,"key":"Lantern"},{"floor":11,"key":"Unceasing Top"},{"floor":13,"key":"DataDisk"},{"floor":24,"key":"Shovel"},{"floor":25,"key":"Question Card"},{"floor":26,"key":"Vajra"},{"floor":27,"key":"Orichalcum"},{"floor":29,"key":"Bottled Tornado"},{"floor":32,"key":"Old Coin"},{"floor":40,"key":"Anchor"},{"floor":41,"key":"Dream Catcher"},{"floor":43,"key":"Gremlin Horn"},{"floor":46,"key":"Dodecahedron"},{"floor":49,"key":"Mercury Hourglass"}],"event_choices":[{"damage_healed":0,"gold_gain":0,"player_choice":"Leave","damage_taken":0,"max_hp_gain":0,"max_hp_loss":0,"event_name":"The Cleric","floor":3,"gold_loss":0},{"damage_healed":0,"gold_gain":75,"player_choice":"Gather Gold","damage_taken":11,"max_hp_gain":0,"max_hp_loss":0,"event_name":"World of Goop","floor":7,"gold_loss":0},{"damage_healed":0,"gold_gain":0,"player_choice":"Ignored","damage_taken":0,"max_hp_gain":0,"max_hp_loss":0,"event_name":"Liars Game","floor":14,"gold_loss":0},{"damage_healed":0,"gold_gain":360,"player_choice":"GOLD GOLD GOLD GOLD ","damage_taken":35,"max_hp_gain":0,"max_hp_loss":0,"event_name":"Knowing Skull","floor":22,"potions_obtained":[],"gold_loss":0,"cards_obtained":[]},{"damage_healed":0,"gold_gain":0,"player_choice":"Got Potions","damage_taken":0,"max_hp_gain":0,"max_hp_loss":0,"event_name":"Lab","floor":42,"gold_loss":0},{"damage_healed":0,"gold_gain":0,"player_choice":"Paid","damage_taken":0,"relics_obtained":["Red Mask"],"max_hp_gain":0,"max_hp_loss":0,"event_name":"Tomb of Lord Red Mask","floor":47,"gold_loss":88},{"damage_healed":0,"gold_gain":0,"player_choice":"Ignored","damage_taken":0,"max_hp_gain":0,"max_hp_loss":0,"event_name":"Mysterious Sphere","floor":48,"gold_loss":0}],"is_beta":false,"boss_relics":[{"not_picked":["Philosopher\u0027s Stone","Calling Bell"],"picked":"Busted Crown"},{"not_picked":["FrozenCore","Nuclear Battery"],"picked":"Fusion Hammer"}],"items_purged_floors":[],"is_endless":false,"potions_floor_spawned":[1,8,11,18,21,24,29,37,38,40,44],"ascension_level":0}