{"gold_per_floor":[216,232,0,11,11,37,37,48,48,48,380,380,380,345,345,449,449,459,478,164,181,181,181,241,241,241,253,253,279,303,317,317,417,417,429,477,477,477],"floor_reached":38,"playtime":2126,"items_purged":["Defend_B","Strike_B"],"score":504,"play_id":"aac3fe37-1a11-4bd6-889f-3ee44b459035","local_time":"20190409094229","is_ascension_mode":true,"campfire_choices":[{"data":"Dualcast","floor":7,"key":"SMITH"},{"data":"Zap","floor":10,"key":"SMITH"},{"data":"Seek","floor":13,"key":"SMITH"},{"data":"Capacitor","floor":15,"key":"SMITH"},{"data":"Defragment","floor":23,"key":"SMITH"},{"floor":25,"key":"REST"},{"floor":32,"key":"REST"}],"neow_cost":"NONE","seed_source_timestamp":299864005919043,"circlet_count":0,"master_deck":["Strike_B","Strike_B","Defend_B","Defend_B","Defend_B","Zap+1","Dualcast+1","FTL","Coolheaded","Leap","Capacitor+1","Seek+1","Machine Learning","Coolheaded","Compile Driver","Defragment+1","BootSequence","Creative AI","Go for the Eyes+1","Biased Cognition","Barrage"],"relics":["Cracked Core","DataDisk","Pear","Old Coin","Sozu","Happy Flower","Nloth\u0027s Gift","Tiny Chest","Orichalcum","Lantern","Velvet Choker","Emotion Chip"],"potions_floor_usage":[6,11],"damage_taken":[{"damage":0,"enemies":"Small Slimes","floor":1,"turns":3},{"damage":1,"enemies":"2 Louse","floor":2,"turns":2},{"damage":0,"enemies":"Cultist","floor":4,"turns":3},{"damage":7,"enemies":"3 Sentries","floor":6,"turns":7},{"damage":3,"enemies":"Blue Slaver","floor":8,"turns":3},{"damage":28,"enemies":"Lagavulin","floor":11,"turns":6},{"damage":48,"enemies":"Slime Boss","floor":16,"turns":10},{"damage":6,"enemies":"Shell Parasite","floor":18,"turns":7},{"damage":4,"enemies":"Spheric Guardian","floor":19,"turns":4},{"damage":16,"enemies":"Centurion and Healer","floor":21,"turns":8},{"damage":41,"enemies":"Slavers","floor":24,"turns":9},{"damage":11,"enemies":"Snake Plant","floor":27,"turns":6},{"damage":25,"enemies":"Gremlin Leader","floor":29,"turns":9},{"damage":0,"enemies":"3 Cultists","floor":31,"turns":6},{"damage":8,"enemies":"Automaton","floor":33,"turns":11},{"damage":13,"enemies":"3 Darklings","floor":35,"turns":3},{"damage":62,"enemies":"2 Orb Walkers","floor":36,"turns":6},{"damage":10,"enemies":"Mind Bloom Boss Battle","floor":38,"turns":2}],"seed_played":"-3130326666209106442","potions_obtained":[{"floor":1,"key":"AttackPotion"},{"floor":4,"key":"Swift Potion"},{"floor":11,"key":"LiquidBronze"},{"floor":16,"key":"FearPotion"}],"is_trial":false,"path_per_floor":["M","M","$","M","?","E","R","M","T","R","E","?","R","?","R","B",null,"M","M","$","M","?","R","E","R","T","M","?","E","T","M","R","B",null,"M","?","?","?"],"character_chosen":"DEFECT","items_purchased":["DataDisk","Defragment","Happy Flower"],"campfire_rested":2,"item_purchase_floors":[3,20,20],"current_hp_per_floor":[75,74,74,74,67,60,60,57,67,67,39,39,39,60,60,12,85,79,75,75,59,59,59,18,43,43,32,32,7,7,7,32,24,85,72,10,10,0],"gold":477,"neow_bonus":"HUNDRED_GOLD","is_prod":false,"is_daily":false,"chose_seed":false,"campfire_upgraded":5,"win_rate":0,"timestamp":1554795749,"path_taken":["M","M","$","M","?","E","R","M","T","R","E","?","R","?","R","BOSS","M","M","$","M","?","R","E","R","T","?","?","E","?","M","R","BOSS","M","?","?","?"],"build_version":"2019-01-23","purchased_purges":2,"victory":false,"max_hp_per_floor":[75,75,75,75,75,75,75,75,85,85,85,85,85,85,85,85,85,85,85,85,85,85,85,85,85,85,85,85,85,85,85,85,85,85,85,85,85,85],"card_choices":[{"not_picked":["Aggregate","Leap"],"picked":"FTL","floor":1},{"not_picked":["Turbo","Stack"],"picked":"Coolheaded","floor":2},{"not_picked":["Undo","Turbo"],"picked":"Leap","floor":4},{"not_picked":["Reprogram","Redo","Turbo"],"picked":"SKIP","floor":6},{"not_picked":["Sweeping Beam","BootSequence"],"picked":"Capacitor","floor":8},{"not_picked":["Coolheaded","Redo"],"picked":"Seek","floor":11},{"not_picked":["Echo Form","Hyperbeam"],"picked":"Machine Learning","floor":16},{"not_picked":["Leap","Reprogram+1"],"picked":"Coolheaded","floor":18},{"not_picked":["Gash","Hello World"],"picked":"Compile Driver","floor":19},{"not_picked":["Gash","Scrape"],"picked":"BootSequence","floor":21},{"not_picked":["Go for the Eyes+1","Melter+1"],"picked":"Creative AI","floor":24},{"not_picked":["Hello World","Auto Shields"],"picked":"Go for the Eyes+1","floor":27},{"not_picked":["Leap","Steam"],"picked":"Biased Cognition","floor":29},{"not_picked":["Force Field+1","Leap","Darkness"],"picked":"SKIP","floor":31},{"not_picked":["Stack","Cold Snap"],"picked":"Barrage","floor":35}],"player_experience":485487,"relics_obtained":[{"floor":6,"key":"Dream Catcher"},{"floor":9,"key":"Pear"},{"floor":11,"key":"Old Coin"},{"floor":24,"key":"Tiny Chest"},{"floor":29,"key":"Orichalcum"},{"floor":30,"key":"Lantern"},{"floor":36,"key":"Emotion Chip"}],"event_choices":[{"cards_removed":["Strike_B"],"damage_healed":0,"gold_gain":0,"player_choice":"Card Removal","damage_taken":7,"max_hp_gain":0,"max_hp_loss":0,"event_name":"Golden Wing","floor":5,"gold_loss":0},{"damage_healed":0,"gold_gain":0,"player_choice":"Ignored","damage_taken":0,"max_hp_gain":0,"max_hp_loss":0,"event_name":"Liars Game","floor":12,"gold_loss":0},{"damage_healed":21,"gold_gain":0,"player_choice":"Healed","damage_taken":0,"max_hp_gain":0,"max_hp_loss":0,"event_name":"The Cleric","floor":14,"gold_loss":35},{"damage_healed":0,"gold_gain":0,"player_choice":"Traded Relic","damage_taken":0,"relics_obtained":["Nloth\u0027s Gift"],"max_hp_gain":0,"max_hp_loss":0,"event_name":"N\u0027loth","floor":22,"relics_lost":["Dream Catcher"],"gold_loss":0},{"damage_healed":0,"gold_gain":0,"player_choice":"Ignored","damage_taken":0,"max_hp_gain":0,"max_hp_loss":0,"event_name":"Cursed Tome","floor":28,"gold_loss":0},{"damage_healed":0,"gold_gain":0,"player_choice":"Fight","damage_taken":0,"max_hp_gain":0,"max_hp_loss":0,"event_name":"Mysterious Sphere","floor":36,"gold_loss":0},{"damage_healed":0,"gold_gain":0,"player_choice":"Ignored","damage_taken":0,"max_hp_gain":0,"max_hp_loss":0,"event_name":"Tomb of Lord Red Mask","floor":37,"gold_loss":0},{"damage_healed":0,"gold_gain":0,"player_choice":"Fight","damage_taken":0,"max_hp_gain":0,"max_hp_loss":0,"event_name":"MindBloom","floor":38,"gold_loss":0}],"is_beta":false,"boss_relics":[{"not_picked":["Eternal Feather","Lizard Tail"],"picked":"Sozu"},{"not_picked":["Tiny House","Cursed Key"],"picked":"Velvet Choker"}],"items_purged_floors":[3,20],"is_endless":false,"potions_floor_spawned":[1,4,11,16,19,21,29,36],"killed_by":"Mind Bloom Boss Battle","ascension_level":4}