{"gold_per_floor":[112,287,304,304,315,315,333,333,333,333,349,380,396,422,434,549,561,588,617,652,692,704,716,728,740],"floor_reached":25,"playtime":1257,"items_purged":[],"score":331,"play_id":"0f916ca2-ac31-4f8a-80b6-d583299d5aef","local_time":"20190502203800","is_ascension_mode":true,"campfire_choices":[{"data":"Neutralize","floor":6,"key":"SMITH"},{"data":"Poisoned Stab","floor":8,"key":"SMITH"},{"data":"Footwork","floor":10,"key":"SMITH"},{"data":"Distraction","floor":15,"key":"SMITH"},{"floor":23,"key":"REST"}],"neow_cost":"NONE","seed_source_timestamp":1033984416198433,"circlet_count":0,"master_deck":["Defend_G","Defend_G","Defend_G","Defend_G","Defend_G","Strike_G","Strike_G","Strike_G","Strike_G","Strike_G","Survivor","Neutralize+1","Deflect","Doubt","Footwork+1","Poisoned Stab+1","Sucker Punch","Corpse Explosion","Distraction+1","PiercingWail","Backstab","Die Die Die","PiercingWail","Backstab","Distraction"],"relics":["Ring of the Serpent","Matryoshka","Ninja Scroll","Ornamental Fan","WingedGreaves","MawBank","Pear","Red Mask","Blue Candle"],"potions_floor_usage":[21,21],"damage_taken":[{"damage":1,"enemies":"Jaw Worm","floor":1,"turns":6},{"damage":1,"enemies":"Cultist","floor":3,"turns":5},{"damage":0,"enemies":"2 Louse","floor":5,"turns":4},{"damage":0,"enemies":"Blue Slaver","floor":7,"turns":6},{"damage":5,"enemies":"3 Louse","floor":11,"turns":3},{"damage":4,"enemies":"3 Sentries","floor":12,"turns":4},{"damage":0,"enemies":"Red Slaver","floor":13,"turns":2},{"damage":6,"enemies":"Lagavulin","floor":14,"turns":8},{"damage":38,"enemies":"Hexaghost","floor":16,"turns":13},{"damage":11,"enemies":"Shell Parasite","floor":18,"turns":7},{"damage":2,"enemies":"Spheric Guardian","floor":19,"turns":6},{"damage":38,"enemies":"Masked Bandits","floor":21,"turns":4},{"damage":49,"enemies":"Gremlin Leader","floor":25,"turns":8}],"seed_played":"-4888349596238144595","potions_obtained":[{"floor":3,"key":"SkillPotion"},{"floor":13,"key":"SkillPotion"},{"floor":14,"key":"Poison Potion"},{"floor":16,"key":"Regen Potion"},{"floor":19,"key":"Strength Potion"},{"floor":21,"key":"PowerPotion"},{"floor":24,"key":"SpeedPotion"}],"is_trial":false,"path_per_floor":["M","?","M","?","M","R","M","R","T","R","M","E","M","E","R","B",null,"M","M","T","?","T","R","?","E"],"character_chosen":"THE_SILENT","items_purchased":[],"campfire_rested":1,"item_purchase_floors":[],"current_hp_per_floor":[69,69,68,68,68,68,68,68,68,68,63,59,59,53,53,15,62,51,49,59,35,35,61,61,12],"gold":740,"neow_bonus":"TEN_PERCENT_HP_BONUS","is_prod":false,"is_daily":false,"chose_seed":false,"campfire_upgraded":4,"win_rate":0,"timestamp":1556843880,"path_taken":["M","?","M","?","M","R","M","R","T","R","M","E","M","E","R","BOSS","M","?","?","?","?","R","?","E"],"build_version":"2019-01-23","purchased_purges":0,"victory":false,"max_hp_per_floor":[77,77,77,77,77,77,77,77,77,77,77,77,77,77,77,77,77,77,77,87,87,87,87,87,87],"card_choices":[{"not_picked":["Setup","Bane"],"picked":"Deflect","floor":1},{"not_picked":["Sucker Punch","All Out Attack"],"picked":"Footwork","floor":3},{"not_picked":["Blur","Catalyst"],"picked":"Poisoned Stab","floor":5},{"not_picked":["Cloak And Dagger","Dodge and Roll"],"picked":"Sucker Punch","floor":7},{"not_picked":["Accuracy","Skewer"],"picked":"Corpse Explosion","floor":11},{"not_picked":["Dagger Throw","Bane"],"picked":"Distraction","floor":12},{"not_picked":["Terror","Noxious Fumes"],"picked":"PiercingWail","floor":13},{"not_picked":["Choke","PiercingWail"],"picked":"Backstab","floor":14},{"not_picked":["Grand Finale","Wraith Form v2"],"picked":"Die Die Die","floor":16},{"not_picked":["Blade Dance","Flying Knee+1"],"picked":"PiercingWail","floor":18},{"not_picked":["Dodge and Roll+1","Concentrate"],"picked":"Backstab","floor":19},{"not_picked":["Deadly Poison","Bane"],"picked":"Distraction","floor":21}],"player_experience":226591,"relics_obtained":[{"floor":9,"key":"Ninja Scroll"},{"floor":9,"key":"Ornamental Fan"},{"floor":12,"key":"WingedGreaves"},{"floor":14,"key":"MawBank"},{"floor":20,"key":"Pear"},{"floor":21,"key":"Red Mask"},{"floor":22,"key":"Blue Candle"}],"event_choices":[{"damage_healed":0,"gold_gain":175,"player_choice":"AGREE","damage_taken":0,"max_hp_gain":0,"max_hp_loss":0,"event_name":"Liars Game","floor":2,"gold_loss":0,"cards_obtained":["Doubt"]},{"damage_healed":0,"gold_gain":0,"player_choice":"Gave Potion","damage_taken":0,"relics_obtained":["Matryoshka"],"max_hp_gain":0,"max_hp_loss":0,"event_name":"WeMeetAgain","floor":4,"gold_loss":0},{"damage_healed":0,"gold_gain":0,"player_choice":"Fought Bandits","damage_taken":0,"max_hp_gain":0,"max_hp_loss":0,"event_name":"Masked Bandits","floor":21,"gold_loss":0},{"damage_healed":0,"gold_gain":0,"player_choice":"Got Potions","damage_taken":0,"max_hp_gain":0,"max_hp_loss":0,"event_name":"Lab","floor":24,"gold_loss":0}],"is_beta":false,"boss_relics":[{"not_picked":["Calling Bell","Runic Dome"],"picked":"Ring of the Serpent"}],"items_purged_floors":[],"is_endless":false,"potions_floor_spawned":[3,13,14,16,19,21],"killed_by":"Gremlin Leader","ascension_level":9}