{"gold_per_floor":[119,131,143,143,162,162,193,193,217,217,14,14,39,58,58,179,179,163,163,63,63,79,79,79,79,79,102,102,117,117,117,117,236,236,257,278,299,48,72,72,72,95,141,141,141,141,165,165,165,165],"floor_reached":50,"playtime":3175,"items_purged":["Decay","Injury"],"score":517,"play_id":"9ccb7bbd-00fb-419c-be7d-118726f04ea1","local_time":"20180628232255","is_ascension_mode":false,"campfire_choices":[{"data":"Chaos","floor":6,"key":"SMITH"},{"floor":10,"key":"REST"},{"floor":15,"key":"REST"},{"data":"Writhe","floor":28,"key":"PURGE"},{"floor":32,"key":"REST"},{"floor":40,"key":"REST"},{"floor":46,"key":"REST"},{"floor":49,"key":"REST"}],"neow_cost":"NONE","seed_source_timestamp":30160502158723,"circlet_count":0,"master_deck":["Strike_B","Strike_B","Defend_B","Defend_B","Defend_B","Defend_B","Dualcast","Chaos+1","Redo","Glacier","Compile Driver","Doom and Gloom","Apotheosis","Injury","Scrape","Chill","Fission","Streamline+1","Necronomicurse","Sweeping Beam+1","Doom and Gloom+1","Swift Strike+1","Streamline+1","Ball Lightning+1","Buffer","Ball Lightning+1","White Noise+1","Melter+1","Chill","Conserve Battery+1","Blind"],"relics":["Cracked Core","Anchor","Juzu Bracelet","Strawberry","Golden Idol","Calling Bell","Bag of Marbles","Molten Egg 2","Mango","Necronomicon","Peace Pipe","Mercury Hourglass","White Beast Statue","Lantern","Blood Vial"],"potions_floor_usage":[36,37,50,50],"damage_taken":[{"damage":6,"enemies":"2 Louse","floor":1,"turns":3},{"damage":4,"enemies":"Cultist","floor":2,"turns":5},{"damage":6,"enemies":"Jaw Worm","floor":3,"turns":3},{"damage":0,"enemies":"Gremlin Gang","floor":5,"turns":6},{"damage":40,"enemies":"Gremlin Nob","floor":7,"turns":6},{"damage":0,"enemies":"Exordium Wildlife","floor":13,"turns":2},{"damage":12,"enemies":"Exordium Thugs","floor":14,"turns":4},{"damage":0,"enemies":"Slime Boss","floor":16,"turns":6},{"damage":28,"enemies":"2 Thieves","floor":18,"turns":4},{"damage":0,"enemies":"Chosen","floor":22,"turns":3},{"damage":13,"enemies":"Slaver and Parasite","floor":27,"turns":2},{"damage":30,"enemies":"Snake Plant","floor":29,"turns":4},{"damage":54,"enemies":"Collector","floor":33,"turns":10},{"damage":3,"enemies":"3 Shapes","floor":35,"turns":4},{"damage":27,"enemies":"3 Darklings","floor":36,"turns":3},{"damage":23,"enemies":"4 Shapes","floor":37,"turns":3},{"damage":41,"enemies":"Maw","floor":39,"turns":7},{"damage":0,"enemies":"Sphere and 2 Shapes","floor":42,"turns":2},{"damage":12,"enemies":"4 Shapes","floor":47,"turns":3},{"damage":108,"enemies":"Donu and Deca","floor":50,"turns":7}],"seed_played":"1257481016713222994","potions_obtained":[{"floor":1,"key":"SkillPotion"},{"floor":2,"key":"FearPotion"},{"floor":13,"key":"Energy Potion"},{"floor":35,"key":"Regen Potion"},{"floor":36,"key":"Ancient Potion"},{"floor":37,"key":"Regen Potion"}],"is_trial":false,"path_per_floor":["M","M","M","?","M","R","E","?","T","R","$","?","M","M","R","B",null,"M","?","$","?","M","?","?","?","T","M","R","M","?","T","R","B",null,"M","M","M","$","M","R","?","M","T","T","?","R","M","?","R"],"character_chosen":"DEFECT","items_purchased":["Apotheosis","Sweeping Beam+1","Melter+1","Chill"],"campfire_rested":6,"item_purchase_floors":[11,20,38,38],"current_hp_per_floor":[76,72,66,63,63,63,23,23,30,56,56,56,56,44,70,70,103,75,59,59,93,93,93,93,73,73,60,60,30,30,30,60,6,103,100,76,53,53,12,42,42,42,42,42,42,72,62,62,92,0],"gold":165,"neow_bonus":"TEN_PERCENT_HP_BONUS","is_prod":false,"is_daily":false,"chose_seed":false,"campfire_upgraded":1,"win_rate":0.0,"timestamp":1530242575,"path_taken":["M","M","M","?","M","R","E","?","T","R","$","?","M","M","R","BOSS","M","?","$","?","M","?","?","?","T","M","R","M","?","?","R","BOSS","M","M","M","$","M","R","?","M","T","?","?","R","M","?","R","BOSS"],"build_version":"2018-06-21v2","purchased_purges":2,"victory":false,"max_hp_per_floor":[82,82,82,82,82,82,82,82,89,89,89,89,89,89,89,89,103,103,103,103,103,103,103,103,103,103,103,103,103,103,103,103,103,103,103,103,103,103,103,103,103,103,103,103,103,103,103,103,103,103],"card_choices":[{"not_picked":["Hologram","Defragment"],"picked":"Chaos","floor":1},{"not_picked":["Go for the Eyes","Barrage"],"picked":"Redo","floor":2},{"not_picked":["Leap","Reboot"],"picked":"Glacier","floor":3},{"not_picked":["Barrage","Static Discharge"],"picked":"Compile Driver","floor":5},{"not_picked":["Chill","Genetic Algorithm"],"picked":"Doom and Gloom","floor":7},{"not_picked":["Auto Shields","Static Discharge"],"picked":"Scrape","floor":13},{"not_picked":["Capacitor","Heatsinks"],"picked":"Chill","floor":14},{"not_picked":["Multi-Cast","Reboot"],"picked":"Fission","floor":16},{"not_picked":["Capacitor","Steam Power+1"],"picked":"Streamline+1","floor":18},{"not_picked":["Steam","Conserve Battery"],"picked":"Doom and Gloom+1","floor":22},{"not_picked":["Rip and Tear+1","Stack","Coolheaded+1"],"picked":"SKIP","floor":27},{"not_picked":["Conserve Battery","Heatsinks"],"picked":"Streamline+1","floor":29},{"not_picked":["Fission","Amplify"],"picked":"Buffer","floor":33},{"not_picked":["Barrage+1","Genetic Algorithm+1"],"picked":"Ball Lightning+1","floor":35},{"not_picked":["Redo","Reinforced Body+1"],"picked":"White Noise+1","floor":36},{"not_picked":["Rip and Tear+1","Gash+1","Steam+1"],"picked":"SKIP","floor":37},{"not_picked":["Coolheaded+1","BootSequence"],"picked":"Conserve Battery+1","floor":39},{"not_picked":["Redo","Defragment+1","Sweeping Beam+1"],"picked":"SKIP","floor":42},{"not_picked":["Secret Technique","Madness"],"picked":"Blind","floor":45},{"not_picked":["Reprogram+1","Streamline+1","Gash+1"],"picked":"SKIP","floor":47}],"player_experience":8605,"relics_obtained":[{"floor":7,"key":"Juzu Bracelet"},{"floor":9,"key":"Strawberry"},{"floor":17,"key":"Bag of Marbles"},{"floor":17,"key":"Molten Egg 2"},{"floor":17,"key":"Mango"},{"floor":19,"key":"Necronomicon"},{"floor":26,"key":"Peace Pipe"},{"floor":31,"key":"Mercury Hourglass"},{"floor":43,"key":"Lantern"},{"floor":44,"key":"Blood Vial"}],"event_choices":[{"event_name":"Scrap Ooze","player_choice":"success","floor":4,"damage_taken":3},{"event_name":"Bonfire Elementals","player_choice":"BASIC","floor":8,"damage_taken":0},{"event_name":"Golden Idol","player_choice":"Take Wound","floor":12,"damage_taken":0},{"event_name":"Cursed Tome","player_choice":"Obtained Book","floor":19,"damage_taken":0},{"event_name":"The Library","player_choice":"Heal","floor":21,"damage_taken":0},{"event_name":"Accursed Blacksmith","player_choice":"Ignore","floor":23,"damage_taken":0},{"event_name":"Ghosts","player_choice":"Ignored","floor":24,"damage_taken":0},{"event_name":"Knowing Skull","player_choice":"CARD ","floor":25,"damage_taken":0},{"event_name":"Transmorgrifier","player_choice":"Transform","floor":30,"damage_taken":0},{"event_name":"SecretPortal","player_choice":"Rejected Portal.","floor":41,"damage_taken":0},{"event_name":"SensoryStone","player_choice":"Memory 1","floor":45,"damage_taken":0},{"event_name":"Falling","player_choice":"Removed Skill","floor":48,"damage_taken":0}],"boss_relics":[{"not_picked":["Eternal Feather","Lizard Tail"],"picked":"Calling Bell"},{"not_picked":["Nuclear Battery","Runic Pyramid"],"picked":"White Beast Statue"}],"items_purged_floors":[20,38],"is_endless":false,"potions_floor_spawned":[1,2,13,22,27,33,35,36,37,39,42,47],"killed_by":"Donu and Deca","ascension_level":0}