{"gold_per_floor":[116,90,101,113,113,133,165,175,226,238,264,276,319,349,361,449,461,492,521,551,21,21,54,54,65,65,65,65,65,85,97,97,97],"floor_reached":33,"playtime":1199,"items_purged":[],"score":587,"play_id":"427af6b3-8936-421b-b99d-db62a314b018","local_time":"20190503011727","is_ascension_mode":true,"campfire_choices":[{"data":"True Grit","floor":10,"key":"SMITH"},{"floor":15,"key":"REST"},{"data":"Inflame","floor":24,"key":"SMITH"},{"floor":29,"key":"REST"},{"data":"Juggernaut","floor":32,"key":"SMITH"}],"neow_cost":"NONE","seed_source_timestamp":18124892274300,"circlet_count":0,"master_deck":["AscendersBane","Defend_R","Defend_R","Defend_R","Defend_R","Bash","Iron Wave","Pommel Strike","True Grit+1","Body Slam","Headbutt","Flame Barrier","Clothesline","Spot Weakness","Burning Pact","Inflame+1","Juggernaut+1","Armaments+1","Bandage Up+1","Ghostly Armor+1","Bite","Bite","Bite","Bite","Bite","Intimidate+1"],"relics":["Burning Blood","NeowsBlessing","Centennial Puzzle","MawBank","Mercury Hourglass","Cursed Key","Toxic Egg 2","Omamori","Dead Branch"],"potions_floor_usage":[7,13,16,19,30,33,33],"damage_taken":[{"damage":0,"enemies":"Cultist","floor":1,"turns":1},{"damage":0,"enemies":"Jaw Worm","floor":3,"turns":1},{"damage":0,"enemies":"2 Louse","floor":4,"turns":1},{"damage":17,"enemies":"Lots of Slimes","floor":6,"turns":5},{"damage":60,"enemies":"Lagavulin","floor":7,"turns":10},{"damage":5,"enemies":"Looter","floor":8,"turns":4},{"damage":1,"enemies":"2 Fungi Beasts","floor":11,"turns":4},{"damage":30,"enemies":"Gremlin Nob","floor":13,"turns":5},{"damage":1,"enemies":"Lots of Slimes","floor":14,"turns":4},{"damage":56,"enemies":"Slime Boss","floor":16,"turns":12},{"damage":23,"enemies":"2 Thieves","floor":18,"turns":4},{"damage":15,"enemies":"Chosen","floor":19,"turns":4},{"damage":6,"enemies":"Centurion and Healer","floor":20,"turns":5},{"damage":37,"enemies":"Gremlin Leader","floor":23,"turns":7},{"damage":14,"enemies":"Snecko","floor":25,"turns":5},{"damage":19,"enemies":"3 Cultists","floor":30,"turns":5},{"damage":22,"enemies":"Centurion and Healer","floor":31,"turns":6},{"damage":55,"enemies":"Champ","floor":33,"turns":9}],"seed_played":"884187569850749010","potions_obtained":[{"floor":6,"key":"Explosive Potion"},{"floor":8,"key":"Poison Potion"},{"floor":13,"key":"Strength Potion"},{"floor":14,"key":"FairyPotion"},{"floor":16,"key":"Strength Potion"},{"floor":18,"key":"BloodPotion"},{"floor":25,"key":"Ancient Potion"},{"floor":31,"key":"Block Potion"}],"is_trial":false,"path_per_floor":["M","$","M","M","?","M","E","M","T","R","M","?","E","M","R","B",null,"M","M","M","$","?","E","R","M","T","?","?","R","M","M","R","B"],"character_chosen":"IRONCLAD","items_purchased":["Pommel Strike","Juggernaut","Toxic Egg 2","Armaments+1","Bandage Up+1"],"campfire_rested":2,"item_purchase_floors":[2,21,21,21,21],"current_hp_per_floor":[74,74,75,75,75,64,10,11,11,11,16,41,17,22,44,13,60,43,41,41,41,56,31,31,29,29,29,23,38,39,34,34,0],"gold":97,"neow_bonus":"THREE_ENEMY_KILL","is_prod":false,"is_daily":false,"chose_seed":false,"campfire_upgraded":3,"win_rate":0,"timestamp":1556839047,"path_taken":["M","?","M","M","?","M","E","?","T","R","M","?","E","M","R","BOSS","M","M","M","$","?","E","R","M","T","?","?","R","?","M","R","BOSS"],"build_version":"2019-01-23","purchased_purges":0,"victory":false,"max_hp_per_floor":[75,75,75,75,75,75,75,75,75,75,75,75,75,75,75,75,75,75,75,75,75,75,75,75,75,75,52,52,52,52,52,52,52],"card_choices":[{"not_picked":["Clash","Thunderclap"],"picked":"Iron Wave","floor":1},{"not_picked":["Wild Strike","Clothesline"],"picked":"True Grit","floor":3},{"not_picked":["Perfected Strike","Brutality"],"picked":"Body Slam","floor":4},{"not_picked":["Clothesline","Anger"],"picked":"Flame Barrier","floor":6},{"not_picked":["Double Tap","Heavy Blade","Perfected Strike"],"picked":"SKIP","floor":7},{"not_picked":["Heavy Blade","Exhume"],"picked":"Clothesline","floor":8},{"not_picked":["Pommel Strike","True Grit"],"picked":"Spot Weakness","floor":11},{"not_picked":["Thunderclap","Reckless Charge","Perfected Strike"],"picked":"SKIP","floor":13},{"not_picked":["Sever Soul","Perfected Strike","Wild Strike"],"picked":"SKIP","floor":14},{"not_picked":["Warcry","Headbutt+1"],"picked":"Burning Pact","floor":18},{"not_picked":["Headbutt","Rupture"],"picked":"Inflame","floor":19},{"not_picked":["Body Slam","Havoc","Anger"],"picked":"SKIP","floor":20},{"not_picked":["Pommel Strike+1","Perfected Strike"],"picked":"Ghostly Armor+1","floor":23},{"not_picked":["Evolve","Bloodletting+1","Rampage"],"picked":"SKIP","floor":25},{"not_picked":["Immolate","Dropkick"],"picked":"Intimidate+1","floor":30},{"not_picked":["Thunderclap","Sword Boomerang","Searing Blow"],"picked":"SKIP","floor":31}],"player_experience":627713,"relics_obtained":[{"floor":7,"key":"Centennial Puzzle"},{"floor":9,"key":"MawBank"},{"floor":13,"key":"Mercury Hourglass"},{"floor":23,"key":"Omamori"},{"floor":26,"key":"Dead Branch"}],"event_choices":[{"damage_healed":0,"gold_gain":0,"player_choice":"1 cards matched","damage_taken":0,"max_hp_gain":0,"max_hp_loss":0,"event_name":"Match and Keep!","floor":5,"gold_loss":0,"cards_obtained":["Headbutt"]},{"damage_healed":25,"gold_gain":0,"player_choice":"Banana","damage_taken":0,"max_hp_gain":0,"max_hp_loss":0,"event_name":"Big Fish","floor":12,"gold_loss":0},{"damage_healed":15,"gold_gain":0,"player_choice":"Heal","damage_taken":0,"max_hp_gain":0,"max_hp_loss":0,"event_name":"The Library","floor":22,"gold_loss":0},{"damage_healed":0,"gold_gain":0,"player_choice":"Became a vampire","damage_taken":0,"max_hp_gain":0,"max_hp_loss":23,"event_name":"Vampires","floor":27,"gold_loss":0,"cards_obtained":["Bite","Bite","Bite","Bite","Bite"]},{"damage_healed":0,"gold_gain":0,"player_choice":"","damage_taken":6,"max_hp_gain":0,"max_hp_loss":0,"event_name":"Knowing Skull","floor":28,"potions_obtained":[],"gold_loss":0,"cards_obtained":[]}],"is_beta":false,"boss_relics":[{"not_picked":["Calling Bell","Fusion Hammer"],"picked":"Cursed Key"}],"items_purged_floors":[],"is_endless":false,"potions_floor_spawned":[6,8,13,14,16,18,25,31],"killed_by":"Champ","ascension_level":20}