{"gold_per_floor":[114,44,44,64,12,41,53,66,89,104,104,104,104,128,128,254,254,272,222,236,236,249,249,280,280,280,295,295,308,58,58,58,183,183,206,221,241,241,264,264],"floor_reached":40,"playtime":1132,"items_purged":[],"score":435,"play_id":"afb59496-66ae-4340-bbfe-c5f65412c3b3","local_time":"20190504215746","is_ascension_mode":false,"campfire_choices":[{"floor":12,"key":"REST"},{"floor":15,"key":"REST"},{"data":"Defragment","floor":23,"key":"SMITH"},{"floor":25,"key":"REST"},{"floor":28,"key":"REST"},{"floor":32,"key":"REST"}],"neow_cost":"NONE","seed_source_timestamp":101091970673000,"circlet_count":0,"master_deck":["Strike_B","Strike_B","Strike_B","Defend_B","Defend_B","Defend_B","Defend_B","Zap","Dualcast","Coolheaded","Capacitor","Leap","Ball Lightning","Genetic Algorithm","Loop","Echo Form","Defend_G","Cold Snap","Electrodynamics","Compile Driver","Defragment+1","Double Energy","BootSequence","Reinforced Body","Biased Cognition","Defragment","Glacier","Defragment","Self Repair+1"],"relics":["Cracked Core","NeowsBlessing","Smiling Mask","Bronze Scales","Golden Idol","Nuclear Battery","Ancient Tea Set","DataDisk","Dodecahedron","Eternal Feather"],"potions_floor_usage":[16,16,22,24,33,33,39],"damage_taken":[{"damage":0,"enemies":"2 Louse","floor":1,"turns":1},{"damage":0,"enemies":"Small Slimes","floor":4,"turns":1},{"damage":0,"enemies":"3 Sentries","floor":6,"turns":1},{"damage":0,"enemies":"Cultist","floor":7,"turns":2},{"damage":28,"enemies":"Exordium Thugs","floor":8,"turns":5},{"damage":6,"enemies":"Looter","floor":10,"turns":3},{"damage":10,"enemies":"3 Louse","floor":14,"turns":2},{"damage":36,"enemies":"Slime Boss","floor":16,"turns":13},{"damage":10,"enemies":"Spheric Guardian","floor":18,"turns":4},{"damage":0,"enemies":"3 Byrds","floor":20,"turns":2},{"damage":26,"enemies":"Shelled Parasite and Fungi","floor":22,"turns":6},{"damage":30,"enemies":"Slavers","floor":24,"turns":4},{"damage":17,"enemies":"3 Cultists","floor":27,"turns":4},{"damage":25,"enemies":"Snecko","floor":29,"turns":5},{"damage":65,"enemies":"Automaton","floor":33,"turns":14},{"damage":0,"enemies":"Orb Walker","floor":35,"turns":3},{"damage":5,"enemies":"3 Darklings","floor":36,"turns":3},{"damage":9,"enemies":"Writhing Mass","floor":37,"turns":6},{"damage":40,"enemies":"4 Shapes","floor":39,"turns":7},{"damage":41,"enemies":"Reptomancer","floor":40,"turns":2}],"seed_played":"-8495320219989931155","potions_obtained":[{"floor":1,"key":"GamblersBrew"},{"floor":4,"key":"Swift Potion"},{"floor":8,"key":"EssenceOfSteel"},{"floor":16,"key":"Regen Potion"},{"floor":18,"key":"SpeedPotion"},{"floor":22,"key":"Fire Potion"},{"floor":24,"key":"FearPotion"},{"floor":31,"key":"Fruit Juice"},{"floor":31,"key":"FairyPotion"},{"floor":35,"key":"Regen Potion"},{"floor":37,"key":"FearPotion"}],"is_trial":false,"path_per_floor":["M","$","?","M","$","E","M","M","T","M","?","R","?","M","R","B",null,"M","?","M","?","M","R","E","R","T","M","R","M","$","?","R","B",null,"M","M","M","?","M","E"],"character_chosen":"DEFECT","items_purchased":["Capacitor","Ball Lightning","Dodecahedron"],"campfire_rested":5,"item_purchase_floors":[2,5,30],"current_hp_per_floor":[75,75,75,75,75,75,75,47,47,41,23,45,45,35,57,21,75,65,65,65,65,51,51,21,43,43,26,48,23,23,23,45,8,80,80,75,66,66,40,0],"gold":264,"neow_bonus":"THREE_ENEMY_KILL","is_prod":false,"is_daily":false,"chose_seed":false,"campfire_upgraded":1,"win_rate":0,"timestamp":1557021466,"path_taken":["M","$","?","M","$","E","M","M","T","M","?","R","?","M","R","BOSS","M","?","?","?","M","R","E","R","T","M","R","M","$","?","R","BOSS","M","?","M","?","M","E"],"build_version":"2019-01-23","purchased_purges":0,"victory":false,"max_hp_per_floor":[75,75,75,75,75,75,75,75,75,75,75,75,75,75,75,75,75,75,75,75,75,75,75,75,75,75,75,75,75,75,75,75,80,80,80,80,80,77,77,77],"card_choices":[{"not_picked":["Recycle","Go for the Eyes"],"picked":"Coolheaded","floor":1},{"not_picked":["Rip and Tear","Gash"],"picked":"Leap","floor":4},{"not_picked":["Rip and Tear","Beam Cell","Recycle"],"picked":"SKIP","floor":6},{"not_picked":["Redo","Cold Snap"],"picked":"Genetic Algorithm","floor":7},{"not_picked":["Meteor Strike","Turbo"],"picked":"Loop","floor":8},{"not_picked":["Steam","Redo"],"picked":"Echo Form","floor":10},{"not_picked":["Beam Cell","Coolheaded"],"picked":"Cold Snap","floor":14},{"not_picked":["Core Surge","Buffer"],"picked":"Electrodynamics","floor":16},{"not_picked":["Barrage","Heatsinks+1","Fusion+1"],"picked":"SKIP","floor":18},{"not_picked":["Chill","Fusion+1"],"picked":"Compile Driver","floor":20},{"not_picked":["Turbo","Stack+1"],"picked":"Defragment","floor":22},{"not_picked":["Capacitor","Barrage+1"],"picked":"Double Energy","floor":24},{"not_picked":["Go for the Eyes+1","Rebound+1"],"picked":"BootSequence","floor":27},{"not_picked":["Sweeping Beam","Coolheaded"],"picked":"Reinforced Body","floor":29},{"not_picked":["Creative AI","Reboot"],"picked":"Biased Cognition","floor":33},{"not_picked":["Storm+1","Gash+1"],"picked":"Defragment","floor":35},{"not_picked":["Turbo+1","Skim"],"picked":"Glacier","floor":36},{"not_picked":["Reprogram+1","Compile Driver"],"picked":"Defragment","floor":37},{"not_picked":["Turbo+1","Ball Lightning+1"],"picked":"Self Repair+1","floor":39}],"player_experience":95882,"relics_obtained":[{"floor":6,"key":"Smiling Mask"},{"floor":9,"key":"Bronze Scales"},{"floor":24,"key":"Ancient Tea Set"},{"floor":26,"key":"DataDisk"}],"event_choices":[{"damage_healed":0,"gold_gain":0,"player_choice":"Leave","damage_taken":0,"max_hp_gain":0,"max_hp_loss":0,"event_name":"The Cleric","floor":3,"gold_loss":0},{"damage_healed":0,"gold_gain":0,"player_choice":"Take Damage","damage_taken":18,"relics_obtained":["Golden Idol"],"max_hp_gain":0,"max_hp_loss":0,"event_name":"Golden Idol","floor":11,"gold_loss":0},{"cards_removed":["Strike_B"],"damage_healed":0,"gold_gain":0,"player_choice":"Took Card","damage_taken":0,"max_hp_gain":0,"max_hp_loss":0,"event_name":"NoteForYourself","floor":13,"gold_loss":0,"cards_obtained":["Defend_G"]},{"damage_healed":0,"gold_gain":0,"player_choice":"Bet on Murderer","damage_taken":0,"max_hp_gain":0,"max_hp_loss":0,"event_name":"The Joust","floor":19,"gold_loss":50},{"damage_healed":0,"gold_gain":0,"player_choice":"Ignored","damage_taken":0,"max_hp_gain":0,"max_hp_loss":0,"event_name":"Ghosts","floor":21,"gold_loss":0},{"damage_healed":0,"gold_gain":0,"player_choice":"Got Potions","damage_taken":0,"max_hp_gain":0,"max_hp_loss":0,"event_name":"Lab","floor":31,"gold_loss":0},{"cards_removed":["Parasite"],"damage_healed":0,"gold_gain":0,"player_choice":"Removed Curses","damage_taken":0,"max_hp_gain":0,"max_hp_loss":0,"event_name":"Fountain of Cleansing","floor":38,"gold_loss":0}],"is_beta":false,"boss_relics":[{"not_picked":["White Beast Statue","Lizard Tail"],"picked":"Nuclear Battery"},{"not_picked":["Coffee Dripper","Runic Dome"],"picked":"Eternal Feather"}],"items_purged_floors":[],"is_endless":false,"potions_floor_spawned":[1,4,8,16,18,22,24,35,37],"killed_by":"Reptomancer","ascension_level":0}