{"gold_per_floor":[113,126,139,139,151,151,185,185,212,212,212],"floor_reached":11,"playtime":474,"items_purged":[],"score":113,"play_id":"6698228b-e3ed-4396-93cb-68e1b940261c","local_time":"20190512114748","is_ascension_mode":true,"campfire_choices":[{"data":"Defragment","floor":6,"key":"SMITH"},{"data":"Zap","floor":8,"key":"SMITH"},{"floor":10,"key":"REST"}],"neow_cost":"NONE","seed_source_timestamp":1353646839553559,"circlet_count":0,"master_deck":["AscendersBane","Strike_B","Strike_B","Strike_B","Defend_B","Defend_B","Defend_B","Defend_B","Zap+1","Dualcast","Glacier","Defragment+1","Recycle"],"relics":["Sozu","Centennial Puzzle","Juzu Bracelet"],"potions_floor_usage":[],"damage_taken":[{"damage":13,"enemies":"Jaw Worm","floor":1,"turns":5},{"damage":1,"enemies":"Cultist","floor":2,"turns":5},{"damage":2,"enemies":"2 Louse","floor":3,"turns":3},{"damage":1,"enemies":"2 Fungi Beasts","floor":5,"turns":5},{"damage":29,"enemies":"3 Sentries","floor":7,"turns":12},{"damage":46,"enemies":"Gremlin Nob","floor":11,"turns":6}],"seed_played":"6819286810032395605","potions_obtained":[],"is_trial":false,"path_per_floor":["M","M","M","?","M","R","E","R","T","R","E"],"character_chosen":"DEFECT","items_purchased":[],"campfire_rested":1,"item_purchase_floors":[],"current_hp_per_floor":[55,54,52,52,51,51,22,22,22,44,0],"gold":212,"neow_bonus":"BOSS_RELIC","is_prod":false,"is_daily":false,"chose_seed":false,"campfire_upgraded":2,"win_rate":0,"timestamp":1557654468,"path_taken":["M","M","M","?","?","R","E","R","T","R","E"],"build_version":"2019-01-23","purchased_purges":0,"victory":false,"max_hp_per_floor":[75,75,75,75,75,75,75,75,75,75,75],"card_choices":[{"not_picked":["Beam Cell","FTL"],"picked":"Glacier","floor":1},{"not_picked":["Sweeping Beam","Stack"],"picked":"Defragment","floor":2},{"not_picked":["Consume","Beam Cell","Reprogram"],"picked":"SKIP","floor":3},{"not_picked":["Heatsinks","Hologram","Redo"],"picked":"SKIP","floor":5},{"not_picked":["Melter","Beam Cell","Multi-Cast"],"picked":"SKIP","floor":7}],"player_experience":571243,"relics_obtained":[{"floor":7,"key":"Centennial Puzzle"},{"floor":9,"key":"Juzu Bracelet"}],"event_choices":[{"damage_healed":0,"gold_gain":0,"cards_transformed":["Strike_B"],"player_choice":"Transformed","damage_taken":0,"max_hp_gain":0,"max_hp_loss":0,"event_name":"Transmorgrifier","floor":4,"gold_loss":0,"cards_obtained":["Recycle"]}],"is_beta":false,"boss_relics":[],"items_purged_floors":[],"is_endless":false,"potions_floor_spawned":[2,3],"killed_by":"Gremlin Nob","ascension_level":11}