{"gold_per_floor":[112,112,112,125,125,125,158,158,181,181,23,74,114,135,135,224,224,248,263,87,87,87],"floor_reached":22,"playtime":674,"items_purged":["Injury","Strike_G"],"score":430,"play_id":"eacf904c-e711-43aa-ab26-3ce2a9ee8892","local_time":"20190415010903","is_ascension_mode":true,"campfire_choices":[{"data":"Cloak And Dagger","floor":6.0,"key":"SMITH"},{"data":"Neutralize","floor":8.0,"key":"SMITH"},{"floor":10.0,"key":"REST"},{"data":"Blade Dance","floor":15.0,"key":"SMITH"}],"neow_cost":"NONE","seed_source_timestamp":112244999959700,"circlet_count":0,"master_deck":["AscendersBane","Defend_G+1","Defend_G","Defend_G","Defend_G","Defend_G","Strike_G","Strike_G","Strike_G","Survivor+1","Neutralize+1","Finisher+1","Cloak And Dagger+1","Crippling Poison","After Image","Dagger Throw","Blade Dance+1","Night Terror","PiercingWail","Accuracy","Infinite Blades"],"special_seed":0,"relics":["Ring of the Snake","NeowsBlessing","War Paint","Golden Idol","Letter Opener","PreservedInsect","Centennial Puzzle","Dream Catcher","Snecko Eye"],"potions_floor_usage":[16,16],"damage_taken":[{"damage":0.0,"enemies":"Small Slimes","floor":1.0,"turns":1.0},{"damage":0.0,"enemies":"2 Louse","floor":4.0,"turns":1.0},{"damage":0.0,"enemies":"Gremlin Nob","floor":7.0,"turns":1.0},{"damage":7.0,"enemies":"Lagavulin","floor":13.0,"turns":6.0},{"damage":0.0,"enemies":"Jaw Worm","floor":14.0,"turns":3.0},{"damage":29,"enemies":"Slime Boss","floor":16,"turns":16},{"damage":20,"enemies":"Spheric Guardian","floor":18,"turns":4},{"damage":17,"enemies":"Chosen","floor":19,"turns":7},{"damage":19,"enemies":"Sentry and Sphere","floor":22,"turns":5}],"seed_played":"7933108000487585124","potions_obtained":[{"floor":1.0,"key":"Regen Potion"},{"floor":13.0,"key":"SteroidPotion"},{"floor":19,"key":"SteroidPotion"}],"is_trial":false,"path_per_floor":["M","?","?","M","?","R","E","R","T","R","$","T","E","M","R","B",null,"M","M","$","?","M"],"character_chosen":"THE_SILENT","items_purchased":["After Image","Infinite Blades"],"campfire_rested":1,"item_purchase_floors":[11,20],"current_hp_per_floor":[59,24,24,24,24,24,24,24,24,43,43,43,36,36,36,22,55,35,18,18,18,0],"gold":87,"neow_bonus":"THREE_ENEMY_KILL","is_prod":false,"is_daily":false,"chose_seed":false,"campfire_upgraded":3,"win_rate":0,"timestamp":1555283343,"path_taken":["M","?","?","M","?","R","E","R","T","R","?","?","E","M","R","BOSS","M","?","$","?","?"],"build_version":"2019-01-23","purchased_purges":2,"victory":false,"max_hp_per_floor":[66,66,66,66,66,66,66,66,66,66,66,66,66,66,66,66,66,66,66,66,66,66],"card_choices":[{"not_picked":["Sucker Punch","Dagger Throw"],"picked":"Finisher","floor":1.0},{"not_picked":["Slice","Finisher"],"picked":"Cloak And Dagger","floor":4.0},{"not_picked":["Reflex","Backflip"],"picked":"Crippling Poison","floor":7.0},{"not_picked":["Dash","Masterful Stab"],"picked":"Dagger Throw","floor":13.0},{"not_picked":["Tactician","Catalyst"],"picked":"Blade Dance","floor":14.0},{"not_picked":["Phantasmal Killer","Glass Knife"],"picked":"Night Terror","floor":16},{"not_picked":["Poisoned Stab","Deadly Poison"],"picked":"PiercingWail","floor":18},{"not_picked":["Dodge and Roll","Crippling Poison"],"picked":"Accuracy","floor":19}],"player_experience":558756,"relics_obtained":[{"floor":7.0,"key":"Letter Opener"},{"floor":9.0,"key":"PreservedInsect"},{"floor":12.0,"key":"Centennial Puzzle"},{"floor":13.0,"key":"Dream Catcher"}],"event_choices":[{"damage_healed":0.0,"max_hp_gain":0.0,"max_hp_loss":0.0,"gold_gain":0.0,"event_name":"Scrap Ooze","player_choice":"Success","floor":2.0,"gold_loss":0.0,"damage_taken":35.0,"relics_obtained":["War Paint"]},{"damage_healed":0.0,"max_hp_gain":0.0,"max_hp_loss":0.0,"gold_gain":0.0,"event_name":"Living Wall","player_choice":"Grow","floor":3.0,"gold_loss":0.0,"damage_taken":0.0,"cards_upgraded":["Finisher"]},{"damage_healed":0.0,"max_hp_gain":0.0,"max_hp_loss":0.0,"gold_gain":0.0,"event_name":"Golden Idol","player_choice":"Take Wound","floor":5.0,"gold_loss":0.0,"damage_taken":0.0,"relics_obtained":["Golden Idol"],"cards_obtained":["Injury"]},{"cards_removed":["Strike_G"],"damage_healed":0,"gold_gain":0,"player_choice":"Card Removal","damage_taken":0,"max_hp_gain":0,"max_hp_loss":0,"event_name":"Wheel of Change","floor":21,"gold_loss":0}],"is_beta":false,"boss_relics":[{"not_picked":["Sozu","Lizard Tail"],"picked":"Snecko Eye"}],"items_purged_floors":[11,20],"is_endless":false,"potions_floor_spawned":[1,13,19],"killed_by":"Sentry and Sphere","ascension_level":20}