{"gold_per_floor":[215,215,230,244,160,160,160,188,257,276,50,50,69,69,69,164,164,188,211,211,211,211,211,235,235],"floor_reached":25,"playtime":808,"items_purged":["Strike_R"],"score":427,"play_id":"590653e6-d886-45d5-b56c-44a984f0453b","local_time":"20190412195752","is_ascension_mode":true,"campfire_choices":[{"data":"Demon Form","floor":6.0,"key":"SMITH"},{"data":"Enlightenment","floor":12.0,"key":"SMITH"},{"data":"Shockwave","floor":15.0,"key":"SMITH"},{"data":"Bite","floor":23.0,"key":"SMITH"}],"neow_cost":"NONE","seed_source_timestamp":108474132538300,"circlet_count":0,"master_deck":["AscendersBane","Defend_R","Defend_R","Defend_R","Defend_R","Bash","Clothesline","Clothesline","Intimidate","Demon Form+1","Shrug It Off","Shockwave+1","Enlightenment+1","Injury","Exhume","Bite","Bite","Bite+1","Bite","Bite","Pain"],"special_seed":0,"relics":["Burning Blood","Bottled Tornado","Lantern","Kunai","Golden Idol","Snecko Eye","MutagenicStrength","WarpedTongs"],"potions_floor_usage":[],"damage_taken":[{"damage":9.0,"enemies":"Small Slimes","floor":1.0,"turns":4.0},{"damage":2.0,"enemies":"Cultist","floor":3.0,"turns":4.0},{"damage":2.0,"enemies":"2 Louse","floor":4.0,"turns":3.0},{"damage":35.0,"enemies":"3 Sentries","floor":8.0,"turns":8.0},{"damage":10.0,"enemies":"Large Slime","floor":10.0,"turns":4.0},{"damage":6.0,"enemies":"2 Fungi Beasts","floor":13.0,"turns":3.0},{"damage":21.0,"enemies":"Hexaghost","floor":16.0,"turns":9.0},{"damage":21.0,"enemies":"2 Thieves","floor":18.0,"turns":5.0},{"damage":21.0,"enemies":"3 Byrds","floor":19.0,"turns":6.0},{"damage":41.0,"enemies":"3 Cultists","floor":24.0,"turns":6.0},{"damage":30,"enemies":"Book of Stabbing","floor":25,"turns":3}],"seed_played":"7513787226342310290","potions_obtained":[{"floor":1.0,"key":"Block Potion"},{"floor":2.0,"key":"Poison Potion"},{"floor":13.0,"key":"Block Potion"},{"floor":24.0,"key":"Weak Potion"}],"is_trial":false,"path_per_floor":["M","?","M","M","$","R","T","E","T","M","$","R","M","?","R","B",null,"M","M","?","?","?","R","M","E"],"character_chosen":"IRONCLAD","items_purchased":["Demon Form","Shockwave","Enlightenment"],"campfire_rested":0,"item_purchase_floors":[5,11,11],"current_hp_per_floor":[65,65,69,73,73,73,73,44,44,40,40,40,40,40,40,25,63,48,33,33,33,33,33,11,0],"gold":235,"neow_bonus":"HUNDRED_GOLD","is_prod":false,"is_daily":false,"chose_seed":false,"campfire_upgraded":4,"win_rate":0,"timestamp":1555091872,"path_taken":["M","?","M","?","$","R","?","E","T","M","?","R","M","?","R","BOSS","M","M","?","?","?","R","?","E"],"build_version":"2019-01-23","purchased_purges":1,"victory":false,"max_hp_per_floor":[75,75,75,75,75,75,75,75,75,75,75,75,75,75,75,75,75,75,75,52,52,52,52,52,52],"card_choices":[{"not_picked":["Reckless Charge","Combust"],"picked":"Clothesline","floor":1.0},{"not_picked":["Headbutt","Perfected Strike"],"picked":"Clothesline","floor":3.0},{"not_picked":["Cleave","Havoc"],"picked":"Intimidate","floor":4.0},{"not_picked":["Double Tap","Dual Wield","Fire Breathing"],"picked":"SKIP","floor":8.0},{"not_picked":["Sword Boomerang","Clothesline"],"picked":"Shrug It Off","floor":10.0},{"not_picked":["Rupture","Pommel Strike","Armaments"],"picked":"SKIP","floor":13.0},{"not_picked":["Dark Embrace","Brutality"],"picked":"Exhume","floor":16.0},{"not_picked":["Perfected Strike","Reckless Charge","Sever Soul"],"picked":"SKIP","floor":18.0},{"not_picked":["Pommel Strike","Searing Blow","Armaments"],"picked":"SKIP","floor":19.0},{"not_picked":["Pummel","Cleave","Dual Wield"],"picked":"SKIP","floor":24.0}],"player_experience":546717,"relics_obtained":[{"floor":7.0,"key":"Bottled Tornado"},{"floor":8.0,"key":"Lantern"},{"floor":9.0,"key":"Kunai"}],"event_choices":[{"damage_healed":0.0,"max_hp_gain":0.0,"max_hp_loss":0.0,"gold_gain":0.0,"event_name":"Lab","player_choice":"Got Potions","floor":2.0,"gold_loss":0.0,"damage_taken":0.0},{"damage_healed":0.0,"max_hp_gain":0.0,"max_hp_loss":0.0,"gold_gain":0.0,"event_name":"Golden Idol","player_choice":"Take Wound","floor":14.0,"gold_loss":0.0,"damage_taken":0.0,"relics_obtained":["Golden Idol"],"cards_obtained":["Injury"]},{"damage_healed":0.0,"max_hp_gain":0.0,"max_hp_loss":23.0,"gold_gain":0.0,"event_name":"Vampires","player_choice":"Became a vampire","floor":20.0,"gold_loss":0.0,"damage_taken":0.0,"cards_obtained":["Bite","Bite","Bite","Bite","Bite"]},{"damage_healed":0.0,"max_hp_gain":0.0,"max_hp_loss":0.0,"gold_gain":0.0,"event_name":"Drug Dealer","player_choice":"Inject Mutagens","floor":21.0,"gold_loss":0.0,"damage_taken":0.0,"relics_obtained":["MutagenicStrength"]},{"damage_healed":0.0,"max_hp_gain":0.0,"max_hp_loss":0.0,"gold_gain":0.0,"event_name":"Accursed Blacksmith","player_choice":"Rummage","floor":22.0,"gold_loss":0.0,"damage_taken":0.0,"relics_obtained":["WarpedTongs"],"cards_obtained":["Pain"]}],"is_beta":false,"boss_relics":[{"not_picked":["Fusion Hammer","Eternal Feather"],"picked":"Snecko Eye"}],"items_purged_floors":[11],"is_endless":false,"potions_floor_spawned":[1,4,13,16,24],"killed_by":"Book of Stabbing","ascension_level":20}