{"gold_per_floor":[116,116,116,136,146,178,178,178,178,12,46,46,46,0,0,96,96,76,175,33,33,33,61,71,71,97,97,117,129,129,143,143,143],"floor_reached":33,"playtime":1166,"items_purged":["Strike_R"],"score":418,"play_id":"3a6ca10e-ee64-4051-8c59-93a0abef3726","local_time":"20190111110355","is_ascension_mode":true,"campfire_choices":[{"data":"Bash","floor":7,"key":"SMITH"},{"data":"Sword Boomerang","floor":8,"key":"SMITH"},{"data":"Shrug It Off","floor":12,"key":"SMITH"},{"data":"Armaments","floor":15,"key":"SMITH"},{"floor":25,"key":"REST"},{"data":"Whirlwind","floor":27,"key":"SMITH"},{"data":"Infernal Blade","floor":30,"key":"SMITH"},{"floor":32,"key":"REST"}],"neow_cost":"NONE","seed_source_timestamp":554793700808374,"circlet_count":0,"master_deck":["Strike_R","Strike_R","Strike_R","Defend_R","Defend_R","Defend_R","Defend_R","Bash+1","Clash","Spot Weakness","Sword Boomerang+1","Entrench+1","Shrug It Off+1","Double Tap","Feed","Armaments+1","Feed","Seeing Red","Infernal Blade+1","Whirlwind+1","Disarm"],"relics":["Burning Blood","NeowsBlessing","WingedGreaves","Dodecahedron","Oddly Smooth Stone","Nunchaku","Busted Crown","Mummified Hand","Art of War"],"potions_floor_usage":[6,33,33,33],"damage_taken":[{"damage":0,"enemies":"2 Louse","floor":1,"turns":1},{"damage":0,"enemies":"Small Slimes","floor":4,"turns":1},{"damage":0,"enemies":"Cultist","floor":5,"turns":1},{"damage":24,"enemies":"Gremlin Nob","floor":6,"turns":4},{"damage":17,"enemies":"3 Sentries","floor":11,"turns":7},{"damage":24,"enemies":"Hexaghost","floor":16,"turns":8},{"damage":17,"enemies":"2 Thieves","floor":18,"turns":4},{"damage":46,"enemies":"Slavers","floor":23,"turns":7},{"damage":0,"enemies":"Chosen","floor":24,"turns":4},{"damage":4,"enemies":"Centurion and Healer","floor":28,"turns":5},{"damage":24,"enemies":"Snake Plant","floor":29,"turns":4},{"damage":14,"enemies":"Shelled Parasite and Fungi","floor":31,"turns":2},{"damage":74,"enemies":"Automaton","floor":33,"turns":6}],"seed_played":"7784718035382247759","potions_obtained":[{"floor":5,"key":"LiquidBronze"},{"floor":16,"key":"EssenceOfSteel"},{"floor":23,"key":"SkillPotion"},{"floor":28,"key":"Explosive Potion"},{"floor":31,"key":"Dexterity Potion"}],"is_trial":false,"path_per_floor":["M","?","?","M","M","E","R","R","T","$","E","R","?","$","R","B",null,"M","?","$","?","?","E","M","R","T","R","M","M","R","M","R","B"],"character_chosen":"IRONCLAD","items_purchased":["Shrug It Off","Double Tap","Armaments","Seeing Red"],"campfire_rested":2,"item_purchase_floors":[10,10,14,20],"current_hp_per_floor":[78,78,78,80,80,62,62,62,62,62,51,51,44,44,44,26,67,59,59,59,59,59,23,32,59,59,59,67,49,49,41,69,0],"gold":143,"neow_bonus":"THREE_ENEMY_KILL","is_prod":false,"is_daily":false,"chose_seed":false,"campfire_upgraded":6,"win_rate":0,"timestamp":1547172235,"path_taken":["M","?","?","?","M","E","R","R","T","$","E","R","?","?","R","BOSS","M","?","$","?","?","E","M","R","T","R","?","M","R","M","R","BOSS"],"build_version":"2019-01-10","purchased_purges":1,"victory":false,"max_hp_per_floor":[80,80,80,80,80,80,80,80,80,80,80,80,80,80,80,80,80,83,83,83,83,83,87,90,90,90,90,96,96,96,96,96,96],"card_choices":[{"not_picked":["Second Wind","Sentinel"],"picked":"Clash","floor":1},{"not_picked":["Pommel Strike","Sword Boomerang"],"picked":"Spot Weakness","floor":4},{"not_picked":["Perfected Strike","Wild Strike"],"picked":"Sword Boomerang","floor":5},{"not_picked":["Sword Boomerang","True Grit"],"picked":"Entrench","floor":6},{"not_picked":["Thunderclap","Body Slam"],"picked":"Feed","floor":11},{"not_picked":["Offering","Double Tap"],"picked":"Feed","floor":16},{"not_picked":["Perfected Strike+1"],"picked":"SKIP","floor":18},{"not_picked":[],"picked":"Infernal Blade","floor":23},{"not_picked":[],"picked":"Whirlwind","floor":24},{"not_picked":["Headbutt"],"picked":"SKIP","floor":28},{"not_picked":["Sentinel+1"],"picked":"SKIP","floor":29},{"not_picked":[],"picked":"Disarm","floor":31}],"player_experience":359396,"relics_obtained":[{"floor":6,"key":"WingedGreaves"},{"floor":9,"key":"Dodecahedron"},{"floor":11,"key":"Oddly Smooth Stone"},{"floor":23,"key":"Mummified Hand"},{"floor":26,"key":"Art of War"}],"event_choices":[{"damage_healed":0,"gold_gain":0,"player_choice":"Ignored","damage_taken":0,"max_hp_gain":0,"max_hp_loss":0,"event_name":"Liars Game","floor":2,"gold_loss":0},{"cards_removed":["Strike_R"],"damage_healed":0,"gold_gain":0,"player_choice":"Purged","damage_taken":0,"max_hp_gain":0,"max_hp_loss":0,"event_name":"Purifier","floor":3,"gold_loss":0},{"damage_healed":0,"gold_gain":0,"player_choice":"Success","damage_taken":7,"relics_obtained":["Nunchaku"],"max_hp_gain":0,"max_hp_loss":0,"event_name":"Scrap Ooze","floor":13,"gold_loss":0},{"damage_healed":0,"gold_gain":99,"player_choice":"Stole From Cult","damage_taken":0,"max_hp_gain":0,"max_hp_loss":0,"event_name":"Nest","floor":19,"gold_loss":0},{"damage_healed":0,"gold_gain":0,"player_choice":"Ignored","damage_taken":0,"max_hp_gain":0,"max_hp_loss":0,"event_name":"Ghosts","floor":21,"gold_loss":0},{"damage_healed":0,"gold_gain":0,"player_choice":"Forge","damage_taken":0,"max_hp_gain":0,"max_hp_loss":0,"event_name":"Accursed Blacksmith","floor":22,"gold_loss":0,"cards_upgraded":["Entrench"]}],"is_beta":false,"boss_relics":[{"not_picked":["Calling Bell","Fusion Hammer"],"picked":"Busted Crown"}],"items_purged_floors":[20],"is_endless":false,"potions_floor_spawned":[5,16,23,28,31],"killed_by":"Automaton","ascension_level":9}