{"gold_per_floor":[112,123,140,215,14,14,70,70,70,132,61,61,101,127,127,273,273,313,375,375,62,106,106,156,156,156,208,61,61,61,105,105,207,207,249,292,335,143,143,1142,659,707,730,65,65,110,148,185,185,210,210,210,62,113,113],"floor_reached":56,"playtime":4040,"items_purged":["Strike_R","Normality","Normality"],"score":1500,"play_id":"87df0d21-e5d3-46d9-9716-498899cc2ea7","local_time":"20190316131713","is_ascension_mode":true,"campfire_choices":[{"data":"HandOfGreed","floor":6,"key":"SMITH"},{"data":"Metallicize","floor":8,"key":"SMITH"},{"data":"Inflame","floor":12,"key":"SMITH"},{"data":"Clothesline","floor":15,"key":"SMITH"},{"data":"Feel No Pain","floor":23,"key":"SMITH"},{"data":"Flame Barrier","floor":30,"key":"SMITH"},{"data":"Inflame","floor":32,"key":"SMITH"},{"data":"Secret Technique","floor":45,"key":"SMITH"},{"floor":49,"key":"RECALL"},{"data":"Evolve","floor":52,"key":"SMITH"}],"neow_cost":"NONE","seed_source_timestamp":232596001007960,"circlet_count":0,"master_deck":["Strike_R","Strike_R","Strike_R","Strike_R","Defend_R","Defend_R","Defend_R","Defend_R","Bash","Power Through","Evolve+1","Sever Soul","HandOfGreed+1","Clothesline+1","Metallicize+1","Blood for Blood","Inflame+1","Cleave","Feel No Pain+1","Dark Embrace","Shrug It Off","Necronomicurse","Carnage","Entrench","Flame Barrier+1","Inflame+1","Barricade","Shockwave+1","Shrug It Off+1","True Grit","Secret Technique+1","Power Through+1","Burning Pact"],"relics":["Burning Blood","Pear","Orichalcum","Snecko Eye","Necronomicon","Matryoshka","Meat on the Bone","Strawberry","Blue Candle","PreservedInsect","Vajra","Mark of Pain","Lee\u0027s Waffle","Anchor","Oddly Smooth Stone","Lantern","Bronze Scales","Shuriken","Turnip","Pen Nib","Happy Flower"],"potions_floor_usage":[16,18,24,33,50,55],"damage_taken":[{"damage":9,"enemies":"2 Louse","floor":1,"turns":4},{"damage":9,"enemies":"Jaw Worm","floor":2,"turns":4},{"damage":7,"enemies":"Small Slimes","floor":3,"turns":5},{"damage":34,"enemies":"Lagavulin","floor":7,"turns":8},{"damage":8,"enemies":"Exordium Wildlife","floor":10,"turns":6},{"damage":4,"enemies":"Blue Slaver","floor":13,"turns":5},{"damage":20,"enemies":"Gremlin Nob","floor":14,"turns":4},{"damage":18,"enemies":"Slime Boss","floor":16,"turns":10},{"damage":4,"enemies":"Shell Parasite","floor":18,"turns":5},{"damage":24,"enemies":"2 Thieves","floor":19,"turns":5},{"damage":3,"enemies":"Snake Plant","floor":22,"turns":3},{"damage":44,"enemies":"Slavers","floor":24,"turns":4},{"damage":4,"enemies":"Book of Stabbing","floor":27,"turns":5},{"damage":8,"enemies":"Centurion and Healer","floor":31,"turns":6},{"damage":26,"enemies":"Collector","floor":33,"turns":11},{"damage":2,"enemies":"Orb Walker","floor":35,"turns":2},{"damage":20,"enemies":"3 Shapes","floor":36,"turns":5},{"damage":49,"enemies":"Spire Growth","floor":37,"turns":5},{"damage":5,"enemies":"Sphere and 2 Shapes","floor":46,"turns":3},{"damage":0,"enemies":"Maw","floor":47,"turns":6},{"damage":0,"enemies":"Jaw Worm Horde","floor":48,"turns":4},{"damage":39,"enemies":"Awakened One","floor":50,"turns":16},{"damage":6,"enemies":"Shield and Spear","floor":54,"turns":5},{"damage":40,"enemies":"The Heart","floor":55,"turns":8}],"seed_played":"4337143021357077729","potions_obtained":[{"floor":3,"key":"GamblersBrew"},{"floor":10,"key":"BloodPotion"},{"floor":13,"key":"SteroidPotion"},{"floor":24,"key":"SteroidPotion"},{"floor":31,"key":"Strength Potion"},{"floor":37,"key":"Fire Potion"},{"floor":46,"key":"Weak Potion"}],"is_trial":false,"path_per_floor":["M","M","M","?","$","R","E","R","T","M","$","R","M","E","R","B",null,"M","M","?","$","M","R","E","?","T","E","$","?","R","M","R","B",null,"M","M","M","$","?","?","$","T","T","$","R","M","M","M","R","B",null,"R","$","E","B",null],"character_chosen":"IRONCLAD","items_purchased":["HandOfGreed","Clothesline","Inflame","Matryoshka","Vajra","Lee\u0027s Waffle","Anchor","True Grit","Secret Technique","Shuriken","Turnip","Pen Nib"],"campfire_rested":0,"item_purchase_floors":[5,5,11,21,28,38,41,41,41,44,44,53],"current_hp_per_floor":[77,74,73,62,62,62,44,44,44,42,42,42,44,30,30,27,80,82,64,48,48,51,51,13,45,52,66,66,66,66,64,64,56,93,97,83,52,112,106,106,106,106,106,106,106,106,106,106,106,73,98,98,98,98,64],"gold":113,"neow_bonus":"TEN_PERCENT_HP_BONUS","is_prod":false,"is_daily":false,"chose_seed":false,"campfire_upgraded":9,"win_rate":0,"timestamp":1552756633,"path_taken":["M","M","M","?","$","R","E","R","T","M","$","R","M","E","R","BOSS","M","M","?","$","M","R","E","?","T","E","$","?","R","M","R","BOSS","M","M","M","$","?","?","?","?","T","$","R","?","M","M","R","BOSS","R","$","E","BOSS"],"build_version":"2019-01-23","purchased_purges":3,"victory":true,"max_hp_per_floor":[88,88,88,88,88,88,98,98,98,98,98,98,98,98,98,98,98,98,98,98,98,98,98,98,98,105,105,105,105,105,105,105,105,105,105,105,105,112,106,106,106,106,106,106,106,106,106,106,106,106,106,106,106,106,106],"card_choices":[{"not_picked":["Heavy Blade","Seeing Red"],"picked":"Power Through","floor":1},{"not_picked":["Bloodletting","Combust"],"picked":"Evolve","floor":2},{"not_picked":["Clash","Havoc"],"picked":"Sever Soul","floor":3},{"not_picked":["Shrug It Off","Sword Boomerang"],"picked":"Metallicize","floor":7},{"not_picked":["Twin Strike","Rage"],"picked":"Blood for Blood","floor":10},{"not_picked":["Fire Breathing","Reckless Charge"],"picked":"Cleave","floor":13},{"not_picked":["Combust","Ghostly Armor"],"picked":"Feel No Pain","floor":14},{"not_picked":["Reaper","Berserk"],"picked":"Dark Embrace","floor":16},{"not_picked":["Sever Soul","Blood for Blood","Wild Strike"],"picked":"SKIP","floor":18},{"not_picked":["Twin Strike","Sever Soul"],"picked":"Shrug It Off","floor":19},{"not_picked":["Headbutt","Dropkick"],"picked":"Carnage","floor":22},{"not_picked":["Cleave","Wild Strike"],"picked":"Entrench","floor":24},{"not_picked":["Twin Strike","Blood for Blood"],"picked":"Flame Barrier","floor":27},{"not_picked":["Sentinel","Sword Boomerang+1"],"picked":"Inflame","floor":31},{"not_picked":["Feed","Reaper"],"picked":"Barricade","floor":33},{"not_picked":["Iron Wave","Whirlwind+1"],"picked":"Shockwave+1","floor":35},{"not_picked":["Shockwave","Armaments","Headbutt+1"],"picked":"SKIP","floor":36},{"not_picked":["Searing Blow","Iron Wave+1"],"picked":"Shrug It Off+1","floor":37},{"not_picked":["Body Slam+1","Iron Wave+1","Pommel Strike"],"picked":"SKIP","floor":46},{"not_picked":["Flex+1","Bloodletting","Twin Strike+1"],"picked":"SKIP","floor":47},{"not_picked":["Flex+1","Reaper"],"picked":"Power Through+1","floor":48},{"not_picked":["Iron Wave","Clash+1"],"picked":"Burning Pact","floor":54}],"player_experience":165224,"relics_obtained":[{"floor":7,"key":"Pear"},{"floor":14,"key":"Orichalcum"},{"floor":20,"key":"Necronomicon"},{"floor":24,"key":"Meat on the Bone"},{"floor":26,"key":"Strawberry"},{"floor":26,"key":"Blue Candle"},{"floor":27,"key":"PreservedInsect"},{"floor":42,"key":"Oddly Smooth Stone"},{"floor":42,"key":"Lantern"},{"floor":43,"key":"Bronze Scales"},{"floor":54,"key":"Happy Flower"}],"event_choices":[{"damage_healed":0,"gold_gain":75,"player_choice":"Gather Gold","damage_taken":11,"max_hp_gain":0,"max_hp_loss":0,"event_name":"World of Goop","floor":4,"gold_loss":0},{"damage_healed":0,"gold_gain":0,"player_choice":"Obtained Book","damage_taken":16,"max_hp_gain":0,"max_hp_loss":0,"event_name":"Cursed Tome","floor":20,"gold_loss":0},{"damage_healed":32,"gold_gain":0,"player_choice":"Heal","damage_taken":0,"max_hp_gain":0,"max_hp_loss":0,"event_name":"The Library","floor":25,"gold_loss":0},{"damage_healed":0,"gold_gain":0,"player_choice":"Ignored","damage_taken":0,"max_hp_gain":0,"max_hp_loss":0,"event_name":"Ghosts","floor":29,"gold_loss":0},{"damage_healed":0,"gold_gain":0,"player_choice":"Max HP","damage_taken":0,"max_hp_gain":0,"max_hp_loss":6,"event_name":"Winding Halls","floor":39,"gold_loss":0},{"damage_healed":0,"gold_gain":999,"player_choice":"Gold","damage_taken":0,"max_hp_gain":0,"max_hp_loss":0,"event_name":"MindBloom","floor":40,"gold_loss":0,"cards_obtained":["Normality","Normality"]}],"is_beta":false,"boss_relics":[{"not_picked":["Runic Pyramid","Lizard Tail"],"picked":"Snecko Eye"},{"not_picked":["Empty Cage","Eternal Feather"],"picked":"Mark of Pain"}],"items_purged_floors":[21,41,44],"is_endless":false,"potions_floor_spawned":[3,10,13,24,31,37,46],"ascension_level":7}