{"gold_per_floor":[113,113,113,188,8,8,22,22,46,46,46,46,58,78,78,151,151,164,179,197,122,53,53,53,53,128,147,147,147,147,147,147,224,224,238,238,338,338,338,338,354,369,394,414,434,434,446,51,51,51],"floor_reached":51,"playtime":1511,"items_purged":[],"score":1112,"play_id":"14ea677e-755d-407d-b0ee-977eb2ff2150","local_time":"20190207190753","is_ascension_mode":true,"campfire_choices":[{"data":"Bash","floor":6,"key":"SMITH"},{"data":"Carnage","floor":11,"key":"SMITH"},{"data":"Demon Form","floor":15,"key":"SMITH"},{"data":"Heavy Blade","floor":23,"key":"SMITH"},{"data":"Metallicize","floor":25,"key":"SMITH"},{"data":"Bludgeon","floor":30,"key":"SMITH"},{"data":"Cleave","floor":32,"key":"SMITH"},{"floor":40,"key":"REST"},{"floor":49,"key":"REST"}],"neow_cost":"NONE","seed_source_timestamp":1328934110754960,"circlet_count":0,"master_deck":["AscendersBane","Strike_R","Strike_R","Defend_R","Defend_R","Defend_R","Defend_R","Bash+1","Demon Form+1","Uppercut+1","Shrug It Off","Carnage+1","Cleave+1","Bludgeon+1","Shockwave+1","Heavy Blade+1","Metallicize+1","Double Tap","Dual Wield","Master of Strategy","Flex+1","Dual Wield","Heavy Blade+1"],"relics":["Burning Blood","Potion Belt","Pen Nib","Bronze Scales","Velvet Choker","Dodecahedron","Fusion Hammer","Turnip","Anchor","Happy Flower","Strange Spoon"],"potions_floor_usage":[14,27,31,33,42,45,50,50,50],"damage_taken":[{"damage":6,"enemies":"Jaw Worm","floor":1,"turns":5},{"damage":0,"enemies":"2 Louse","floor":7,"turns":3},{"damage":1,"enemies":"Small Slimes","floor":13,"turns":3},{"damage":1,"enemies":"Exordium Wildlife","floor":14,"turns":2},{"damage":30,"enemies":"Slime Boss","floor":16,"turns":6},{"damage":17,"enemies":"3 Byrds","floor":18,"turns":4},{"damage":6,"enemies":"Spheric Guardian","floor":19,"turns":3},{"damage":21,"enemies":"Shelled Parasite and Fungi","floor":20,"turns":4},{"damage":0,"enemies":"Snake Plant","floor":27,"turns":2},{"damage":0,"enemies":"Sentry and Sphere","floor":31,"turns":2},{"damage":76,"enemies":"Collector","floor":33,"turns":8},{"damage":12,"enemies":"Orb Walker","floor":35,"turns":3},{"damage":9,"enemies":"Mind Bloom Boss Battle","floor":37,"turns":5},{"damage":14,"enemies":"3 Darklings","floor":41,"turns":3},{"damage":28,"enemies":"4 Shapes","floor":42,"turns":6},{"damage":3,"enemies":"Maw","floor":44,"turns":5},{"damage":0,"enemies":"Sphere and 2 Shapes","floor":45,"turns":3},{"damage":12,"enemies":"3 Darklings","floor":47,"turns":2},{"damage":66,"enemies":"Awakened One","floor":50,"turns":7}],"seed_played":"8309123175998721674","potions_obtained":[{"floor":1,"key":"Energy Potion"},{"floor":16,"key":"SmokeBomb"},{"floor":19,"key":"Weak Potion"},{"floor":20,"key":"Fire Potion"},{"floor":33,"key":"PowerPotion"},{"floor":35,"key":"Poison Potion"},{"floor":37,"key":"SteroidPotion"},{"floor":42,"key":"Explosive Potion"},{"floor":45,"key":"Weak Potion"}],"is_trial":false,"path_per_floor":["M","?","?","?","$","R","M","$","T","?","R","?","M","M","R","B",null,"M","M","M","?","$","R","?","R","T","M","?","?","R","M","R","B",null,"M","?","?","?","?","R","M","M","T","M","M","?","M","$","R","B",null],"character_chosen":"IRONCLAD","items_purchased":["Pen Nib","Shrug It Off","Metallicize","AttackPotion","Happy Flower","Strange Spoon"],"campfire_rested":2,"item_purchase_floors":[5,5,22,48,48,48],"current_hp_per_floor":[68,65,65,54,54,54,60,60,60,65,65,65,70,75,75,51,73,62,62,47,47,47,47,47,47,47,53,53,79,79,80,80,10,63,57,57,54,54,54,78,70,48,48,51,57,57,51,51,75,15],"gold":51,"neow_bonus":"ONE_RANDOM_RARE_CARD","is_prod":false,"is_daily":false,"chose_seed":false,"campfire_upgraded":7,"win_rate":0,"timestamp":1549534073,"path_taken":["M","?","?","?","$","R","?","$","T","?","R","?","M","M","R","BOSS","M","M","?","?","$","R","?","R","T","?","?","?","R","M","R","BOSS","M","?","?","?","?","R","M","?","T","M","M","?","M","$","R","BOSS"],"build_version":"2019-01-23","purchased_purges":0,"victory":true,"max_hp_per_floor":[75,75,75,75,75,75,75,75,75,80,80,80,80,80,80,80,80,80,80,80,80,80,80,80,80,80,80,80,80,80,80,80,80,80,80,80,80,80,80,80,80,80,80,80,80,80,80,80,80,80],"card_choices":[{"not_picked":["Havoc","Clash"],"picked":"Uppercut","floor":1},{"not_picked":["Anger","Fire Breathing"],"picked":"Carnage","floor":7},{"not_picked":["Wild Strike","Pummel"],"picked":"Cleave","floor":13},{"not_picked":["Cleave","Sentinel"],"picked":"Dropkick","floor":14},{"not_picked":["Exhume","Demon Form"],"picked":"Bludgeon","floor":16},{"not_picked":["Armaments","Cleave","Sever Soul"],"picked":"SKIP","floor":18},{"not_picked":["Heavy Blade","Carnage"],"picked":"Shockwave","floor":19},{"not_picked":["Headbutt","Havoc"],"picked":"Heavy Blade","floor":20},{"not_picked":["Clash","Hemokinesis","True Grit"],"picked":"SKIP","floor":27},{"not_picked":["Barricade","Berserk"],"picked":"Double Tap","floor":33},{"not_picked":["Clash","Headbutt"],"picked":"Dual Wield","floor":35},{"not_picked":["Discovery","Sadistic Nature"],"picked":"Master of Strategy","floor":36},{"not_picked":["Sentinel","Armaments+1"],"picked":"Flex+1","floor":37},{"not_picked":["Clothesline","True Grit+1"],"picked":"Dual Wield","floor":41},{"not_picked":["Twin Strike","Cleave","Feed"],"picked":"SKIP","floor":42},{"not_picked":["Second Wind+1","Fire Breathing+1"],"picked":"Heavy Blade+1","floor":44},{"not_picked":["Pommel Strike","Cleave","Dual Wield+1"],"picked":"SKIP","floor":45},{"not_picked":["Body Slam","Blood for Blood","Combust"],"picked":"SKIP","floor":47}],"player_experience":480172,"relics_obtained":[{"floor":9,"key":"Bronze Scales"},{"floor":26,"key":"Dodecahedron"},{"floor":37,"key":"Turnip"},{"floor":43,"key":"Anchor"}],"event_choices":[{"damage_healed":0,"gold_gain":0,"player_choice":"Success","damage_taken":3,"relics_obtained":["Potion Belt"],"max_hp_gain":0,"max_hp_loss":0,"event_name":"Scrap Ooze","floor":2,"gold_loss":0},{"damage_healed":0,"gold_gain":0,"player_choice":"Grow","damage_taken":0,"max_hp_gain":0,"max_hp_loss":0,"event_name":"Living Wall","floor":3,"gold_loss":0,"cards_upgraded":["Uppercut"]},{"damage_healed":0,"gold_gain":75,"player_choice":"Gather Gold","damage_taken":11,"max_hp_gain":0,"max_hp_loss":0,"event_name":"World of Goop","floor":4,"gold_loss":0},{"damage_healed":0,"gold_gain":0,"player_choice":"Donut","damage_taken":0,"max_hp_gain":5,"max_hp_loss":0,"event_name":"Big Fish","floor":10,"gold_loss":0},{"cards_removed":["Strike_R"],"damage_healed":0,"gold_gain":0,"player_choice":"Purged","damage_taken":0,"max_hp_gain":0,"max_hp_loss":0,"event_name":"Purifier","floor":12,"gold_loss":0},{"cards_removed":["Strike_R"],"damage_healed":0,"gold_gain":0,"player_choice":"Gave Gold","damage_taken":0,"max_hp_gain":0,"max_hp_loss":0,"event_name":"Beggar","floor":21,"gold_loss":75},{"damage_healed":0,"gold_gain":0,"player_choice":"Forge","damage_taken":0,"max_hp_gain":0,"max_hp_loss":0,"event_name":"Accursed Blacksmith","floor":24,"gold_loss":0,"cards_upgraded":["Shockwave"]},{"damage_healed":0,"gold_gain":0,"player_choice":"Ignored","damage_taken":0,"max_hp_gain":0,"max_hp_loss":0,"event_name":"Vampires","floor":28,"gold_loss":0},{"damage_healed":26,"gold_gain":0,"player_choice":"Heal","damage_taken":0,"max_hp_gain":0,"max_hp_loss":0,"event_name":"The Library","floor":29,"gold_loss":0},{"damage_healed":0,"gold_gain":0,"player_choice":"Memory 1","damage_taken":0,"max_hp_gain":0,"max_hp_loss":0,"event_name":"SensoryStone","floor":36,"gold_loss":0},{"damage_healed":0,"gold_gain":0,"player_choice":"Fight","damage_taken":0,"max_hp_gain":0,"max_hp_loss":0,"event_name":"MindBloom","floor":37,"gold_loss":0},{"cards_removed":["Dropkick"],"damage_healed":0,"gold_gain":0,"player_choice":"Removed Attack","damage_taken":0,"max_hp_gain":0,"max_hp_loss":0,"event_name":"Falling","floor":38,"gold_loss":0},{"cards_removed":["Strike_R"],"damage_healed":0,"gold_gain":0,"player_choice":"Card Removal","damage_taken":0,"max_hp_gain":0,"max_hp_loss":0,"event_name":"Wheel of Change","floor":39,"gold_loss":0},{"damage_healed":0,"gold_gain":0,"player_choice":"Ignored","damage_taken":0,"max_hp_gain":0,"max_hp_loss":0,"event_name":"SecretPortal","floor":46,"gold_loss":0}],"is_beta":false,"boss_relics":[{"not_picked":["Busted Crown","Lizard Tail"],"picked":"Velvet Choker"},{"not_picked":["Sozu","Runic Dome"],"picked":"Fusion Hammer"}],"items_purged_floors":[],"is_endless":false,"potions_floor_spawned":[1,16,19,20,33,35,37,42,45],"ascension_level":14}