{"gold_per_floor":[116,134,134,150,0,0,16,16,16,16,16,28,43,57,57,156,156,171,191,191,208,220,220,122,122,122,140,140,140,160,160,160,160],"floor_reached":33,"playtime":1170,"items_purged":["Strike_R"],"score":266,"play_id":"e80d9d59-fd4a-47d3-8d02-1fc0e050b9e3","local_time":"20181214170608","is_ascension_mode":false,"campfire_choices":[{"data":"Whirlwind","floor":6,"key":"SMITH"},{"data":"Armaments","floor":8,"key":"SMITH"},{"data":"Inflame","floor":11,"key":"SMITH"},{"data":"Fiend Fire","floor":15,"key":"SMITH"},{"data":"Shockwave","floor":23,"key":"SMITH"},{"data":"Demon Form","floor":25,"key":"SMITH"},{"floor":29,"key":"REST"},{"data":"Seeing Red","floor":32,"key":"SMITH"}],"neow_cost":"NONE","seed_source_timestamp":1352663255929814,"circlet_count":0,"master_deck":["Bash","Whirlwind+1","Armaments+1","Thunderclap","Inflame+1","Shrug It Off","Battle Trance","Fiend Fire+1","Demon Form+1","Rupture","Barricade","Sever Soul","Twin Strike","Sever Soul+1","Iron Wave","Feed","Flex","Flex","Shockwave+1","Seeing Red+1","Bite","Bite","Bite","Bite","Bite"],"relics":["Burning Blood","NeowsBlessing","Gremlin Horn","Pandora\u0027s Box","Paper Frog","Singing Bowl"],"potions_floor_usage":[19,27,33,33,33],"damage_taken":[{"damage":0,"enemies":"Cultist","floor":1,"turns":1},{"damage":0,"enemies":"2 Louse","floor":2,"turns":1},{"damage":0,"enemies":"Small Slimes","floor":4,"turns":1},{"damage":0,"enemies":"2 Fungi Beasts","floor":7,"turns":1},{"damage":3,"enemies":"Exordium Thugs","floor":12,"turns":3},{"damage":7,"enemies":"Looter","floor":13,"turns":3},{"damage":6,"enemies":"3 Louse","floor":14,"turns":2},{"damage":30,"enemies":"The Guardian","floor":16,"turns":8},{"damage":1,"enemies":"3 Byrds","floor":18,"turns":4},{"damage":25,"enemies":"Shell Parasite","floor":19,"turns":3},{"damage":26,"enemies":"Centurion and Healer","floor":21,"turns":6},{"damage":30,"enemies":"Sentry and Sphere","floor":22,"turns":4},{"damage":12,"enemies":"Snake Plant","floor":27,"turns":3},{"damage":13,"enemies":"3 Cultists","floor":30,"turns":4},{"damage":88,"enemies":"Collector","floor":33,"turns":6}],"seed_played":"-6259204664145282940","potions_obtained":[{"floor":1,"key":"Energy Potion"},{"floor":2,"key":"PowerPotion"},{"floor":12,"key":"SkillPotion"},{"floor":19,"key":"Poison Potion"},{"floor":27,"key":"Dexterity Potion"},{"floor":30,"key":"Weak Potion"}],"is_trial":false,"path_per_floor":["M","M","?","M","$","R","M","R","T","$","R","M","M","M","R","B",null,"M","M","?","M","M","R","?","R","T","M","?","R","M","?","R","B"],"character_chosen":"IRONCLAD","items_purchased":["Inflame"],"campfire_rested":1,"item_purchase_floors":[5],"current_hp_per_floor":[80,80,80,80,80,80,80,80,80,80,80,80,79,79,79,55,80,83,64,64,48,24,24,24,24,24,18,18,36,39,62,62,0],"gold":160,"neow_bonus":"THREE_ENEMY_KILL","is_prod":false,"is_daily":false,"chose_seed":false,"campfire_upgraded":7,"win_rate":0,"timestamp":1544774768,"path_taken":["M","M","?","M","?","R","M","R","T","$","R","M","M","M","R","BOSS","M","M","?","M","?","R","?","R","T","?","?","R","M","?","R","BOSS"],"build_version":"2018-12-13","purchased_purges":1,"victory":false,"max_hp_per_floor":[80,80,80,80,80,80,80,80,80,80,80,80,80,80,80,80,80,83,83,83,87,87,87,87,87,87,87,60,60,62,62,62,62],"card_choices":[{"not_picked":["True Grit","Rage"],"picked":"Whirlwind","floor":1},{"not_picked":["Rage","Warcry"],"picked":"Armaments","floor":2},{"not_picked":["Sword Boomerang","Clothesline"],"picked":"Thunderclap","floor":4},{"not_picked":["Heavy Blade","Havoc"],"picked":"Shrug It Off","floor":7},{"not_picked":["Wild Strike","Pommel Strike"],"picked":"Battle Trance","floor":12},{"not_picked":["Pommel Strike","Sentinel"],"picked":"Fiend Fire","floor":13},{"not_picked":["Clash","Clothesline","Evolve"],"picked":"SKIP","floor":14},{"not_picked":["Berserk","Barricade"],"picked":"Demon Form","floor":16},{"not_picked":["Evolve+1","Body Slam","Headbutt"],"picked":"SKIP","floor":18},{"not_picked":["Hemokinesis+1","Cleave+1"],"picked":"Flex","floor":19},{"not_picked":["Headbutt","Sword Boomerang+1"],"picked":"Flex","floor":21},{"not_picked":["Exhume","Armaments"],"picked":"Shockwave","floor":22},{"not_picked":["Armaments","Fire Breathing"],"picked":"Seeing Red","floor":27},{"not_picked":["Pommel Strike","Pummel+1","Twin Strike"],"picked":"Singing Bowl","floor":30}],"player_experience":192571,"relics_obtained":[{"floor":9,"key":"Gremlin Horn"},{"floor":26,"key":"Singing Bowl"}],"event_choices":[{"cards_removed":["Strike_R"],"damage_healed":0,"gold_gain":0,"player_choice":"Purged","damage_taken":0,"max_hp_gain":0,"max_hp_loss":0,"event_name":"Purifier","floor":3,"gold_loss":0},{"damage_healed":0,"gold_gain":0,"player_choice":"Upgraded","damage_taken":0,"max_hp_gain":0,"max_hp_loss":0,"event_name":"Upgrade Shrine","floor":20,"gold_loss":0,"cards_upgraded":["Sever Soul"]},{"damage_healed":0,"gold_gain":0,"player_choice":"Paid Gold","damage_taken":0,"relics_obtained":["Paper Frog"],"max_hp_gain":0,"max_hp_loss":0,"event_name":"WeMeetAgain","floor":24,"gold_loss":98},{"damage_healed":0,"gold_gain":0,"player_choice":"Became a vampire","damage_taken":0,"max_hp_gain":0,"max_hp_loss":27,"event_name":"Vampires","floor":28,"gold_loss":0,"cards_obtained":["Bite","Bite","Bite","Bite","Bite"]},{"damage_healed":23,"gold_gain":0,"player_choice":"Full Heal","damage_taken":0,"max_hp_gain":0,"max_hp_loss":0,"event_name":"Wheel of Change","floor":31,"gold_loss":0}],"is_beta":false,"boss_relics":[{"not_picked":["Snecko Eye","Philosopher\u0027s Stone"],"picked":"Pandora\u0027s Box"}],"items_purged_floors":[5],"is_endless":false,"potions_floor_spawned":[1,2,12,16,18,19,27,30],"killed_by":"Collector","ascension_level":0}