{"gold_per_floor":[112,112,287,3,22,22,42,56,56,56,56,72,72,90,90,189,189,204,104,104,121,0,0,17,17,17,36,47,80,80,80,80,80],"floor_reached":33,"playtime":1070,"items_purged":["Doubt","Strike_B"],"score":257,"play_id":"0d78a7f0-8fc3-46e1-82fa-8ee5f1cec70e","local_time":"20190511221816","is_ascension_mode":false,"campfire_choices":[{"data":"Hologram","floor":6,"key":"SMITH"},{"data":"Gash","floor":10,"key":"SMITH"},{"floor":15,"key":"REST"},{"floor":23,"key":"REST"},{"data":"Gash","floor":25,"key":"SMITH"},{"floor":32,"key":"REST"}],"neow_cost":"NONE","seed_source_timestamp":442518840217882,"circlet_count":0,"master_deck":["Strike_B","Defend_B","Defend_B","Defend_B+1","Zap+1","Dualcast+1","Hologram+1","Gash+1","Coolheaded+1","Gash+1","Gash+1","Amplify"],"relics":["Cracked Core","ClockworkSouvenir","Mummified Hand","Empty Cage","Question Card","Gremlin Horn"],"potions_floor_usage":[16,16,29,29,29],"damage_taken":[{"damage":1,"enemies":"Jaw Worm","floor":1,"turns":3},{"damage":0,"enemies":"Small Slimes","floor":5,"turns":2},{"damage":5,"enemies":"Cultist","floor":7,"turns":4},{"damage":0,"enemies":"2 Fungi Beasts","floor":8,"turns":3},{"damage":0,"enemies":"3 Louse","floor":12,"turns":2},{"damage":23,"enemies":"Gremlin Gang","floor":14,"turns":4},{"damage":60,"enemies":"Hexaghost","floor":16,"turns":12},{"damage":55,"enemies":"3 Byrds","floor":18,"turns":5},{"damage":15,"enemies":"2 Thieves","floor":21,"turns":4},{"damage":8,"enemies":"Shelled Parasite and Fungi","floor":24,"turns":4},{"damage":0,"enemies":"Cultist and Chosen","floor":27,"turns":5},{"damage":0,"enemies":"Centurion and Healer","floor":28,"turns":6},{"damage":5,"enemies":"Slavers","floor":29,"turns":6},{"damage":54,"enemies":"Champ","floor":33,"turns":8}],"seed_played":"3789079976027463916","potions_obtained":[{"floor":5,"key":"Swift Potion"},{"floor":12,"key":"Explosive Potion"},{"floor":21,"key":"Explosive Potion"},{"floor":24,"key":"AttackPotion"},{"floor":28,"key":"SkillPotion"}],"is_trial":false,"path_per_floor":["M","?","?","$","M","R","M","M","T","R","$","M","$","M","R","B",null,"M","$","?","M","?","R","M","R","T","M","M","E","$","?","R","B"],"character_chosen":"DEFECT","items_purchased":["ClockworkSouvenir"],"campfire_rested":3,"item_purchase_floors":[4],"current_hp_per_floor":[81,65,65,65,65,65,60,60,60,60,60,60,60,37,61,1,82,27,27,27,12,12,36,28,28,28,28,28,23,23,23,47,0],"gold":80,"neow_bonus":"TEN_PERCENT_HP_BONUS","is_prod":false,"is_daily":false,"chose_seed":false,"campfire_upgraded":3,"win_rate":0,"timestamp":1557627496,"path_taken":["M","?","?","$","M","R","M","M","T","R","$","M","?","M","R","BOSS","M","$","?","?","?","R","M","R","T","M","M","E","$","?","R","BOSS"],"build_version":"2019-01-23","purchased_purges":2,"victory":false,"max_hp_per_floor":[82,82,82,82,82,82,82,82,82,82,82,82,82,82,82,82,82,82,82,82,82,82,82,82,82,82,82,82,82,82,82,82,82],"card_choices":[{"not_picked":["Cold Snap","Rebound"],"picked":"Hologram","floor":1},{"not_picked":["Self Repair","Turbo","Barrage"],"picked":"SKIP","floor":5},{"not_picked":["Steam","Self Repair"],"picked":"Gash","floor":7},{"not_picked":["Aggregate","Steam","Redo"],"picked":"SKIP","floor":8},{"not_picked":["BootSequence","Rebound","Hologram"],"picked":"SKIP","floor":12},{"not_picked":["Turbo","Fusion","Genetic Algorithm"],"picked":"SKIP","floor":14},{"not_picked":["Beam Cell","Static Discharge"],"picked":"Coolheaded+1","floor":18},{"not_picked":["Static Discharge","Tempest"],"picked":"Gash+1","floor":21},{"not_picked":["Fusion","Doom and Gloom"],"picked":"Gash","floor":24},{"not_picked":["Beam Cell","Lockon","Conserve Battery","Rebound"],"picked":"SKIP","floor":27},{"not_picked":["Steam Power+1","Leap+1","Compile Driver","Gash"],"picked":"SKIP","floor":28},{"not_picked":["Stack","Cold Snap+1","Echo Form","Static Discharge"],"picked":"SKIP","floor":29}],"player_experience":134425,"relics_obtained":[{"floor":9,"key":"Mummified Hand"},{"floor":26,"key":"Question Card"},{"floor":29,"key":"Gremlin Horn"}],"event_choices":[{"damage_healed":0,"gold_gain":0,"player_choice":"Entered Light","damage_taken":16,"max_hp_gain":0,"max_hp_loss":0,"event_name":"Shining Light","floor":2,"gold_loss":0,"cards_upgraded":["Dualcast","Defend_B"]},{"damage_healed":0,"gold_gain":175,"player_choice":"AGREE","damage_taken":0,"max_hp_gain":0,"max_hp_loss":0,"event_name":"Liars Game","floor":3,"gold_loss":0,"cards_obtained":["Doubt"]},{"damage_healed":0,"gold_gain":0,"player_choice":"Forge","damage_taken":0,"max_hp_gain":0,"max_hp_loss":0,"event_name":"Accursed Blacksmith","floor":20,"gold_loss":0,"cards_upgraded":["Zap"]},{"damage_healed":0,"gold_gain":0,"player_choice":"Paid Fearfully","damage_taken":0,"max_hp_gain":0,"max_hp_loss":0,"event_name":"Masked Bandits","floor":22,"gold_loss":121},{"damage_healed":0,"gold_gain":0,"cards_transformed":["Strike_B"],"player_choice":"Transformed","damage_taken":0,"max_hp_gain":0,"max_hp_loss":0,"event_name":"Transmorgrifier","floor":31,"gold_loss":0,"cards_obtained":["Amplify"]}],"is_beta":false,"boss_relics":[{"not_picked":["Orrery","White Beast Statue"],"picked":"Empty Cage"}],"items_purged_floors":[4,19],"is_endless":false,"potions_floor_spawned":[5,12,21,24,28],"killed_by":"Champ","ascension_level":0}