{"gold_per_floor":[119,138,138,154,166,192,117,130,181,181,181,81,97,47,47,168,168,183,206,206,81,81,81,115,115,115,115,115,135,135,148,148,274,337,361,375,375],"floor_reached":37,"playtime":1955,"items_purged":["Strike_G","Strike_G","Defend_G"],"score":408,"play_id":"aeca6aaa-6da1-4833-820e-ce0f28884414","local_time":"20180825000123","is_ascension_mode":true,"campfire_choices":[{"data":"Cloak And Dagger","floor":10.0,"key":"SMITH"},{"data":"Deadly Poison","floor":15.0,"key":"SMITH"},{"floor":23.0,"key":"REST"},{"floor":25.0,"key":"REST"},{"floor":30.0,"key":"REST"},{"floor":32.0,"key":"REST"}],"neow_cost":"NONE","seed_source_timestamp":8827492966022,"circlet_count":0,"master_deck":["Defend_G","Defend_G","Defend_G","Strike_G","Strike_G+1","Strike_G","Survivor","Neutralize+1","Quick Slash","Sucker Punch","Cloak And Dagger+1","Infinite Blades","Deadly Poison+1","Envenom+1","Crippling Poison+1","Concentrate","Blade Dance","Envenom","Blade Dance","Prepared+1","Blade Dance+1"],"special_seed":0,"relics":["Ring of the Snake","Bronze Scales","Snake Skull","Golden Idol","Runic Pyramid","Question Card","The Courier","Tiny House"],"potions_floor_usage":[],"damage_taken":[{"damage":0.0,"enemies":"Cultist","floor":1.0,"turns":4.0},{"damage":1.0,"enemies":"2 Louse","floor":2.0,"turns":3.0},{"damage":0.0,"enemies":"Jaw Worm","floor":4.0,"turns":4.0},{"damage":0.0,"enemies":"2 Fungi Beasts","floor":5.0,"turns":2.0},{"damage":10.0,"enemies":"3 Sentries","floor":6.0,"turns":11.0},{"damage":5.0,"enemies":"3 Louse","floor":8.0,"turns":3.0},{"damage":0.0,"enemies":"Looter","floor":13.0,"turns":3.0},{"damage":33.0,"enemies":"Hexaghost","floor":16.0,"turns":8.0},{"damage":6.0,"enemies":"Chosen","floor":18.0,"turns":4.0},{"damage":19.0,"enemies":"3 Byrds","floor":19.0,"turns":4.0},{"damage":34.0,"enemies":"Slavers","floor":24.0,"turns":5.0},{"damage":4.0,"enemies":"Shelled Parasite and Fungi","floor":29.0,"turns":3.0},{"damage":10.0,"enemies":"Cultist and Chosen","floor":31.0,"turns":4.0},{"damage":33.0,"enemies":"Collector","floor":33.0,"turns":6.0},{"damage":22.0,"enemies":"Orb Walker","floor":35.0,"turns":3.0},{"damage":22.0,"enemies":"Flame Bruiser 1 Orb","floor":36.0,"turns":5.0},{"damage":34,"enemies":"Spire Growth","floor":37,"turns":4}],"seed_played":"244136407455080524","potions_obtained":[{"floor":1.0,"key":"Fire Potion"},{"floor":2.0,"key":"Regen Potion"},{"floor":6.0,"key":"Strength Potion"},{"floor":19.0,"key":"Weak Potion"},{"floor":24.0,"key":"PowerPotion"},{"floor":27.0,"key":"GhostInAJar"},{"floor":27.0,"key":"LiquidBronze"},{"floor":34.0,"key":"Swift Potion"}],"is_trial":false,"path_per_floor":["M","M","?","M","M","E","$","M","T","R","?","$","M","?","R","B",null,"M","M","?","$","?","R","E","R","T","?","$","M","R","M","R","B",null,"M","M"],"character_chosen":"THE_SILENT","items_purchased":[],"campfire_rested":4,"item_purchase_floors":[],"current_hp_per_floor":[70,69,69,69,69,70,70,65,65,65,65,65,65,65,65,32,65,59,40,40,40,40,59,25,44,44,44,44,40,59,49,65,32,70,48,26,0],"gold":375,"neow_bonus":"UPGRADE_CARD","is_prod":false,"is_daily":false,"chose_seed":false,"campfire_upgraded":2,"win_rate":0,"timestamp":1535126483,"path_taken":["M","M","?","M","M","E","$","M","T","R","?","$","M","?","R","BOSS","M","M","?","$","?","R","E","R","T","?","$","M","R","M","R","BOSS","M","?","M"],"build_version":"2018-08-23v2","purchased_purges":3,"victory":false,"max_hp_per_floor":[70,70,70,70,70,70,70,70,70,70,65,65,65,65,65,65,65,65,65,65,65,65,65,65,65,65,65,65,65,65,65,65,65,70,70,70,70],"card_choices":[{"not_picked":["Endless Agony","Dagger Spray"],"picked":"Quick Slash","floor":1.0},{"not_picked":["Poisoned Stab","PiercingWail"],"picked":"Sucker Punch","floor":2.0},{"not_picked":["Outmaneuver","Acrobatics"],"picked":"Cloak And Dagger","floor":4.0},{"not_picked":["PiercingWail","Acrobatics","Cloak And Dagger"],"picked":"SKIP","floor":5.0},{"not_picked":["After Image","Expertise","Slice"],"picked":"SKIP","floor":6.0},{"not_picked":["PiercingWail","Backflip"],"picked":"Infinite Blades","floor":8.0},{"not_picked":["PiercingWail","Outmaneuver"],"picked":"Deadly Poison","floor":13.0},{"not_picked":["After Image","Unload"],"picked":"Envenom","floor":16.0},{"not_picked":["Noxious Fumes","Dash","Dodge and Roll+1"],"picked":"SKIP","floor":18.0},{"not_picked":["Well Laid Plans","Sucker Punch"],"picked":"Crippling Poison+1","floor":19.0},{"not_picked":["Setup+1","Flying Knee"],"picked":"Concentrate","floor":24.0},{"not_picked":["Caltrops","Dagger Throw","Prepared"],"picked":"Blade Dance","floor":29.0},{"not_picked":["Dodge and Roll","Concentrate+1","Backflip","Reflex+1"],"picked":"SKIP","floor":31.0},{"not_picked":["Bullet Time","After Image","Tools of the Trade"],"picked":"Envenom","floor":33.0},{"not_picked":["Infinite Blades","Prepared","Backstab"],"picked":"Blade Dance","floor":34.0},{"not_picked":["Backflip","Eviscerate+1","Endless Agony+1"],"picked":"Prepared+1","floor":35.0},{"not_picked":["Sucker Punch","Blur","Dagger Spray+1"],"picked":"Blade Dance+1","floor":36.0}],"player_experience":336015,"relics_obtained":[{"floor":6.0,"key":"Bronze Scales"},{"floor":9.0,"key":"Snake Skull"},{"floor":24.0,"key":"Question Card"},{"floor":26.0,"key":"The Courier"}],"event_choices":[{"event_name":"The Woman in Blue","player_choice":"Bought 0 Potions","floor":3.0,"damage_taken":0.0},{"event_name":"Golden Idol","player_choice":"Lose Max HP","floor":11.0,"damage_taken":0.0},{"event_name":"The Cleric","player_choice":"Card Removal","floor":14.0,"damage_taken":0.0},{"event_name":"Upgrade Shrine","player_choice":"Upgraded","floor":20.0,"damage_taken":0.0},{"event_name":"Vampires","player_choice":"Ignored","floor":22.0,"damage_taken":0.0},{"event_name":"The Lab","player_choice":"Got Potions","floor":27.0,"damage_taken":0.0}],"is_beta":false,"boss_relics":[{"not_picked":["Snecko Eye","Astrolabe"],"picked":"Runic Pyramid"},{"not_picked":["Velvet Choker","Runic Dome"],"picked":"Tiny House"}],"items_purged_floors":[7,12,21],"is_endless":false,"potions_floor_spawned":[1,2,6,19,24],"killed_by":"Spire Growth","ascension_level":1}