{"gold_per_floor":[111,130,142,161,121,121,121,147,147,173,173,173,98,115,115,115],"floor_reached":16,"playtime":528,"items_purged":[],"score":220,"play_id":"85cc320c-2602-445e-b834-314a3c49154c","local_time":"20190327082805","is_ascension_mode":true,"campfire_choices":[{"data":"Bash","floor":6,"key":"SMITH"},{"data":"Carnage","floor":11,"key":"SMITH"},{"data":"Iron Wave","floor":15,"key":"SMITH"}],"neow_cost":"NONE","seed_source_timestamp":711972490516903,"circlet_count":0,"master_deck":["AscendersBane","Strike_R","Strike_R","Strike_R","Strike_R","Defend_R","Defend_R","Defend_R","Defend_R","Bash+1","Iron Wave+1","Pommel Strike","Warcry","Carnage+1","Iron Wave"],"relics":["Burning Blood","Art of War","Omamori","Juzu Bracelet","Kunai"],"potions_floor_usage":[8,10,10],"damage_taken":[{"damage":5,"enemies":"Small Slimes","floor":1,"turns":5},{"damage":8,"enemies":"2 Louse","floor":2,"turns":3},{"damage":4,"enemies":"Jaw Worm","floor":3,"turns":3},{"damage":9,"enemies":"Exordium Wildlife","floor":4,"turns":3},{"damage":35,"enemies":"Lagavulin","floor":8,"turns":5},{"damage":15,"enemies":"3 Sentries","floor":10,"turns":6},{"damage":16,"enemies":"Large Slime","floor":14,"turns":4},{"damage":63,"enemies":"The Guardian","floor":16,"turns":11}],"seed_played":"7637373982784632578","potions_obtained":[{"floor":2,"key":"PowerPotion"},{"floor":3,"key":"Explosive Potion"},{"floor":8,"key":"Block Potion"}],"is_trial":false,"path_per_floor":["M","M","M","M","?","R","?","E","T","E","R","?","?","M","R","B"],"character_chosen":"IRONCLAD","items_purchased":[],"campfire_rested":0,"item_purchase_floors":[],"current_hp_per_floor":[69,67,69,66,66,66,66,37,37,28,28,53,53,43,43,0],"gold":115,"neow_bonus":"RANDOM_COMMON_RELIC","is_prod":false,"is_daily":false,"chose_seed":false,"campfire_upgraded":3,"win_rate":0,"timestamp":1553642885,"path_taken":["M","M","M","M","?","R","?","E","T","E","R","?","?","M","R","BOSS"],"build_version":"2019-01-23","purchased_purges":0,"victory":false,"max_hp_per_floor":[75,75,75,75,75,75,75,75,75,75,75,75,75,75,75,75],"card_choices":[{"not_picked":["Cleave","Combust"],"picked":"Iron Wave","floor":1},{"not_picked":["Combust","Clash"],"picked":"Pommel Strike","floor":2},{"not_picked":["Feel No Pain","True Grit"],"picked":"Warcry","floor":3},{"not_picked":["Rage","Thunderclap","Cleave"],"picked":"SKIP","floor":4},{"not_picked":["Metallicize","Rage"],"picked":"Carnage","floor":8},{"not_picked":["Rage","Combust"],"picked":"Iron Wave","floor":10},{"not_picked":["Dark Embrace","True Grit","Twin Strike"],"picked":"SKIP","floor":14}],"player_experience":802084,"relics_obtained":[{"floor":8,"key":"Omamori"},{"floor":9,"key":"Juzu Bracelet"},{"floor":10,"key":"Kunai"}],"event_choices":[{"damage_healed":0,"gold_gain":0,"player_choice":"Left Gold","damage_taken":0,"max_hp_gain":0,"max_hp_loss":0,"event_name":"World of Goop","floor":5,"gold_loss":40},{"damage_healed":0,"gold_gain":0,"player_choice":"Ignored","damage_taken":0,"max_hp_gain":0,"max_hp_loss":0,"event_name":"Shining Light","floor":7,"gold_loss":0},{"damage_healed":25,"gold_gain":0,"player_choice":"Banana","damage_taken":0,"max_hp_gain":0,"max_hp_loss":0,"event_name":"Big Fish","floor":12,"gold_loss":0},{"cards_removed":["Strike_R"],"damage_healed":0,"gold_gain":0,"player_choice":"Card Removal","damage_taken":0,"max_hp_gain":0,"max_hp_loss":0,"event_name":"The Cleric","floor":13,"gold_loss":75}],"is_beta":false,"boss_relics":[],"items_purged_floors":[],"is_endless":false,"potions_floor_spawned":[2,3,8],"killed_by":"The Guardian","ascension_level":20}