{"gold_per_floor":[110,126,126,126,144,144,161,173,173,185,198,198,211,211,211,211],"floor_reached":16,"playtime":574,"items_purged":[],"score":192,"play_id":"3c07a66b-709b-42a6-b8c4-492d27636f55","local_time":"20190308151045","is_ascension_mode":true,"campfire_choices":[{"data":"Neutralize","floor":6,"key":"SMITH"},{"floor":12,"key":"REST"},{"floor":15,"key":"REST"}],"neow_cost":"NONE","seed_source_timestamp":123577353681023,"circlet_count":0,"master_deck":["AscendersBane","Defend_G","Defend_G","Defend_G","Defend_G","Defend_G","Strike_G","Strike_G","Strike_G","Strike_G","Strike_G","Survivor","Neutralize+1","Poisoned Stab+1","PiercingWail","Dodge and Roll","Terror","Caltrops","Dagger Spray","Blade Dance"],"relics":["Ring of the Snake","Paper Crane"],"potions_floor_usage":[7,10,16],"damage_taken":[{"damage":17,"enemies":"Cultist","floor":1,"turns":6},{"damage":7,"enemies":"2 Louse","floor":2,"turns":3},{"damage":3,"enemies":"Jaw Worm","floor":5,"turns":5},{"damage":5,"enemies":"Gremlin Gang","floor":7,"turns":3},{"damage":3,"enemies":"Blue Slaver","floor":8,"turns":4},{"damage":17,"enemies":"Exordium Wildlife","floor":10,"turns":5},{"damage":11,"enemies":"Large Slime","floor":11,"turns":9},{"damage":2,"enemies":"Blue Slaver","floor":13,"turns":4},{"damage":39,"enemies":"Slime Boss","floor":16,"turns":8}],"seed_played":"7764548019602237881","potions_obtained":[{"floor":1,"key":"SkillPotion"},{"floor":2,"key":"Fire Potion"},{"floor":10,"key":"Swift Potion"}],"is_trial":false,"path_per_floor":["M","M","?","?","M","R","M","M","T","M","M","R","M","?","R","B"],"character_chosen":"THE_SILENT","items_purchased":[],"campfire_rested":2,"item_purchase_floors":[],"current_hp_per_floor":[48,41,41,41,38,38,33,30,30,13,2,23,21,21,42,3],"gold":211,"neow_bonus":"TEN_PERCENT_HP_BONUS","is_prod":false,"is_daily":false,"chose_seed":false,"campfire_upgraded":1,"win_rate":0,"timestamp":1552025445,"path_taken":["M","?","?","?","M","R","M","M","T","M","M","R","M","?","R","BOSS"],"build_version":"2019-01-23","purchased_purges":0,"victory":false,"max_hp_per_floor":[72,72,72,72,72,72,72,72,72,72,72,72,72,72,72,72],"card_choices":[{"not_picked":["Heel Hook","Underhanded Strike"],"picked":"Poisoned Stab","floor":1},{"not_picked":["Calculated Gamble","Distraction","Slice"],"picked":"SKIP","floor":2},{"not_picked":["Sucker Punch","Eviscerate"],"picked":"PiercingWail","floor":5},{"not_picked":["Sucker Punch","Bane"],"picked":"Dodge and Roll","floor":7},{"not_picked":["Endless Agony","Cloak And Dagger"],"picked":"Terror","floor":8},{"not_picked":["Concentrate","Outmaneuver"],"picked":"Caltrops","floor":10},{"not_picked":["Doppelganger","Deflect"],"picked":"Dagger Spray","floor":11},{"not_picked":["Prepared","Acrobatics"],"picked":"Blade Dance","floor":13}],"player_experience":649800,"relics_obtained":[{"floor":9,"key":"Paper Crane"}],"event_choices":[{"damage_healed":0,"gold_gain":0,"player_choice":"Ignored","damage_taken":0,"max_hp_gain":0,"max_hp_loss":0,"event_name":"Liars Game","floor":3,"gold_loss":0},{"damage_healed":0,"gold_gain":0,"player_choice":"Grow","damage_taken":0,"max_hp_gain":0,"max_hp_loss":0,"event_name":"Living Wall","floor":4,"gold_loss":0,"cards_upgraded":["Poisoned Stab"]},{"damage_healed":0,"gold_gain":0,"player_choice":"Ignored","damage_taken":0,"max_hp_gain":0,"max_hp_loss":0,"event_name":"Shining Light","floor":14,"gold_loss":0}],"is_beta":false,"boss_relics":[],"items_purged_floors":[],"is_endless":false,"potions_floor_spawned":[1,2,10],"killed_by":"Slime Boss","ascension_level":20}