{"gold_per_floor":[117,292,312,327,252,252,267,267,318,318,332,358,358,374,374,374],"floor_reached":16,"playtime":562,"items_purged":["Doubt"],"score":92,"play_id":"b6ba27ab-6576-40bb-ae09-49bb45d35d8c","local_time":"20180930042947","is_ascension_mode":false,"campfire_choices":[{"data":"Shrug It Off","floor":6,"key":"SMITH"},{"data":"Defend_R","floor":13,"key":"SMITH"},{"data":"Defend_R","floor":15,"key":"SMITH"}],"neow_cost":"TEN_PERCENT_HP_LOSS","seed_source_timestamp":18090525959396,"circlet_count":0,"master_deck":["Strike_R","Strike_R","Strike_R","Strike_R","Defend_R+1","Defend_R","Defend_R+1","Bash","Body Slam+1","Shrug It Off+1"],"relics":["Burning Blood","Blood Vial","Bronze Scales","Lantern"],"potions_floor_usage":[16],"damage_taken":[{"damage":1,"enemies":"2 Louse","floor":1,"turns":2},{"damage":11,"enemies":"Jaw Worm","floor":3,"turns":4},{"damage":5,"enemies":"Cultist","floor":4,"turns":4},{"damage":10,"enemies":"Blue Slaver","floor":7,"turns":4},{"damage":6,"enemies":"Exordium Wildlife","floor":11,"turns":4},{"damage":0,"enemies":"Looter","floor":14,"turns":3},{"damage":87,"enemies":"Slime Boss","floor":16,"turns":10}],"seed_played":"7760025884340389312","potions_obtained":[{"floor":3,"key":"PowerPotion"},{"floor":7,"key":"Block Potion"}],"is_trial":false,"path_per_floor":["M","?","M","M","$","R","M","?","T","?","M","T","R","M","R"],"character_chosen":"IRONCLAD","items_purchased":[],"campfire_rested":0,"item_purchase_floors":[],"current_hp_per_floor":[72,72,67,68,68,68,64,61,61,61,63,63,63,71,71,0],"gold":374,"neow_bonus":"REMOVE_TWO","is_prod":false,"is_daily":false,"chose_seed":false,"campfire_upgraded":3,"win_rate":0,"timestamp":1538252987,"path_taken":["M","?","M","?","$","R","M","?","T","?","M","?","R","M","R","BOSS"],"build_version":"2018-09-27","purchased_purges":1,"victory":false,"max_hp_per_floor":[72,72,72,72,72,72,72,72,72,72,72,72,72,72,72,72],"card_choices":[{"not_picked":["Flame Barrier","Shrug It Off"],"picked":"Body Slam","floor":1},{"not_picked":["Iron Wave","Spot Weakness","Twin Strike"],"picked":"SKIP","floor":3},{"not_picked":["Havoc","Twin Strike"],"picked":"Shrug It Off","floor":4},{"not_picked":["Immolate","Rage","Dual Wield"],"picked":"SKIP","floor":7},{"not_picked":["Intimidate","Body Slam","Clash"],"picked":"SKIP","floor":11},{"not_picked":["Blood for Blood","Fire Breathing","Combust"],"picked":"SKIP","floor":14}],"player_experience":353247,"relics_obtained":[{"floor":9,"key":"Bronze Scales"},{"floor":12,"key":"Lantern"}],"event_choices":[{"event_name":"Liars Game","player_choice":"agreed","floor":2,"damage_taken":0},{"event_name":"Scrap Ooze","player_choice":"success","floor":8,"damage_taken":3},{"event_name":"Living Wall","player_choice":"Grow","floor":10,"damage_taken":0}],"is_beta":false,"boss_relics":[],"items_purged_floors":[5],"is_endless":false,"potions_floor_spawned":[3,7],"killed_by":"Slime Boss","ascension_level":0}