{"gold_per_floor":[111,126,142,74,24,53,63,63,63,90,90,110,110,123,123,223,223,235,235,252,252,252,252,24,43,68,68,32,42,42,68,68,167,167,181,195,121,136,155,184,184,217,243,243,262,262,262,277,277,277],"floor_reached":50,"playtime":4301,"items_purged":["Eviscerate"],"score":798,"play_id":"f44f8ca7-5a4d-4c12-a20a-5713316cc257","local_time":"20181216200406","is_ascension_mode":true,"campfire_choices":[{"data":"Adrenaline","floor":8,"key":"SMITH"},{"data":"Footwork","floor":11,"key":"SMITH"},{"floor":15,"key":"REST"},{"data":"Adrenaline","floor":23,"key":"SMITH"},{"data":"Malaise","floor":30,"key":"SMITH"},{"data":"Noxious Fumes","floor":32,"key":"SMITH"},{"data":"Bouncing Flask","floor":41,"key":"SMITH"},{"data":"Noxious Fumes","floor":44,"key":"SMITH"},{"data":"Bouncing Flask","floor":46,"key":"SMITH"},{"data":"Adrenaline","floor":49,"key":"SMITH"}],"neow_cost":"NONE","seed_source_timestamp":263760506634711,"circlet_count":0,"master_deck":["AscendersBane","Survivor","Neutralize+1","Dagger Throw","Leg Sweep","Slice","Footwork+1","Adrenaline+1","Backstab","Slice","Cloak And Dagger","PiercingWail","Adrenaline+1","Noxious Fumes+1","Bouncing Flask+1","Dagger Throw","Backstab","Infinite Blades","Quick Slash","PiercingWail+1","Backflip","Noxious Fumes+1","Malaise+1","Adrenaline+1","Dagger Spray","Bouncing Flask+1","Glass Knife","Bane+1"],"relics":["Ring of the Snake","Shuriken","Kunai","Pear","Pandora\u0027s Box","Bird Faced Urn","Bag of Marbles","Anchor","Letter Opener","Empty Cage","Boot","Pen Nib","Orichalcum"],"potions_floor_usage":[6,6,7,7,10,16,20,31,33,33,35,39,40,48],"damage_taken":[{"damage":7,"enemies":"Small Slimes","floor":1,"turns":4},{"damage":2,"enemies":"Jaw Worm","floor":2,"turns":4},{"damage":1,"enemies":"2 Louse","floor":3,"turns":4},{"damage":1,"enemies":"Lagavulin","floor":6,"turns":9},{"damage":5,"enemies":"Lots of Slimes","floor":7,"turns":4},{"damage":3,"enemies":"3 Sentries","floor":10,"turns":6},{"damage":0,"enemies":"Exordium Thugs","floor":12,"turns":5},{"damage":3,"enemies":"Blue Slaver","floor":14,"turns":3},{"damage":4,"enemies":"The Guardian","floor":16,"turns":13},{"damage":19,"enemies":"2 Thieves","floor":18,"turns":3},{"damage":1,"enemies":"Spheric Guardian","floor":20,"turns":3},{"damage":0,"enemies":"Snake Plant","floor":25,"turns":4},{"damage":5,"enemies":"Shelled Parasite and Fungi","floor":29,"turns":6},{"damage":4,"enemies":"Gremlin Leader","floor":31,"turns":5},{"damage":9,"enemies":"Champ","floor":33,"turns":11},{"damage":4,"enemies":"3 Darklings","floor":35,"turns":4},{"damage":0,"enemies":"Orb Walker","floor":36,"turns":2},{"damage":0,"enemies":"3 Darklings","floor":38,"turns":4},{"damage":15,"enemies":"Maw","floor":39,"turns":7},{"damage":6,"enemies":"Nemesis","floor":40,"turns":7},{"damage":31,"enemies":"Reptomancer","floor":42,"turns":7},{"damage":0,"enemies":"4 Shapes","floor":45,"turns":3},{"damage":0,"enemies":"Transient","floor":48,"turns":5},{"damage":74,"enemies":"Time Eater","floor":50,"turns":11}],"seed_played":"5713969466194010400","potions_obtained":[{"floor":0,"key":"SkillPotion"},{"floor":0,"key":"AttackPotion"},{"floor":0,"key":"LiquidBronze"},{"floor":3,"key":"Ancient Potion"},{"floor":6,"key":"Strength Potion"},{"floor":7,"key":"SteroidPotion"},{"floor":10,"key":"SkillPotion"},{"floor":18,"key":"Swift Potion"},{"floor":19,"key":"GhostInAJar"},{"floor":19,"key":"SpeedPotion"},{"floor":19,"key":"Regen Potion"},{"floor":20,"key":"Poison Potion"},{"floor":29,"key":"Regen Potion"},{"floor":33,"key":"Block Potion"},{"floor":35,"key":"Regen Potion"},{"floor":36,"key":"Fire Potion"}],"is_trial":false,"path_per_floor":["M","M","M","$","?","E","M","R","T","E","R","M","?","M","R","B",null,"M","?","M","T","?","R","$","M","T","?","$","M","R","E","R","B",null,"M","M","$","M","M","E","R","E","T","R","M","R","?","M","R","B"],"character_chosen":"THE_SILENT","items_purchased":["Footwork","Bag of Marbles","Noxious Fumes","GhostInAJar"],"campfire_rested":1,"item_purchase_floors":[4,24,28,37],"current_hp_per_floor":[56,54,53,53,53,52,47,47,47,54,54,54,54,51,75,71,78,59,59,67,67,67,67,67,69,69,69,69,70,70,77,77,74,79,76,76,76,80,80,78,78,51,51,51,57,57,57,63,63,0],"gold":277,"neow_bonus":"THREE_SMALL_POTIONS","is_prod":false,"is_daily":false,"chose_seed":false,"campfire_upgraded":9,"win_rate":0,"timestamp":1545012246,"path_taken":["M","M","M","$","?","E","M","R","T","E","R","M","?","?","R","BOSS","M","?","?","?","?","R","$","M","T","?","$","M","R","E","R","BOSS","M","M","$","M","M","E","R","E","T","R","M","R","?","M","R","BOSS"],"build_version":"2018-12-13","purchased_purges":1,"victory":false,"max_hp_per_floor":[70,70,70,70,70,70,70,70,70,80,80,80,80,80,80,80,80,80,80,80,80,80,80,80,80,80,80,80,80,80,80,80,80,80,80,80,80,80,80,80,80,80,80,80,80,80,80,80,80,80],"card_choices":[{"not_picked":["Escape Plan","PiercingWail"],"picked":"Dagger Throw","floor":1},{"not_picked":["Deflect","All Out Attack"],"picked":"Leg Sweep","floor":2},{"not_picked":["Reflex","Blade Dance"],"picked":"Slice","floor":3},{"not_picked":["Malaise","Dagger Spray"],"picked":"Adrenaline","floor":6},{"not_picked":["Outmaneuver","Cloak And Dagger"],"picked":"Backstab","floor":7},{"not_picked":["Acrobatics","Leg Sweep"],"picked":"Slice","floor":10},{"not_picked":["Bane","PiercingWail"],"picked":"Cloak And Dagger","floor":12},{"not_picked":["Quick Slash","Eviscerate"],"picked":"PiercingWail","floor":14},{"not_picked":["Grand Finale","A Thousand Cuts"],"picked":"Adrenaline","floor":16},{"not_picked":["Deflect","Poisoned Stab"],"picked":"PiercingWail+1","floor":18},{"not_picked":["Bane","Deadly Poison"],"picked":"Backflip","floor":20},{"not_picked":["Skewer","All Out Attack","Underhanded Strike"],"picked":"SKIP","floor":25},{"not_picked":["Predator","Eviscerate+1"],"picked":"Malaise","floor":29},{"not_picked":["Setup+1","Blade Dance+1","Eviscerate"],"picked":"SKIP","floor":31},{"not_picked":["Corpse Explosion","Phantasmal Killer"],"picked":"Adrenaline","floor":33},{"not_picked":["Flying Knee+1","Dash+1"],"picked":"Dagger Spray","floor":35},{"not_picked":["Backflip","Quick Slash","Masterful Stab+1"],"picked":"SKIP","floor":36},{"not_picked":["Riddle With Holes","Expertise"],"picked":"Bouncing Flask","floor":38},{"not_picked":["Flying Knee+1","Blade Dance","Quick Slash"],"picked":"SKIP","floor":39},{"not_picked":["Dagger Spray","Die Die Die"],"picked":"Glass Knife","floor":40},{"not_picked":["Heel Hook","Flying Knee+1","Underhanded Strike+1"],"picked":"SKIP","floor":42},{"not_picked":["Deadly Poison","Reflex","Poisoned Stab"],"picked":"SKIP","floor":45},{"not_picked":["Sucker Punch","PiercingWail"],"picked":"Bane+1","floor":48}],"player_experience":321040,"relics_obtained":[{"floor":6,"key":"Shuriken"},{"floor":9,"key":"Kunai"},{"floor":10,"key":"Pear"},{"floor":21,"key":"Bird Faced Urn"},{"floor":26,"key":"Anchor"},{"floor":31,"key":"Letter Opener"},{"floor":40,"key":"Boot"},{"floor":42,"key":"Pen Nib"},{"floor":43,"key":"Orichalcum"}],"event_choices":[{"cards_removed":["Strike_G"],"damage_healed":0,"gold_gain":0,"player_choice":"Card Removal","damage_taken":0,"max_hp_gain":0,"max_hp_loss":0,"event_name":"The Cleric","floor":5,"gold_loss":50},{"damage_healed":0,"gold_gain":0,"player_choice":"Grow","damage_taken":0,"max_hp_gain":0,"max_hp_loss":0,"event_name":"Living Wall","floor":13,"gold_loss":0,"cards_upgraded":["Neutralize"]},{"damage_healed":0,"gold_gain":0,"player_choice":"Got Potions","damage_taken":0,"max_hp_gain":0,"max_hp_loss":0,"event_name":"Lab","floor":19,"gold_loss":0},{"damage_healed":0,"gold_gain":0,"player_choice":"Ignored","damage_taken":0,"max_hp_gain":0,"max_hp_loss":0,"event_name":"Vampires","floor":22,"gold_loss":0},{"damage_healed":0,"gold_gain":0,"player_choice":"Ignored","damage_taken":0,"max_hp_gain":0,"max_hp_loss":0,"event_name":"The Mausoleum","floor":27,"gold_loss":0},{"damage_healed":0,"gold_gain":0,"player_choice":"Ignored","damage_taken":0,"max_hp_gain":0,"max_hp_loss":0,"event_name":"Transmorgrifier","floor":47,"gold_loss":0}],"is_beta":false,"boss_relics":[{"not_picked":["Velvet Choker","Calling Bell"],"picked":"Pandora\u0027s Box"},{"not_picked":["Orrery","Black Star"],"picked":"Empty Cage"}],"items_purged_floors":[24],"is_endless":false,"potions_floor_spawned":[3,6,7,10,18,20,29,33,35,36],"killed_by":"Time Eater","ascension_level":10}