{"gold_per_floor":[116,132,146,160,175,208,208,224,251,279,294,294,306,340,340,413,413,430,480,480,493,313,313,313,348,348,367,66,81,108,122,122,196,196,206,206,259,0,0,0,10,10,10,10,0,0,0,100,100,100],"floor_reached":51,"playtime":1744,"items_purged":["Doubt"],"score":1344,"play_id":"d8b5ad36-ba11-4ed7-bb8d-ffa6f3bb8d8b","local_time":"20190327194710","is_ascension_mode":true,"campfire_choices":[{"floor":7,"key":"REST"},{"floor":12,"key":"REST"},{"data":"Rainbow","floor":15,"key":"SMITH"},{"data":"Multi-Cast","floor":23,"key":"SMITH"},{"floor":32,"key":"REST"},{"floor":40,"key":"REST"},{"floor":42,"key":"REST"},{"floor":44,"key":"REST"},{"floor":49,"key":"REST"}],"neow_cost":"NONE","seed_source_timestamp":5339969551602,"circlet_count":0,"master_deck":["AscendersBane","Defend_B","Defend_B","Defend_B","Defend_B","Zap","Dualcast","Go for the Eyes","Ball Lightning","Compile Driver","Sweeping Beam","Cold Snap","FTL","Capacitor","Multi-Cast+1","Hologram","Self Repair","Rainbow+1","Biased Cognition","Seek","Undo","Sunder","Loop+1","Secret Technique","Leap","Electrodynamics","Darkness+1","Darkness+1","Hologram+1","Defragment","Multi-Cast+1","PanicButton+1","Jack Of All Trades+1","Aggregate+1","Normality"],"relics":["Cracked Core","Symbiotic Virus","PreservedInsect","Mercury Hourglass","Bag of Marbles","Cursed Key","Happy Flower","Toxic Egg 2","Lee\u0027s Waffle","WingedGreaves","Empty Cage","Du-Vu Doll","Prayer Wheel","Red Mask","Gambling Chip"],"potions_floor_usage":[4,10,16,37,50,50],"damage_taken":[{"damage":0,"enemies":"Cultist","floor":1,"turns":3},{"damage":3,"enemies":"Small Slimes","floor":2,"turns":2},{"damage":4,"enemies":"Jaw Worm","floor":3,"turns":2},{"damage":12,"enemies":"Large Slime","floor":4,"turns":4},{"damage":1,"enemies":"Blue Slaver","floor":5,"turns":3},{"damage":25,"enemies":"Gremlin Nob","floor":6,"turns":4},{"damage":11,"enemies":"Gremlin Gang","floor":8,"turns":3},{"damage":9,"enemies":"3 Sentries","floor":10,"turns":4},{"damage":0,"enemies":"2 Fungi Beasts","floor":11,"turns":2},{"damage":0,"enemies":"Large Slime","floor":13,"turns":3},{"damage":0,"enemies":"Gremlin Nob","floor":14,"turns":2},{"damage":32,"enemies":"The Guardian","floor":16,"turns":7},{"damage":24,"enemies":"2 Thieves","floor":18,"turns":3},{"damage":0,"enemies":"3 Byrds","floor":21,"turns":3},{"damage":16,"enemies":"Slavers","floor":25,"turns":2},{"damage":13,"enemies":"Snecko","floor":27,"turns":3},{"damage":0,"enemies":"Cultist and Chosen","floor":29,"turns":4},{"damage":19,"enemies":"Book of Stabbing","floor":30,"turns":4},{"damage":15,"enemies":"Shelled Parasite and Fungi","floor":31,"turns":3},{"damage":57,"enemies":"Automaton","floor":33,"turns":7},{"damage":5,"enemies":"Orb Walker","floor":35,"turns":2},{"damage":49,"enemies":"2 Orb Walkers","floor":37,"turns":3},{"damage":24,"enemies":"3 Darklings","floor":41,"turns":3},{"damage":0,"enemies":"Mind Bloom Boss Battle","floor":48,"turns":5},{"damage":62,"enemies":"Time Eater","floor":50,"turns":7}],"seed_played":"-8567395350328963718","potions_obtained":[{"floor":1,"key":"Energy Potion"},{"floor":2,"key":"EssenceOfSteel"},{"floor":10,"key":"LiquidBronze"},{"floor":13,"key":"Swift Potion"},{"floor":25,"key":"Dexterity Potion"},{"floor":48,"key":"FearPotion"}],"is_trial":false,"path_per_floor":["M","M","M","M","M","E","R","M","T","E","M","R","M","E","R","B",null,"M","?","?","M","$","R","?","E","T","M","$","M","E","M","R","B",null,"M","?","?","$","?","R","M","R","T","R","?","?","$","?","R","B",null],"character_chosen":"DEFECT","items_purchased":["Secret Technique","Lee\u0027s Waffle","Multi-Cast+1","PanicButton+1"],"campfire_rested":7,"item_purchase_floors":[22,28,38,38],"current_hp_per_floor":[64,61,57,45,44,19,40,29,29,20,20,41,48,55,55,30,61,37,37,37,44,44,44,58,42,42,29,78,78,59,44,67,17,63,58,58,9,9,9,31,7,29,29,51,51,51,51,58,74,19],"gold":100,"neow_bonus":"THREE_CARDS","is_prod":false,"is_daily":false,"chose_seed":false,"campfire_upgraded":2,"win_rate":0,"timestamp":1553734030,"path_taken":["M","M","?","M","M","E","R","M","T","E","M","R","M","E","R","BOSS","M","?","?","M","$","R","?","E","T","M","?","?","E","?","R","BOSS","M","?","?","$","?","R","?","R","T","R","?","?","$","?","R","BOSS"],"build_version":"2019-01-23","purchased_purges":1,"victory":true,"max_hp_per_floor":[71,71,71,71,71,71,71,71,71,71,71,71,71,71,71,71,71,71,71,71,71,71,71,71,71,71,71,78,78,78,78,78,78,78,78,74,74,74,74,74,74,74,74,74,74,74,74,74,74,74],"card_choices":[{"not_picked":["Stack","Barrage"],"picked":"Go for the Eyes","floor":0},{"not_picked":["Darkness","Cold Snap"],"picked":"Ball Lightning","floor":1},{"not_picked":["Go for the Eyes","Hologram"],"picked":"Compile Driver","floor":2},{"not_picked":["Fusion","FTL"],"picked":"Sweeping Beam","floor":3},{"not_picked":["Skim","Steam"],"picked":"Cold Snap","floor":4},{"not_picked":["Cold Snap","Beam Cell"],"picked":"FTL","floor":5},{"not_picked":["Coolheaded","Cold Snap"],"picked":"Capacitor","floor":6},{"not_picked":["Redo","Steam"],"picked":"Multi-Cast","floor":8},{"not_picked":["Turbo","Stack"],"picked":"Hologram","floor":10},{"not_picked":["Streamline","Stack"],"picked":"Self Repair","floor":11},{"not_picked":["Self Repair","Go for the Eyes"],"picked":"Rainbow","floor":13},{"not_picked":["Beam Cell","Gash"],"picked":"Biased Cognition","floor":14},{"not_picked":["Buffer","Hyperbeam"],"picked":"Seek","floor":16},{"not_picked":["FTL","Rebound"],"picked":"Undo","floor":18},{"not_picked":["Conserve Battery+1","Redo"],"picked":"Loop+1","floor":21},{"not_picked":["Melter","Aggregate"],"picked":"Leap","floor":25},{"not_picked":["Sweeping Beam","Heatsinks","Barrage"],"picked":"SKIP","floor":27},{"not_picked":["Reprogram+1","Static Discharge"],"picked":"Electrodynamics","floor":29},{"not_picked":["Rebound","Leap+1"],"picked":"Darkness+1","floor":30},{"not_picked":["Ball Lightning","Melter"],"picked":"Darkness+1","floor":31},{"not_picked":["Beam Cell+1","Streamline+1"],"picked":"Hologram+1","floor":35},{"not_picked":["Static Discharge","Hologram+1"],"picked":"Defragment","floor":37},{"not_picked":["Violence+1","Secret Weapon+1"],"picked":"Jack Of All Trades+1","floor":39},{"not_picked":["Steam+1","Self Repair"],"picked":"Aggregate+1","floor":41}],"player_experience":1168272,"relics_obtained":[{"floor":6,"key":"Symbiotic Virus"},{"floor":9,"key":"PreservedInsect"},{"floor":10,"key":"Mercury Hourglass"},{"floor":14,"key":"Bag of Marbles"},{"floor":25,"key":"Happy Flower"},{"floor":26,"key":"Toxic Egg 2"},{"floor":30,"key":"WingedGreaves"},{"floor":37,"key":"Du-Vu Doll"},{"floor":43,"key":"Prayer Wheel"},{"floor":48,"key":"Gambling Chip"}],"event_choices":[{"damage_healed":0,"gold_gain":50,"player_choice":"Stole From Cult","damage_taken":0,"max_hp_gain":0,"max_hp_loss":0,"event_name":"Nest","floor":19,"gold_loss":0},{"damage_healed":0,"gold_gain":0,"cards_transformed":["Strike_B","Strike_B"],"player_choice":"Became Test Subject","damage_taken":0,"max_hp_gain":0,"max_hp_loss":0,"event_name":"Drug Dealer","floor":20,"gold_loss":0,"cards_obtained":["Sunder","Doom and Gloom"]},{"damage_healed":14,"gold_gain":0,"player_choice":"Heal","damage_taken":0,"max_hp_gain":0,"max_hp_loss":0,"event_name":"The Library","floor":24,"gold_loss":0},{"damage_healed":0,"gold_gain":0,"player_choice":"Max HP","damage_taken":0,"max_hp_gain":0,"max_hp_loss":4,"event_name":"Winding Halls","floor":36,"gold_loss":0},{"damage_healed":0,"gold_gain":0,"player_choice":"Fight","damage_taken":0,"max_hp_gain":0,"max_hp_loss":0,"event_name":"Mysterious Sphere","floor":37,"gold_loss":0},{"damage_healed":0,"gold_gain":0,"player_choice":"Memory 1","damage_taken":0,"max_hp_gain":0,"max_hp_loss":0,"event_name":"SensoryStone","floor":39,"gold_loss":0},{"damage_healed":0,"gold_gain":0,"player_choice":"Paid","damage_taken":0,"relics_obtained":["Red Mask"],"max_hp_gain":0,"max_hp_loss":0,"event_name":"Tomb of Lord Red Mask","floor":45,"gold_loss":10},{"cards_removed":["Doom and Gloom"],"damage_healed":0,"gold_gain":0,"player_choice":"Removed Attack","damage_taken":0,"max_hp_gain":0,"max_hp_loss":0,"event_name":"Falling","floor":46,"gold_loss":0},{"damage_healed":0,"gold_gain":0,"player_choice":"Fight","damage_taken":0,"max_hp_gain":0,"max_hp_loss":0,"event_name":"MindBloom","floor":48,"gold_loss":0}],"is_beta":false,"boss_relics":[{"not_picked":["Eternal Feather","White Beast Statue"],"picked":"Cursed Key"},{"not_picked":["Philosopher\u0027s Stone","Calling Bell"],"picked":"Empty Cage"}],"items_purged_floors":[28],"is_endless":false,"potions_floor_spawned":[1,2,3,10,13,14,25,29,31,48],"ascension_level":16}