{"gold_per_floor":[117,217,231,243,256,256,267,296,378,408,408,408,408,103,103,202,202,219,219,203,203,203,232,157,157,157,57,69,99,112,0,0,105,105,115,115,127,59,79,111,128,128,128,141,141,154,165,183,183,183],"floor_reached":51,"playtime":3507,"items_purged":["Writhe","Backflip"],"score":904,"play_id":"f78316b4-961e-411b-bda1-735cc8ddb9c1","local_time":"20190130211932","daily_mods":["SealedDeck"],"is_ascension_mode":false,"campfire_choices":[{"data":"Deadly Poison","floor":6,"key":"SMITH"},{"data":"Footwork","floor":11,"key":"SMITH"},{"data":"Footwork","floor":13,"key":"SMITH"},{"data":"Crippling Poison","floor":15,"key":"SMITH"},{"data":"Bane","floor":25,"key":"SMITH"},{"data":"Blur","floor":32,"key":"SMITH"},{"data":"Deadly Poison","floor":42,"key":"SMITH"},{"floor":49,"key":"REST"}],"neow_cost":"","seed_source_timestamp":263535289562820,"circlet_count":0,"master_deck":["Escape Plan","Blur+1","Bouncing Flask","Deadly Poison+1","Leg Sweep","Crippling Poison+1","Footwork+1","Footwork+1","Deflect","Bane+1","Deflect","Deflect","PiercingWail","Bane+1","Bane+1","Deadly Poison+1","Deadly Poison+1","Deflect","Deadly Poison+1","Parasite","Footwork+1"],"relics":["Ring of the Snake","Strawberry","Frozen Egg 2","Turnip","Incense Burner","Lizard Tail","PreservedInsect","Nilry\u0027s Codex","Ninja Scroll","Bottled Tornado","Regal Pillow","Cursed Key","Juzu Bracelet"],"potions_floor_usage":[16,23,50,50],"damage_taken":[{"damage":0,"enemies":"Cultist","floor":1,"turns":3},{"damage":1,"enemies":"2 Louse","floor":3,"turns":2},{"damage":3,"enemies":"Jaw Worm","floor":4,"turns":4},{"damage":5,"enemies":"Looter","floor":5,"turns":3},{"damage":0,"enemies":"Blue Slaver","floor":7,"turns":3},{"damage":15,"enemies":"Gremlin Nob","floor":8,"turns":5},{"damage":0,"enemies":"Lagavulin","floor":10,"turns":5},{"damage":0,"enemies":"Slime Boss","floor":16,"turns":15},{"damage":9,"enemies":"3 Byrds","floor":18,"turns":4},{"damage":0,"enemies":"2 Thieves","floor":20,"turns":4},{"damage":1,"enemies":"Gremlin Leader","floor":23,"turns":5},{"damage":0,"enemies":"Centurion and Healer","floor":28,"turns":5},{"damage":2,"enemies":"Book of Stabbing","floor":29,"turns":5},{"damage":0,"enemies":"Cultist and Chosen","floor":30,"turns":6},{"damage":1,"enemies":"Champ","floor":33,"turns":16},{"damage":0,"enemies":"3 Shapes","floor":35,"turns":5},{"damage":0,"enemies":"3 Darklings","floor":37,"turns":5},{"damage":18,"enemies":"Spire Growth","floor":39,"turns":4},{"damage":0,"enemies":"Nemesis","floor":40,"turns":5},{"damage":0,"enemies":"Maw","floor":41,"turns":6},{"damage":0,"enemies":"Transient","floor":44,"turns":5},{"damage":0,"enemies":"Writhing Mass","floor":46,"turns":5},{"damage":23,"enemies":"Sphere and 2 Shapes","floor":47,"turns":4},{"damage":5,"enemies":"Transient","floor":48,"turns":5},{"damage":28,"enemies":"Donu and Deca","floor":50,"turns":12}],"seed_played":"-8083377269595736860","potions_obtained":[{"floor":4,"key":"Explosive Potion"},{"floor":5,"key":"SmokeBomb"},{"floor":7,"key":"Block Potion"},{"floor":20,"key":"Ancient Potion"},{"floor":28,"key":"Dexterity Potion"}],"is_trial":true,"path_per_floor":["M","?","M","M","M","R","M","E","T","E","R","$","R","$","R","B",null,"M","?","M","?","?","E","$","R","T","$","M","E","M","?","R","B",null,"M","?","M","$","M","E","M","R","T","M","$","M","M","M","R","B",null],"character_chosen":"THE_SILENT","items_purchased":["Incense Burner","Deadly Poison","Deflect"],"campfire_rested":1,"item_purchase_floors":[14,38,38],"current_hp_per_floor":[70,70,69,66,61,61,61,53,53,53,53,53,53,53,53,53,77,68,68,68,68,52,51,51,51,51,51,51,49,49,49,49,48,77,77,77,77,77,59,59,59,59,59,59,59,59,36,31,69,41],"gold":183,"neow_bonus":"","is_prod":false,"is_daily":false,"chose_seed":false,"campfire_upgraded":7,"win_rate":0,"timestamp":1548879572,"path_taken":["M","?","?","M","M","R","M","E","T","E","R","$","R","$","R","BOSS","M","?","?","?","?","E","$","R","T","?","M","E","?","?","R","BOSS","M","?","M","$","M","E","M","R","T","M","$","M","M","M","R","BOSS"],"build_version":"2019-01-23","purchased_purges":2,"victory":true,"max_hp_per_floor":[70,70,70,70,70,70,70,77,77,77,77,77,77,77,77,77,77,77,77,77,77,77,77,77,77,77,77,77,77,77,77,77,77,77,77,77,77,77,77,77,77,77,77,77,77,77,77,77,77,77],"card_choices":[{"not_picked":["Slice","Deadly Poison"],"picked":"Bane","floor":1},{"not_picked":["Skewer","Poisoned Stab"],"picked":"Blur","floor":3},{"not_picked":["Blade Dance","Dagger Spray","Backflip"],"picked":"SKIP","floor":4},{"not_picked":["Blade Dance","After Image"],"picked":"Deflect","floor":5},{"not_picked":["Dagger Throw","Reflex"],"picked":"Deflect","floor":7},{"not_picked":["Flechettes","PiercingWail","Flying Knee"],"picked":"SKIP","floor":8},{"not_picked":["Dagger Spray","Crippling Poison"],"picked":"PiercingWail","floor":10},{"not_picked":["Dagger Spray","Dagger Throw","Tactician+1"],"picked":"SKIP","floor":18},{"not_picked":["Cloak And Dagger+1","Masterful Stab"],"picked":"Bane+1","floor":20},{"not_picked":["Caltrops+1","Escape Plan+1","Sucker Punch+1"],"picked":"SKIP","floor":23},{"not_picked":["Poisoned Stab","Underhanded Strike+1","Predator"],"picked":"SKIP","floor":28},{"not_picked":["PiercingWail","Storm of Steel"],"picked":"Bane+1","floor":29},{"not_picked":["Slice","Blade Dance","Well Laid Plans+1"],"picked":"SKIP","floor":30},{"not_picked":["Riddle With Holes+1","Reflex+1","Outmaneuver+1"],"picked":"SKIP","floor":35},{"not_picked":["Backflip+1","Blade Dance"],"picked":"Deadly Poison+1","floor":37},{"not_picked":["Backstab+1","PiercingWail+1","Cloak And Dagger"],"picked":"SKIP","floor":39},{"not_picked":["All Out Attack","Bane","Slice"],"picked":"SKIP","floor":40},{"not_picked":["Caltrops+1","Slice+1","Heel Hook"],"picked":"SKIP","floor":41},{"not_picked":["Accuracy+1","Predator"],"picked":"Deadly Poison+1","floor":44},{"not_picked":["Adrenaline","Flying Knee+1","Blade Dance"],"picked":"SKIP","floor":46},{"not_picked":["Tactician+1","Poisoned Stab"],"picked":"Footwork+1","floor":47},{"not_picked":["Dagger Throw+1","Skewer","Infinite Blades+1"],"picked":"SKIP","floor":48}],"player_experience":310215,"relics_obtained":[{"floor":8,"key":"Strawberry"},{"floor":9,"key":"Frozen Egg 2"},{"floor":10,"key":"Turnip"},{"floor":22,"key":"Nilry\u0027s Codex"},{"floor":23,"key":"Ninja Scroll"},{"floor":26,"key":"Bottled Tornado"},{"floor":29,"key":"Regal Pillow"},{"floor":40,"key":"Juzu Bracelet"}],"event_choices":[{"damage_healed":0,"gold_gain":100,"player_choice":"Pray","damage_taken":0,"max_hp_gain":0,"max_hp_loss":0,"event_name":"Golden Shrine","floor":2,"gold_loss":0},{"damage_healed":0,"gold_gain":0,"player_choice":"Ignored","damage_taken":0,"max_hp_gain":0,"max_hp_loss":0,"event_name":"NoteForYourself","floor":19,"gold_loss":0},{"damage_healed":0,"gold_gain":0,"player_choice":"Opened","damage_taken":0,"relics_obtained":["PreservedInsect"],"max_hp_gain":0,"max_hp_loss":0,"event_name":"The Mausoleum","floor":21,"gold_loss":0,"cards_obtained":["Writhe"]},{"damage_healed":0,"gold_gain":0,"player_choice":"Obtained Book","damage_taken":16,"max_hp_gain":0,"max_hp_loss":0,"event_name":"Cursed Tome","floor":22,"gold_loss":0},{"damage_healed":0,"gold_gain":0,"player_choice":"Paid Fearfully","damage_taken":0,"max_hp_gain":0,"max_hp_loss":0,"event_name":"Masked Bandits","floor":31,"gold_loss":112},{"cards_removed":["Blur"],"damage_healed":0,"gold_gain":0,"player_choice":"Removed Skill","damage_taken":0,"max_hp_gain":0,"max_hp_loss":0,"event_name":"Falling","floor":36,"gold_loss":0}],"is_beta":false,"boss_relics":[{"not_picked":["Philosopher\u0027s Stone","Runic Dome"],"picked":"Lizard Tail"},{"not_picked":["HoveringKite","WristBlade"],"picked":"Cursed Key"}],"items_purged_floors":[24,27],"is_endless":false,"potions_floor_spawned":[4,5,7,8,20,28,29,37,40,41,47],"ascension_level":0}