{"gold_per_floor":[14,30,1,18,18,18,44,44,101,121,121,78,78,78,78,78],"floor_reached":16,"playtime":388,"items_purged":[],"score":176,"play_id":"f3e3997b-2a4a-4f07-981a-9f7fae3fc135","local_time":"20190220200230","is_ascension_mode":true,"campfire_choices":[{"data":"Zap","floor":6,"key":"SMITH"},{"data":"Static Discharge","floor":8,"key":"SMITH"},{"data":"Biased Cognition","floor":11,"key":"SMITH"},{"floor":15,"key":"REST"}],"neow_cost":"NO_GOLD","seed_source_timestamp":2456544644678327,"circlet_count":0,"master_deck":["AscendersBane","Strike_B","Strike_B","Strike_B+1","Strike_B+1","Defend_B","Defend_B","Defend_B","Defend_B","Zap+1","Dualcast","Biased Cognition+1","Glacier","FTL","Coolheaded","Hologram","Static Discharge+1"],"relics":["Cracked Core","Odd Mushroom","Tiny Chest","Toxic Egg 2","SsserpentHead"],"potions_floor_usage":[7,7,16],"damage_taken":[{"damage":1,"enemies":"Cultist","floor":1,"turns":3},{"damage":0,"enemies":"2 Louse","floor":2,"turns":2},{"damage":8,"enemies":"Small Slimes","floor":4,"turns":3},{"damage":1,"enemies":"The Mushroom Lair","floor":7,"turns":5},{"damage":5,"enemies":"Looter","floor":10,"turns":3},{"damage":51,"enemies":"Slime Boss","floor":16,"turns":9}],"seed_played":"-1526438783161256666","potions_obtained":[{"floor":1,"key":"EssenceOfSteel"},{"floor":2,"key":"Poison Potion"},{"floor":7,"key":"GamblersBrew"}],"is_trial":false,"path_per_floor":["M","M","$","M","?","R","?","R","T","M","R","?","T","?","R","B"],"character_chosen":"DEFECT","items_purchased":["Coolheaded"],"campfire_rested":1,"item_purchase_floors":[3],"current_hp_per_floor":[63,63,63,55,34,34,33,33,33,28,28,28,28,28,49,0],"gold":78,"neow_bonus":"THREE_RARE_CARDS","is_prod":false,"is_daily":false,"chose_seed":false,"campfire_upgraded":3,"win_rate":0,"timestamp":1550660550,"path_taken":["M","M","$","?","?","R","?","R","T","M","R","?","?","?","R","BOSS"],"build_version":"2019-01-23","purchased_purges":0,"victory":false,"max_hp_per_floor":[71,71,71,71,71,71,71,71,71,71,71,71,71,71,71,71],"card_choices":[{"not_picked":["Hyperbeam","Reboot"],"picked":"Biased Cognition","floor":0},{"not_picked":["Storm","Gash"],"picked":"Glacier","floor":1},{"not_picked":["Rebound","Stack"],"picked":"FTL","floor":2},{"not_picked":["Coolheaded","Redo"],"picked":"Hologram","floor":4},{"not_picked":["Sweeping Beam","Gash"],"picked":"Static Discharge","floor":7},{"not_picked":["Conserve Battery","Hello World","Coolheaded"],"picked":"SKIP","floor":10}],"player_experience":573007,"relics_obtained":[{"floor":7,"key":"Odd Mushroom"},{"floor":9,"key":"Tiny Chest"},{"floor":13,"key":"Toxic Egg 2"}],"event_choices":[{"damage_healed":0,"gold_gain":0,"player_choice":"Entered Light","damage_taken":21,"max_hp_gain":0,"max_hp_loss":0,"event_name":"Shining Light","floor":5,"gold_loss":0,"cards_upgraded":["Strike_B","Strike_B"]},{"damage_healed":0,"gold_gain":0,"player_choice":"Fought Mushrooms","damage_taken":0,"max_hp_gain":0,"max_hp_loss":0,"event_name":"Mushrooms","floor":7,"gold_loss":0},{"damage_healed":0,"gold_gain":0,"player_choice":"Left Gold","damage_taken":0,"max_hp_gain":0,"max_hp_loss":0,"event_name":"World of Goop","floor":12,"gold_loss":43},{"damage_healed":0,"gold_gain":0,"player_choice":"Trade","damage_taken":0,"relics_obtained":["SsserpentHead"],"max_hp_gain":0,"max_hp_loss":0,"event_name":"FaceTrader","floor":14,"gold_loss":0}],"is_beta":false,"boss_relics":[],"items_purged_floors":[],"is_endless":false,"potions_floor_spawned":[1,2,7],"killed_by":"Slime Boss","ascension_level":20}