{"gold_per_floor":[113,113,113,129,139,139,30,49,49,49,60,77,77,107,107,206,206,218,237,42,42],"floor_reached":21,"playtime":1120,"items_purged":["Strike_B","Strike_B"],"score":235,"play_id":"e7eeca0c-49dd-4ac1-86c3-ca968024f6f3","local_time":"20190217141816","is_ascension_mode":true,"campfire_choices":[{"data":"Madness","floor":6,"key":"SMITH"},{"data":"Defragment","floor":10,"key":"SMITH"},{"data":"White Noise","floor":13,"key":"SMITH"},{"floor":15,"key":"REST"}],"neow_cost":"NONE","seed_source_timestamp":341589539885264,"circlet_count":0,"master_deck":["Strike_B","Defend_B","Defend_B","Defend_B","Zap","Dualcast","Madness+1","Ball Lightning","BootSequence","Chill","Defragment+1","Capacitor","Beam Cell","White Noise+1","Beam Cell","Creative AI+1","Barrage","Defragment+1","Conserve Battery"],"relics":["Cracked Core","Frozen Egg 2","Darkstone Periapt","Lizard Tail"],"potions_floor_usage":[16,16,16,19],"damage_taken":[{"damage":9,"enemies":"2 Louse","floor":1,"turns":2},{"damage":9,"enemies":"Jaw Worm","floor":4,"turns":3},{"damage":1,"enemies":"Cultist","floor":5,"turns":3},{"damage":2,"enemies":"2 Fungi Beasts","floor":8,"turns":3},{"damage":6,"enemies":"Lots of Slimes","floor":11,"turns":4},{"damage":1,"enemies":"Looter","floor":12,"turns":3},{"damage":12,"enemies":"Lagavulin","floor":14,"turns":5},{"damage":13,"enemies":"Hexaghost","floor":16,"turns":7},{"damage":30,"enemies":"2 Thieves","floor":18,"turns":5},{"damage":15,"enemies":"3 Byrds","floor":19,"turns":3},{"damage":34,"enemies":"Snake Plant","floor":21,"turns":5}],"seed_played":"7303576858504429563","potions_obtained":[{"floor":1,"key":"FocusPotion"},{"floor":4,"key":"Weak Potion"},{"floor":8,"key":"PowerPotion"},{"floor":18,"key":"Fire Potion"}],"is_trial":false,"path_per_floor":["M","?","?","M","M","R","$","M","T","R","M","M","R","E","R","B",null,"M","M","$","M"],"character_chosen":"DEFECT","items_purchased":["Defragment","Conserve Battery","PowerPotion"],"campfire_rested":1,"item_purchase_floors":[7,20,20],"current_hp_per_floor":[59,59,59,50,49,49,49,47,47,47,41,40,40,28,50,37,66,36,21,21,29],"gold":42,"neow_bonus":"RANDOM_COLORLESS","is_prod":false,"is_daily":false,"chose_seed":false,"campfire_upgraded":3,"win_rate":0,"timestamp":1550409496,"path_taken":["M","?","?","M","M","R","$","M","T","R","M","M","R","E","R","BOSS","M","M","$","M"],"build_version":"2019-01-23","purchased_purges":2,"victory":false,"max_hp_per_floor":[75,75,75,75,75,75,75,75,75,75,75,75,75,75,75,75,75,75,75,75,75],"card_choices":[{"not_picked":["Stack","Aggregate"],"picked":"Ball Lightning","floor":1},{"not_picked":["Reinforced Body","Chill"],"picked":"BootSequence","floor":4},{"not_picked":["Coolheaded","Undo"],"picked":"Chill","floor":5},{"not_picked":["Reinforced Body","Barrage"],"picked":"Capacitor","floor":8},{"not_picked":["Skim","Undo"],"picked":"Beam Cell","floor":11},{"not_picked":["Go for the Eyes","Turbo"],"picked":"White Noise","floor":12},{"not_picked":["Force Field","Cold Snap"],"picked":"Beam Cell","floor":14},{"not_picked":["Echo Form+1","Rainbow"],"picked":"Creative AI+1","floor":16},{"not_picked":["Beam Cell","Cold Snap"],"picked":"Barrage","floor":18},{"not_picked":["Aggregate","Coolheaded"],"picked":"Defragment+1","floor":19}],"player_experience":326231,"relics_obtained":[{"floor":9,"key":"Frozen Egg 2"},{"floor":14,"key":"Darkstone Periapt"}],"event_choices":[{"cards_removed":["Strike_B"],"damage_healed":0,"gold_gain":0,"player_choice":"Forget","damage_taken":0,"max_hp_gain":0,"max_hp_loss":0,"event_name":"Living Wall","floor":2,"gold_loss":0},{"cards_removed":["Defend_B"],"damage_healed":0,"gold_gain":0,"player_choice":"Card Removal","damage_taken":0,"max_hp_gain":0,"max_hp_loss":0,"event_name":"Wheel of Change","floor":3,"gold_loss":0}],"is_beta":false,"boss_relics":[{"not_picked":["Black Star","Nuclear Battery"],"picked":"Lizard Tail"}],"items_purged_floors":[7,20],"is_endless":false,"potions_floor_spawned":[1,4,8,18],"killed_by":"Snake Plant","ascension_level":6}