{"gold_per_floor":[116,133,144,144,144,173,173,193,218,247,272,284,309,321,333,448,460,492,504,615,727,739,751,763,790,854,866,405,437,450,450],"floor_reached":31,"playtime":1319,"items_purged":["Strike_B"],"score":427,"play_id":"7f8e9d26-c579-4042-a68a-1f4a61031f0d","local_time":"20190421214710","is_ascension_mode":true,"campfire_choices":[{"data":"Zap","floor":7,"key":"SMITH"},{"data":"Dualcast","floor":12,"key":"SMITH"},{"floor":15,"key":"REST"},{"floor":23,"key":"REST"},{"data":"Static Discharge","floor":24,"key":"SMITH"},{"data":"Self Repair","floor":27,"key":"SMITH"}],"neow_cost":"NONE","seed_source_timestamp":87881025131052,"circlet_count":0,"master_deck":["Strike_B+1","Strike_B+1","Strike_B","Defend_B","Defend_B+1","Defend_B+1","Defend_B","Zap+1","Dualcast+1","Compile Driver","Ball Lightning","Redo","Leap","Doom and Gloom","Sweeping Beam","Electrodynamics","Static Discharge+1","Echo Form","Glacier","Cold Snap+1","Self Repair+1","Compile Driver+1","Go for the Eyes"],"relics":["Cracked Core","Lantern","War Paint","MawBank","Runic Pyramid","Anchor","WingedGreaves","Gremlin Horn","Membership Card","Whetstone","Shovel","Vajra"],"potions_floor_usage":[6,10,21,21,25],"damage_taken":[{"damage":0,"enemies":"Small Slimes","floor":1,"turns":3},{"damage":7,"enemies":"Jaw Worm","floor":2,"turns":3},{"damage":1,"enemies":"Cultist","floor":3,"turns":3},{"damage":36,"enemies":"Gremlin Nob","floor":6,"turns":4},{"damage":0,"enemies":"Red Slaver","floor":8,"turns":3},{"damage":2,"enemies":"Looter","floor":10,"turns":2},{"damage":0,"enemies":"Large Slime","floor":11,"turns":4},{"damage":8,"enemies":"Blue Slaver","floor":13,"turns":2},{"damage":0,"enemies":"Slime Boss","floor":16,"turns":6},{"damage":14,"enemies":"2 Thieves","floor":18,"turns":4},{"damage":0,"enemies":"Colosseum Slavers","floor":21,"turns":1},{"damage":23,"enemies":"Colosseum Nobs","floor":21,"turns":3},{"damage":0,"enemies":"3 Byrds","floor":25,"turns":2},{"damage":33,"enemies":"Slavers","floor":29,"turns":4},{"damage":3,"enemies":"3 Cultists","floor":30,"turns":3},{"damage":26,"enemies":"Sentry and Sphere","floor":31,"turns":3}],"seed_played":"5880751646966602397","potions_obtained":[{"floor":3,"key":"Swift Potion"},{"floor":6,"key":"SkillPotion"},{"floor":8,"key":"AttackPotion"},{"floor":16,"key":"SteroidPotion"},{"floor":21,"key":"PowerPotion"},{"floor":25,"key":"FocusPotion"},{"floor":30,"key":"EntropicBrew"}],"is_trial":false,"path_per_floor":["M","M","M","?","?","E","R","M","T","M","M","R","M","$","R","B",null,"M","?","?","?","$","R","R","M","T","R","$","E","M","M"],"character_chosen":"DEFECT","items_purchased":["Membership Card","Whetstone","Shovel"],"campfire_rested":2,"item_purchase_floors":[28,28,28],"current_hp_per_floor":[68,61,60,60,60,24,24,24,24,22,22,22,14,14,36,36,65,51,51,51,28,28,50,50,50,50,50,50,27,24,0],"gold":450,"neow_bonus":"RANDOM_COMMON_RELIC","is_prod":false,"is_daily":false,"chose_seed":false,"campfire_upgraded":4,"win_rate":0,"timestamp":1555897630,"path_taken":["M","M","M","?","?","E","R","M","T","?","M","R","?","?","R","BOSS","M","?","?","?","$","R","R","?","T","R","?","E","M","M"],"build_version":"2019-01-23","purchased_purges":1,"victory":false,"max_hp_per_floor":[75,75,75,75,75,75,75,75,75,75,75,75,75,75,75,75,75,75,75,75,75,75,75,75,75,75,75,75,75,75,75],"card_choices":[{"not_picked":["Redo","Coolheaded"],"picked":"Compile Driver","floor":1},{"not_picked":["Auto Shields","Streamline"],"picked":"Ball Lightning","floor":2},{"not_picked":["Double Energy","Barrage"],"picked":"Redo","floor":3},{"not_picked":["Capacitor","Hologram"],"picked":"Leap","floor":6},{"not_picked":["Coolheaded","BootSequence"],"picked":"Doom and Gloom","floor":8},{"not_picked":["Gash","Fusion"],"picked":"Sweeping Beam","floor":10},{"not_picked":["Doom and Gloom","Rebound"],"picked":"Electrodynamics","floor":11},{"not_picked":["FTL","Turbo"],"picked":"Static Discharge","floor":13},{"not_picked":["Creative AI","Amplify"],"picked":"Echo Form","floor":16},{"not_picked":["Cold Snap+1","Rebound+1"],"picked":"Glacier","floor":18},{"not_picked":["Storm","Conserve Battery+1"],"picked":"Cold Snap+1","floor":21},{"not_picked":["Hello World","Leap"],"picked":"Self Repair","floor":25},{"not_picked":["Redo","Streamline+1"],"picked":"Compile Driver+1","floor":29},{"not_picked":["Coolheaded","Streamline"],"picked":"Go for the Eyes","floor":30}],"player_experience":202745,"relics_obtained":[{"floor":6,"key":"War Paint"},{"floor":9,"key":"MawBank"},{"floor":21,"key":"WingedGreaves"},{"floor":21,"key":"Gremlin Horn"},{"floor":29,"key":"Vajra"}],"event_choices":[{"damage_healed":0,"gold_gain":0,"player_choice":"Ignored","damage_taken":0,"max_hp_gain":0,"max_hp_loss":0,"event_name":"Liars Game","floor":4,"gold_loss":0},{"damage_healed":0,"gold_gain":0,"player_choice":"Ignored","damage_taken":0,"max_hp_gain":0,"max_hp_loss":0,"event_name":"Golden Wing","floor":5,"gold_loss":0},{"damage_healed":0,"gold_gain":0,"player_choice":"Opened","damage_taken":0,"relics_obtained":["Anchor"],"max_hp_gain":0,"max_hp_loss":0,"event_name":"The Mausoleum","floor":19,"gold_loss":0},{"damage_healed":0,"gold_gain":99,"player_choice":"Stole From Cult","damage_taken":0,"max_hp_gain":0,"max_hp_loss":0,"event_name":"Nest","floor":20,"gold_loss":0},{"damage_healed":0,"gold_gain":0,"player_choice":"Fight","damage_taken":0,"max_hp_gain":0,"max_hp_loss":0,"event_name":"Colosseum","floor":21,"gold_loss":0},{"damage_healed":0,"gold_gain":0,"player_choice":"Fought Nobs","damage_taken":0,"max_hp_gain":0,"max_hp_loss":0,"event_name":"Colosseum","floor":21,"gold_loss":0}],"is_beta":false,"boss_relics":[{"not_picked":["White Beast Statue","Orrery"],"picked":"Runic Pyramid"}],"items_purged_floors":[28],"is_endless":false,"potions_floor_spawned":[3,6,8,16,21,25,30],"killed_by":"Sentry and Sphere","ascension_level":8}