{"gold_per_floor":[145,145,165,185,135,165,183,218,244,205,205,205,225,235,235,331,331,343,343,11,21,21],"floor_reached":22,"playtime":1391,"items_purged":[],"score":196,"play_id":"5ad0a7df-2103-4f5e-beb4-531f08141239","local_time":"20190311224656","is_ascension_mode":false,"campfire_choices":[{"data":"Accuracy","floor":12,"key":"SMITH"},{"floor":15,"key":"REST"}],"neow_cost":"NONE","seed_source_timestamp":20769664608848,"circlet_count":0,"master_deck":["Defend_G","Defend_G","Defend_G","Defend_G","Defend_G","Strike_G","Strike_G","Strike_G","Survivor","Neutralize","Terror","Blade Dance","Dagger Spray","Cloak And Dagger","Blade Dance","Accuracy+1","Adrenaline","Injury","Injury","Writhe","Infinite Blades","Cloak And Dagger"],"relics":["Ring of the Snake","Tiny Chest","Bag of Preparation","Art of War","Regal Pillow","Calling Bell","Omamori","Question Card","Ice Cream","Strange Spoon"],"potions_floor_usage":[6,8,8,22,22],"damage_taken":[{"damage":0,"enemies":"Jaw Worm","floor":1,"turns":6},{"damage":0,"enemies":"2 Louse","floor":3,"turns":3},{"damage":0,"enemies":"Small Slimes","floor":4,"turns":4},{"damage":25,"enemies":"Gremlin Nob","floor":6,"turns":4},{"damage":2,"enemies":"Exordium Wildlife","floor":7,"turns":5},{"damage":7,"enemies":"Lagavulin","floor":8,"turns":7},{"damage":13,"enemies":"Gremlin Gang","floor":13,"turns":5},{"damage":5,"enemies":"Exordium Thugs","floor":14,"turns":5},{"damage":36,"enemies":"Hexaghost","floor":16,"turns":10},{"damage":23,"enemies":"Shell Parasite","floor":18,"turns":4},{"damage":7,"enemies":"Spheric Guardian","floor":21,"turns":4},{"damage":32,"enemies":"Chosen and Byrds","floor":22,"turns":6}],"seed_played":"4375827148689598681","potions_obtained":[{"floor":4,"key":"Strength Potion"},{"floor":6,"key":"Fire Potion"},{"floor":7,"key":"Swift Potion"},{"floor":14,"key":"GhostInAJar"},{"floor":16,"key":"EssenceOfSteel"}],"is_trial":false,"path_per_floor":["M","?","M","M","?","E","M","E","T","?","?","R","M","M","R","B",null,"M","?","$","M","M"],"character_chosen":"THE_SILENT","items_purchased":["Infinite Blades","Cloak And Dagger","Strange Spoon"],"campfire_rested":1,"item_purchase_floors":[20,20,20],"current_hp_per_floor":[70,70,70,70,70,45,43,36,36,36,36,36,23,18,54,18,70,47,34,34,27,0],"gold":21,"neow_bonus":"RANDOM_COMMON_RELIC","is_prod":false,"is_daily":false,"chose_seed":false,"campfire_upgraded":1,"win_rate":0,"timestamp":1552358816,"path_taken":["M","?","M","M","?","E","M","E","T","?","?","R","M","M","R","BOSS","M","?","$","M","M"],"build_version":"2019-01-23","purchased_purges":0,"victory":false,"max_hp_per_floor":[70,70,70,70,70,70,70,70,70,70,70,70,70,70,70,70,70,70,75,75,75,75],"card_choices":[{"not_picked":["Cloak And Dagger","Dodge and Roll"],"picked":"Terror","floor":1},{"not_picked":["PiercingWail","Underhanded Strike"],"picked":"Blade Dance","floor":3},{"not_picked":["Slice","Leg Sweep"],"picked":"Dagger Spray","floor":4},{"not_picked":["PiercingWail","Tools of the Trade"],"picked":"Cloak And Dagger","floor":6},{"not_picked":["Underhanded Strike","Poisoned Stab"],"picked":"Blade Dance","floor":7},{"not_picked":["Catalyst","Backflip"],"picked":"Accuracy","floor":8},{"not_picked":["Reflex","Eviscerate","Poisoned Stab"],"picked":"SKIP","floor":13},{"not_picked":["Sucker Punch","Tools of the Trade","Escape Plan"],"picked":"SKIP","floor":14},{"not_picked":["Burst","Envenom"],"picked":"Adrenaline","floor":16},{"not_picked":["Leg Sweep","Sucker Punch+1","Acrobatics","PiercingWail+1"],"picked":"SKIP","floor":18},{"not_picked":["Slice","Caltrops","Deflect+1","Dash+1"],"picked":"SKIP","floor":21}],"player_experience":83722,"relics_obtained":[{"floor":6,"key":"Bag of Preparation"},{"floor":8,"key":"Art of War"},{"floor":9,"key":"Regal Pillow"},{"floor":17,"key":"Omamori"},{"floor":17,"key":"Question Card"},{"floor":17,"key":"Ice Cream"}],"event_choices":[{"cards_removed":["Strike_G"],"damage_healed":0,"gold_gain":0,"player_choice":"Forget","damage_taken":0,"max_hp_gain":0,"max_hp_loss":0,"event_name":"Living Wall","floor":2,"gold_loss":0},{"cards_removed":["Strike_G"],"damage_healed":0,"gold_gain":0,"player_choice":"Card Removal","damage_taken":0,"max_hp_gain":0,"max_hp_loss":0,"event_name":"The Cleric","floor":5,"gold_loss":50},{"damage_healed":0,"gold_gain":0,"player_choice":"Left Gold","damage_taken":0,"max_hp_gain":0,"max_hp_loss":0,"event_name":"World of Goop","floor":10,"gold_loss":39},{"damage_healed":0,"gold_gain":0,"player_choice":"Ignored","damage_taken":0,"max_hp_gain":0,"max_hp_loss":0,"event_name":"Liars Game","floor":11,"gold_loss":0},{"damage_healed":0,"gold_gain":0,"player_choice":"Shed Blood","damage_taken":18,"max_hp_gain":5,"max_hp_loss":0,"event_name":"Forgotten Altar","floor":19,"gold_loss":0}],"is_beta":false,"boss_relics":[{"not_picked":["Fusion Hammer","Runic Dome"],"picked":"Calling Bell"}],"items_purged_floors":[],"is_endless":false,"potions_floor_spawned":[4,6,7,14,16],"killed_by":"Chosen and Byrds","ascension_level":0}