{"gold_per_floor":[112,112,112,112,144,156,220,197,209,239,276,288,313,348,360,463,538,564,576,604,616,678,690,702],"floor_reached":24,"playtime":748,"items_purged":[],"score":372,"play_id":"a175aa0a-24c4-452c-b85f-b876881ed065","local_time":"20190511023930","is_ascension_mode":true,"campfire_choices":[{"data":"Deadly Poison","floor":6,"key":"SMITH"},{"data":"Malaise","floor":12,"key":"SMITH"},{"floor":15,"key":"REST"},{"data":"Well Laid Plans","floor":23,"key":"SMITH"}],"neow_cost":"NONE","seed_source_timestamp":183428024823700,"circlet_count":0,"master_deck":["AscendersBane","Defend_G","Defend_G","Defend_G","Defend_G","Defend_G","Strike_G","Strike_G+1","Strike_G","Strike_G","Strike_G","Survivor","Neutralize+1","Caltrops","Deadly Poison+1","Dodge and Roll","Malaise+1","Skewer","Well Laid Plans+1","Corpse Explosion","Crippling Poison","Poisoned Stab"],"relics":["Ring of the Snake","Omamori","Golden Idol","MawBank","PreservedInsect","Art of War","Tiny House","Letter Opener"],"potions_floor_usage":[14,18,21],"damage_taken":[{"damage":7,"enemies":"Small Slimes","floor":1,"turns":6},{"damage":1,"enemies":"2 Louse","floor":5,"turns":3},{"damage":0,"enemies":"Cultist","floor":10,"turns":3},{"damage":5,"enemies":"3 Louse","floor":11,"turns":4},{"damage":5,"enemies":"2 Fungi Beasts","floor":13,"turns":6},{"damage":21,"enemies":"Exordium Wildlife","floor":14,"turns":8},{"damage":16,"enemies":"Hexaghost","floor":16,"turns":12},{"damage":19,"enemies":"Shell Parasite","floor":18,"turns":7},{"damage":7,"enemies":"3 Byrds","floor":20,"turns":3},{"damage":15,"enemies":"Colosseum Slavers","floor":21,"turns":4},{"damage":27,"enemies":"Shelled Parasite and Fungi","floor":24,"turns":2}],"seed_played":"3515399944417845908","potions_obtained":[{"floor":1,"key":"Weak Potion"},{"floor":5,"key":"SkillPotion"},{"floor":16,"key":"GamblersBrew"},{"floor":17,"key":"Fruit Juice"},{"floor":20,"key":"GhostInAJar"}],"is_trial":false,"path_per_floor":["M","?","?","?","M","R","T","?","T","M","M","R","M","M","R","B",null,"M","?","M","?","?","R","M"],"character_chosen":"THE_SILENT","items_purchased":[],"campfire_rested":1,"item_purchase_floors":[],"current_hp_per_floor":[52,52,52,34,33,33,33,49,49,49,44,44,39,18,37,21,60,46,46,39,24,24,24,0],"gold":702,"neow_bonus":"RANDOM_COMMON_RELIC","is_prod":false,"is_daily":false,"chose_seed":false,"campfire_upgraded":3,"win_rate":0,"timestamp":1557535170,"path_taken":["M","?","?","?","M","R","?","?","T","M","M","R","?","M","R","BOSS","M","?","?","?","?","R","M"],"build_version":"2019-01-23","purchased_purges":0,"victory":false,"max_hp_per_floor":[66,66,66,66,66,66,66,66,66,66,66,66,66,66,66,66,71,76,76,76,76,76,76,76],"card_choices":[{"not_picked":["Dagger Throw","Masterful Stab"],"picked":"Caltrops","floor":1},{"not_picked":["Slice","Finisher"],"picked":"Deadly Poison","floor":5},{"not_picked":["Dagger Throw","Bane"],"picked":"Dodge and Roll","floor":10},{"not_picked":["PiercingWail","Prepared"],"picked":"Malaise","floor":11},{"not_picked":["Dash","All Out Attack"],"picked":"Skewer","floor":13},{"not_picked":["Dash","Dagger Throw"],"picked":"Well Laid Plans","floor":14},{"not_picked":["Burst","After Image"],"picked":"Corpse Explosion","floor":16},{"not_picked":["Sucker Punch","Cloak And Dagger"],"picked":"Crippling Poison","floor":18},{"not_picked":["Dagger Spray","Flying Knee"],"picked":"Poisoned Stab","floor":20}],"player_experience":657481,"relics_obtained":[{"floor":7,"key":"PreservedInsect"},{"floor":9,"key":"Art of War"}],"event_choices":[{"damage_healed":0,"gold_gain":0,"player_choice":"Grow","damage_taken":0,"max_hp_gain":0,"max_hp_loss":0,"event_name":"Living Wall","floor":2,"gold_loss":0,"cards_upgraded":["Neutralize"]},{"damage_healed":0,"gold_gain":0,"player_choice":"Take Wound","damage_taken":0,"relics_obtained":["Golden Idol"],"max_hp_gain":0,"max_hp_loss":0,"event_name":"Golden Idol","floor":3,"gold_loss":0,"cards_obtained":["Injury"]},{"damage_healed":0,"gold_gain":0,"player_choice":"Success","damage_taken":18,"relics_obtained":["MawBank"],"max_hp_gain":0,"max_hp_loss":0,"event_name":"Scrap Ooze","floor":4,"gold_loss":0},{"damage_healed":16,"gold_gain":0,"player_choice":"Healed","damage_taken":0,"max_hp_gain":0,"max_hp_loss":0,"event_name":"The Cleric","floor":8,"gold_loss":35},{"damage_healed":0,"gold_gain":0,"player_choice":"Gave Potion","damage_taken":0,"relics_obtained":["Letter Opener"],"max_hp_gain":0,"max_hp_loss":0,"event_name":"WeMeetAgain","floor":19,"gold_loss":0},{"damage_healed":0,"gold_gain":0,"player_choice":"Fight","damage_taken":0,"max_hp_gain":0,"max_hp_loss":0,"event_name":"Colosseum","floor":21,"gold_loss":0},{"damage_healed":0,"gold_gain":0,"player_choice":"Fled From Nobs","damage_taken":0,"max_hp_gain":0,"max_hp_loss":0,"event_name":"Colosseum","floor":21,"gold_loss":0},{"damage_healed":0,"gold_gain":50,"player_choice":"Stole From Cult","damage_taken":0,"max_hp_gain":0,"max_hp_loss":0,"event_name":"Nest","floor":22,"gold_loss":0}],"is_beta":false,"boss_relics":[{"not_picked":["Runic Dome","Pandora\u0027s Box"],"picked":"Tiny House"}],"items_purged_floors":[],"is_endless":false,"potions_floor_spawned":[1,5,10,16,20,21],"killed_by":"Shelled Parasite and Fungi","ascension_level":20}