{"gold_per_floor":[109,74,149,165,38,38,52,52,131,131,144,172,172,202,202,273,273,286,306,317,328,328,328,328,360,360,360],"floor_reached":27,"playtime":1587,"items_purged":["Strike_R"],"score":532,"play_id":"2cd078eb-19f1-4eef-9560-19079620d59a","local_time":"20190418201849","is_ascension_mode":true,"campfire_choices":[{"data":"Bash","floor":6,"key":"SMITH"},{"data":"True Grit","floor":8,"key":"SMITH"},{"data":"Headbutt","floor":10,"key":"SMITH"},{"data":"Infernal Blade","floor":13,"key":"SMITH"},{"data":"Spot Weakness","floor":15,"key":"SMITH"},{"floor":23,"key":"REST"}],"neow_cost":"PERCENT_DAMAGE","seed_source_timestamp":1769349449025129,"circlet_count":0,"master_deck":["AscendersBane","Strike_R","Strike_R","Defend_R","Defend_R","Defend_R","Defend_R","Bash+1","Dual Wield","Headbutt+1","Shrug It Off","Thunderclap","True Grit+1","Metallicize","Infernal Blade+1","Spot Weakness+1","Feed","Clothesline+1","Sentinel","Writhe"],"relics":["Burning Blood","Tiny Chest","Paper Frog","Sundial","Fusion Hammer","Vajra","Smiling Mask","Ornamental Fan"],"potions_floor_usage":[18,21,25,25],"damage_taken":[{"damage":4,"enemies":"Jaw Worm","floor":1,"turns":5},{"damage":1,"enemies":"2 Louse","floor":4,"turns":3},{"damage":7,"enemies":"Small Slimes","floor":7,"turns":5},{"damage":0,"enemies":"Blue Slaver","floor":11,"turns":7},{"damage":24,"enemies":"3 Sentries","floor":12,"turns":13},{"damage":0,"enemies":"Gremlin Nob","floor":14,"turns":2},{"damage":36,"enemies":"Hexaghost","floor":16,"turns":11},{"damage":15,"enemies":"3 Byrds","floor":18,"turns":5},{"damage":17,"enemies":"Spheric Guardian","floor":19,"turns":7},{"damage":17,"enemies":"Centurion and Healer","floor":20,"turns":3},{"damage":25,"enemies":"Shelled Parasite and Fungi","floor":21,"turns":7},{"damage":28,"enemies":"Gremlin Leader","floor":25,"turns":6},{"damage":25,"enemies":"Colosseum Slavers","floor":27,"turns":3}],"seed_played":"431513577309332230","potions_obtained":[{"floor":4,"key":"GamblersBrew"},{"floor":16,"key":"Fire Potion"},{"floor":19,"key":"Poison Potion"},{"floor":21,"key":"Poison Potion"}],"is_trial":false,"path_per_floor":["M","?","?","M","$","R","M","R","T","R","M","E","R","E","R","B",null,"M","M","M","M","?","R","?","E","T","?"],"character_chosen":"IRONCLAD","items_purchased":["True Grit"],"campfire_rested":1,"item_purchase_floors":[5],"current_hp_per_floor":[52,70,59,64,64,64,63,63,63,63,69,51,51,57,57,27,63,57,49,38,22,22,47,47,25,25,0],"gold":360,"neow_bonus":"TRANSFORM_TWO_CARDS","is_prod":false,"is_daily":false,"chose_seed":false,"campfire_upgraded":5,"win_rate":0,"timestamp":1555586329,"path_taken":["M","?","?","M","$","R","M","R","T","R","M","E","R","E","R","BOSS","M","M","M","M","?","R","?","E","T","?"],"build_version":"2019-01-23","purchased_purges":1,"victory":false,"max_hp_per_floor":[75,75,75,75,75,75,75,75,75,75,75,75,75,75,75,75,75,78,81,81,84,84,84,84,84,84,84],"card_choices":[{"not_picked":["Twin Strike","Whirlwind"],"picked":"Shrug It Off","floor":1},{"not_picked":["Heavy Blade","Iron Wave"],"picked":"Thunderclap","floor":4},{"not_picked":["Seeing Red","Iron Wave","Evolve"],"picked":"SKIP","floor":7},{"not_picked":["Pummel","Sword Boomerang"],"picked":"Metallicize","floor":11},{"not_picked":["Iron Wave","Fiend Fire"],"picked":"Infernal Blade","floor":12},{"not_picked":["Rampage","Heavy Blade"],"picked":"Spot Weakness","floor":14},{"not_picked":["Impervious","Double Tap"],"picked":"Feed","floor":16},{"not_picked":["Fire Breathing","Carnage"],"picked":"Clothesline+1","floor":18},{"not_picked":["Dual Wield","Wild Strike","Power Through"],"picked":"SKIP","floor":19},{"not_picked":["Thunderclap+1","Clash+1"],"picked":"Sentinel","floor":20},{"not_picked":["Armaments","Thunderclap","Perfected Strike"],"picked":"SKIP","floor":21},{"not_picked":["Clothesline+1","Flex","Combust"],"picked":"SKIP","floor":25}],"player_experience":968359,"relics_obtained":[{"floor":9,"key":"Tiny Chest"},{"floor":12,"key":"Paper Frog"},{"floor":14,"key":"Sundial"},{"floor":25,"key":"Smiling Mask"},{"floor":26,"key":"Ornamental Fan"}],"event_choices":[{"damage_healed":18,"gold_gain":0,"player_choice":"Healed","damage_taken":0,"max_hp_gain":0,"max_hp_loss":0,"event_name":"The Cleric","floor":2,"gold_loss":35},{"damage_healed":0,"gold_gain":75,"player_choice":"Gather Gold","damage_taken":11,"max_hp_gain":0,"max_hp_loss":0,"event_name":"World of Goop","floor":3,"gold_loss":0},{"damage_healed":0,"gold_gain":0,"player_choice":"Opened","damage_taken":0,"relics_obtained":["Vajra"],"max_hp_gain":0,"max_hp_loss":0,"event_name":"The Mausoleum","floor":22,"gold_loss":0,"cards_obtained":["Writhe"]},{"damage_healed":0,"gold_gain":0,"player_choice":"Ignored","damage_taken":0,"max_hp_gain":0,"max_hp_loss":0,"event_name":"Cursed Tome","floor":24,"gold_loss":0},{"damage_healed":0,"gold_gain":0,"player_choice":"Fight","damage_taken":0,"max_hp_gain":0,"max_hp_loss":0,"event_name":"Colosseum","floor":27,"gold_loss":0}],"is_beta":false,"boss_relics":[{"not_picked":["Calling Bell","Tiny House"],"picked":"Fusion Hammer"}],"items_purged_floors":[5],"is_endless":false,"potions_floor_spawned":[4,16,19,21],"killed_by":"Colosseum Slavers","ascension_level":20}