{"gold_per_floor":[112,130,130,17,31,31,91,91,142,157,157,69,119,134,134,212,212,223,273,323,40,33,33,51,67,92,104,104,154,173,233,233,307,307,324,335,385,535,585,585,635,698,724,774,824,228,244,254,254,254],"floor_reached":51,"playtime":2145,"items_purged":["Strike_G"],"score":1240,"play_id":"5113d67f-62b8-4cec-942c-d6cfca478691","local_time":"20190302111144","is_ascension_mode":true,"campfire_choices":[{"data":"Prepared","floor":6.0,"key":"SMITH"},{"data":"Neutralize","floor":8.0,"key":"SMITH"},{"data":"Deadly Poison","floor":11.0,"key":"SMITH"},{"data":"Leg Sweep","floor":15.0,"key":"SMITH"},{"floor":23.0,"key":"REST"},{"data":"Catalyst","floor":28.0,"key":"SMITH"},{"floor":32.0,"key":"REST"},{"floor":40,"key":"REST"},{"data":"Catalyst","floor":49,"key":"SMITH"}],"neow_cost":"NONE","seed_source_timestamp":277791110228195,"circlet_count":0,"master_deck":["AscendersBane","Defend_G+1","Defend_G+1","Defend_G+1","Defend_G+1","Defend_G+1","Strike_G+1","Strike_G+1","Strike_G+1","Survivor","Neutralize+1","Bullet Time","Deadly Poison+1","Prepared+1","Catalyst+1","Blur","Leg Sweep+1","Burst","Footwork","Masterful Stab","PiercingWail","Escape Plan","Catalyst+1","Corpse Explosion","Crippling Poison","Footwork","Bouncing Flask","Blur","Dodge and Roll+1"],"special_seed":0,"relics":["Ring of the Snake","SsserpentHead","Bronze Scales","Bag of Preparation","Runic Dome","Vajra","Snecko Eye","Torii","Snake Skull","Bottled Tornado","Pantograph","Strawberry"],"potions_floor_usage":[50],"damage_taken":[{"damage":5.0,"enemies":"Cultist","floor":1.0,"turns":5.0},{"damage":6.0,"enemies":"2 Louse","floor":2.0,"turns":3.0},{"damage":7.0,"enemies":"Jaw Worm","floor":5.0,"turns":6.0},{"damage":16.0,"enemies":"Exordium Thugs","floor":7.0,"turns":7.0},{"damage":3.0,"enemies":"Exordium Wildlife","floor":10.0,"turns":3.0},{"damage":0.0,"enemies":"2 Fungi Beasts","floor":14.0,"turns":4.0},{"damage":9.0,"enemies":"Hexaghost","floor":16.0,"turns":9.0},{"damage":8.0,"enemies":"Chosen","floor":18.0,"turns":5.0},{"damage":1.0,"enemies":"2 Thieves","floor":22.0,"turns":4.0},{"damage":10.0,"enemies":"Snecko","floor":24.0,"turns":7.0},{"damage":8.0,"enemies":"Centurion and Healer","floor":25.0,"turns":9.0},{"damage":16.0,"enemies":"Snake Plant","floor":27.0,"turns":5.0},{"damage":13.0,"enemies":"Cultist and Chosen","floor":30.0,"turns":8.0},{"damage":0.0,"enemies":"Centurion and Healer","floor":31.0,"turns":7.0},{"damage":21.0,"enemies":"Champ","floor":33.0,"turns":13.0},{"damage":12,"enemies":"3 Darklings","floor":35,"turns":4},{"damage":1,"enemies":"3 Shapes","floor":36,"turns":5},{"damage":0,"enemies":"Mind Bloom Boss Battle","floor":38,"turns":6},{"damage":0,"enemies":"Jaw Worm Horde","floor":42,"turns":3},{"damage":0,"enemies":"Sphere and 2 Shapes","floor":47,"turns":2},{"damage":0,"enemies":"Maw","floor":48,"turns":5},{"damage":1,"enemies":"Donu and Deca","floor":50,"turns":8}],"seed_played":"-5002373686086410529","potions_obtained":[{"floor":2.0,"key":"LiquidBronze"},{"floor":5.0,"key":"Fire Potion"},{"floor":16.0,"key":"Block Potion"},{"floor":25.0,"key":"Block Potion"},{"floor":30.0,"key":"Block Potion"},{"floor":36,"key":"Weak Potion"},{"floor":47,"key":"PowerPotion"}],"is_trial":false,"path_per_floor":["M","M","?","$","M","R","M","R","T","M","R","$","?","M","R","B",null,"M","?","?","$","M","R","M","M","T","M","R","?","M","M","R","B",null,"M","M","?","?","?","R","?","M","T","?","T","$","M","M","R","B",null],"character_chosen":"THE_SILENT","items_purchased":["Bronze Scales","Blur","Footwork","Regen Potion","Masterful Stab","Pantograph","Strawberry","Footwork","Bouncing Flask","Blur"],"campfire_rested":3,"item_purchase_floors":[4,12,21,21,21,46,46,46,46,46],"current_hp_per_floor":[54,48,48,48,41,41,25,25,25,22,22,22,22,22,22,13,53,45,27,27,27,26,47,52,44,44,28,28,28,15,15,36,15,57,45,44,44,44,44,64,64,64,64,64,64,71,71,71,71,73],"gold":254,"neow_bonus":"ONE_RANDOM_RARE_CARD","is_prod":false,"is_daily":false,"chose_seed":false,"campfire_upgraded":6,"win_rate":0,"timestamp":1551492704,"path_taken":["M","?","?","?","M","R","?","R","T","M","R","$","?","M","R","BOSS","M","?","?","$","M","R","M","M","T","M","R","?","M","?","R","BOSS","M","M","?","?","?","R","?","?","T","?","?","?","M","M","R","BOSS"],"build_version":"2019-01-23","purchased_purges":1,"victory":true,"max_hp_per_floor":[66,66,66,66,66,66,66,66,66,66,66,66,66,66,66,66,66,66,71,71,71,71,71,71,71,71,71,71,71,71,71,71,71,71,71,71,67,67,67,67,67,67,67,67,67,74,74,74,74,74],"card_choices":[{"not_picked":["Backflip","Bane"],"picked":"Deadly Poison","floor":1.0},{"not_picked":["Finisher","Heel Hook","Flechettes"],"picked":"SKIP","floor":2.0},{"not_picked":["Grand Finale","Flying Knee"],"picked":"Prepared","floor":5.0},{"not_picked":["Dagger Throw","Dagger Spray"],"picked":"Catalyst","floor":7.0},{"not_picked":["Deflect","Outmaneuver","Poisoned Stab"],"picked":"SKIP","floor":10.0},{"not_picked":["Dagger Throw","Corpse Explosion"],"picked":"Leg Sweep","floor":14.0},{"not_picked":["Die Die Die","Glass Knife"],"picked":"Burst","floor":16.0},{"not_picked":["Tactician","Sucker Punch","Blade Dance"],"picked":"SKIP","floor":18.0},{"not_picked":["Underhanded Strike","Dagger Throw","Slice"],"picked":"SKIP","floor":22.0},{"not_picked":["Expertise","Bane"],"picked":"PiercingWail","floor":24.0},{"not_picked":["Slice","Distraction","Dagger Throw"],"picked":"SKIP","floor":25.0},{"not_picked":["Blade Dance","A Thousand Cuts","Heel Hook"],"picked":"SKIP","floor":27.0},{"not_picked":["Calculated Gamble","Heel Hook"],"picked":"Escape Plan","floor":30.0},{"not_picked":["Cloak And Dagger","Quick Slash"],"picked":"Catalyst","floor":31.0},{"not_picked":["Venomology","Bullet Time"],"picked":"Corpse Explosion","floor":33.0},{"not_picked":["Skewer","Dagger Throw","Deflect"],"picked":"SKIP","floor":35},{"not_picked":["Expertise+1","Underhanded Strike"],"picked":"Crippling Poison","floor":36},{"not_picked":["Caltrops","Acrobatics","Sucker Punch"],"picked":"SKIP","floor":42},{"not_picked":["Underhanded Strike","Concentrate","Flying Knee"],"picked":"SKIP","floor":47},{"not_picked":["Deadly Poison+1","Dagger Spray"],"picked":"Dodge and Roll+1","floor":48}],"player_experience":604631,"relics_obtained":[{"floor":9.0,"key":"Bag of Preparation"},{"floor":26.0,"key":"Vajra"},{"floor":38,"key":"Torii"},{"floor":43,"key":"Snake Skull"},{"floor":45,"key":"Bottled Tornado"}],"event_choices":[{"damage_healed":0.0,"max_hp_gain":0.0,"max_hp_loss":0.0,"gold_gain":0.0,"event_name":"FaceTrader","player_choice":"Trade","floor":3.0,"gold_loss":0.0,"damage_taken":0.0,"relics_obtained":["SsserpentHead"]},{"damage_healed":0.0,"max_hp_gain":0.0,"max_hp_loss":0.0,"gold_gain":0.0,"event_name":"Scrap Ooze","player_choice":"Fled","floor":13.0,"gold_loss":0.0,"damage_taken":0.0},{"damage_healed":0.0,"max_hp_gain":5.0,"max_hp_loss":0.0,"gold_gain":0.0,"event_name":"Forgotten Altar","player_choice":"Shed Blood","floor":19.0,"gold_loss":0.0,"damage_taken":23.0},{"damage_healed":0.0,"max_hp_gain":0.0,"max_hp_loss":0.0,"gold_gain":0.0,"event_name":"The Mausoleum","player_choice":"Ignored","floor":20.0,"gold_loss":0.0,"damage_taken":0.0},{"damage_healed":0.0,"max_hp_gain":0.0,"max_hp_loss":0.0,"gold_gain":0.0,"event_name":"Back to Basics","player_choice":"Simplicity","floor":29.0,"gold_loss":0.0,"damage_taken":0.0,"cards_upgraded":["Defend_G","Defend_G","Defend_G","Defend_G","Defend_G","Strike_G","Strike_G","Strike_G","Strike_G"]},{"damage_healed":0,"gold_gain":0,"player_choice":"Max HP","damage_taken":0,"max_hp_gain":0,"max_hp_loss":4,"event_name":"Winding Halls","floor":37,"gold_loss":0},{"damage_healed":0,"gold_gain":0,"player_choice":"Fight","damage_taken":0,"max_hp_gain":0,"max_hp_loss":0,"event_name":"MindBloom","floor":38,"gold_loss":0},{"damage_healed":0,"gold_gain":0,"player_choice":"Memory 1","damage_taken":0,"max_hp_gain":0,"max_hp_loss":0,"event_name":"SensoryStone","floor":39,"gold_loss":0},{"damage_healed":0,"gold_gain":0,"player_choice":"Ignored","damage_taken":0,"max_hp_gain":0,"max_hp_loss":0,"event_name":"Tomb of Lord Red Mask","floor":41,"gold_loss":0},{"cards_removed":["Strike_G"],"damage_healed":0,"gold_gain":0,"player_choice":"Removed Attack","damage_taken":0,"max_hp_gain":0,"max_hp_loss":0,"event_name":"Falling","floor":44,"gold_loss":0}],"is_beta":false,"boss_relics":[{"not_picked":["Velvet Choker","Empty Cage"],"picked":"Runic Dome"},{"not_picked":["Coffee Dripper","Cursed Key"],"picked":"Snecko Eye"}],"items_purged_floors":[21],"is_endless":false,"potions_floor_spawned":[2,5,16,22,25,30,33,36,42,47],"ascension_level":17}