{"gold_per_floor":[113,128,128,142,156,190,190,209,264,282,299,200,200,232,232,330,330,345,360,360,360],"floor_reached":21,"playtime":1084,"items_purged":[],"score":280,"play_id":"47f888ff-5080-4979-8df2-c18a33c4ec83","local_time":"20190512113712","is_ascension_mode":true,"campfire_choices":[{"data":"Zap","floor":7,"key":"SMITH"},{"data":"Dualcast","floor":13,"key":"SMITH"},{"floor":15,"key":"REST"}],"neow_cost":"NONE","seed_source_timestamp":1865593711088004,"circlet_count":0,"master_deck":["Strike_B","Strike_B","Strike_B","Strike_B","Defend_B","Defend_B","Defend_B","Defend_B","Zap+1","Dualcast+1","Steam","Ball Lightning","Undo","Zap","Streamline","Conserve Battery","Cold Snap","Leap","White Noise","Go for the Eyes","Echo Form","Biased Cognition","Sunder"],"relics":["Cracked Core","Happy Flower","Pen Nib","Gremlin Horn","Art of War","Cursed Key"],"potions_floor_usage":[11,14,16,21],"damage_taken":[{"damage":0,"enemies":"Cultist","floor":1,"turns":3},{"damage":0,"enemies":"Small Slimes","floor":2,"turns":3},{"damage":0,"enemies":"2 Louse","floor":4,"turns":2},{"damage":6,"enemies":"Looter","floor":5,"turns":3},{"damage":27,"enemies":"3 Sentries","floor":6,"turns":7},{"damage":1,"enemies":"2 Fungi Beasts","floor":8,"turns":3},{"damage":0,"enemies":"Large Slime","floor":10,"turns":6},{"damage":0,"enemies":"Lots of Slimes","floor":11,"turns":3},{"damage":17,"enemies":"Lagavulin","floor":14,"turns":7},{"damage":19,"enemies":"Hexaghost","floor":16,"turns":8},{"damage":10,"enemies":"Chosen","floor":18,"turns":3},{"damage":15,"enemies":"3 Byrds","floor":19,"turns":6},{"damage":27,"enemies":"Colosseum Slavers","floor":20,"turns":4},{"damage":24,"enemies":"Snake Plant","floor":21,"turns":2}],"seed_played":"-2610667724910569521","potions_obtained":[{"floor":1,"key":"Dexterity Potion"},{"floor":4,"key":"FocusPotion"},{"floor":5,"key":"Weak Potion"},{"floor":10,"key":"Fire Potion"},{"floor":16,"key":"AttackPotion"}],"is_trial":false,"path_per_floor":["M","M","?","M","M","E","R","M","T","M","M","?","R","E","R","B",null,"M","M","?","M"],"character_chosen":"DEFECT","items_purchased":[],"campfire_rested":1,"item_purchase_floors":[],"current_hp_per_floor":[75,75,75,75,69,42,42,41,41,41,41,41,41,24,48,29,69,59,44,17,0],"gold":360,"neow_bonus":"TEN_PERCENT_HP_BONUS","is_prod":false,"is_daily":false,"chose_seed":false,"campfire_upgraded":2,"win_rate":0,"timestamp":1557675432,"path_taken":["M","M","?","M","?","E","R","M","T","M","?","?","R","E","R","BOSS","M","?","?","M"],"build_version":"2019-01-23","purchased_purges":0,"victory":false,"max_hp_per_floor":[82,82,82,82,82,82,82,82,82,82,82,82,82,82,82,82,82,82,82,82,82],"card_choices":[{"not_picked":["Storm","Leap"],"picked":"Steam","floor":1},{"not_picked":["Double Energy","Turbo"],"picked":"Ball Lightning","floor":2},{"not_picked":["Compile Driver","Hologram"],"picked":"Streamline","floor":4},{"not_picked":["Barrage","Turbo"],"picked":"Conserve Battery","floor":5},{"not_picked":["Buffer","Hello World"],"picked":"Cold Snap","floor":6},{"not_picked":["Darkness","Redo"],"picked":"Leap","floor":8},{"not_picked":["Tempest","Storm"],"picked":"White Noise","floor":10},{"not_picked":["Gash","Auto Shields"],"picked":"Go for the Eyes","floor":11},{"not_picked":["Chaos","Beam Cell"],"picked":"Echo Form","floor":14},{"not_picked":["Amplify","Seek"],"picked":"Biased Cognition","floor":16},{"not_picked":["Redo","Leap+1"],"picked":"Sunder","floor":18},{"not_picked":["Steam","Ball Lightning","FTL"],"picked":"SKIP","floor":19}],"player_experience":241111,"relics_obtained":[{"floor":6,"key":"Happy Flower"},{"floor":9,"key":"Pen Nib"},{"floor":14,"key":"Art of War"}],"event_choices":[{"damage_healed":0,"gold_gain":0,"player_choice":"2 cards matched","damage_taken":0,"max_hp_gain":0,"max_hp_loss":0,"event_name":"Match and Keep!","floor":3,"gold_loss":0,"cards_obtained":["Undo","Zap"]},{"damage_healed":0,"gold_gain":0,"player_choice":"Paid Gold","damage_taken":0,"relics_obtained":["Gremlin Horn"],"max_hp_gain":0,"max_hp_loss":0,"event_name":"WeMeetAgain","floor":12,"gold_loss":99},{"damage_healed":0,"gold_gain":0,"player_choice":"Fight","damage_taken":0,"max_hp_gain":0,"max_hp_loss":0,"event_name":"Colosseum","floor":20,"gold_loss":0},{"damage_healed":0,"gold_gain":0,"player_choice":"Fled From Nobs","damage_taken":0,"max_hp_gain":0,"max_hp_loss":0,"event_name":"Colosseum","floor":20,"gold_loss":0}],"is_beta":false,"boss_relics":[{"not_picked":["Tiny House","Ectoplasm"],"picked":"Cursed Key"}],"items_purged_floors":[],"is_endless":false,"potions_floor_spawned":[1,4,5,10,16,20],"killed_by":"Snake Plant","ascension_level":9}