{"gold_per_floor":[109,34,34,45,57,57,74,106,106,121,131,131,150,150,150,227,227,245,260,276,150,162,162,162],"floor_reached":24,"playtime":1199,"items_purged":["Strike_B"],"score":404,"play_id":"c4ed4db8-0093-4be7-b380-4bf3e3ee55c0","local_time":"20190424213802","is_ascension_mode":true,"campfire_choices":[{"data":"Cold Snap","floor":6,"key":"SMITH"},{"data":"Loop","floor":12,"key":"SMITH"},{"data":"Sunder","floor":15,"key":"SMITH"},{"floor":23,"key":"REST"}],"neow_cost":"NONE","seed_source_timestamp":479454422714105,"circlet_count":0,"master_deck":["AscendersBane","Strike_B","Defend_B","Defend_B","Defend_B","Defend_B","Zap+1","Dualcast","Cold Snap+1","Rebound","Coolheaded","Loop+1","Sunder+1","Leap","Genetic Algorithm+1","Buffer","Defragment","Doom and Gloom+1","Ball Lightning","Conserve Battery","Defragment"],"relics":["Cracked Core","Lantern","Ornamental Fan","White Beast Statue"],"potions_floor_usage":[8,10,10,16,18,19,22,24,24],"damage_taken":[{"damage":2,"enemies":"Jaw Worm","floor":1,"turns":4},{"damage":0,"enemies":"2 Louse","floor":4,"turns":2},{"damage":0,"enemies":"Cultist","floor":5,"turns":3},{"damage":5,"enemies":"3 Louse","floor":7,"turns":3},{"damage":7,"enemies":"Lagavulin","floor":8,"turns":6},{"damage":0,"enemies":"Gremlin Gang","floor":10,"turns":1},{"damage":4,"enemies":"Large Slime","floor":11,"turns":4},{"damage":2,"enemies":"Lots of Slimes","floor":13,"turns":3},{"damage":5,"enemies":"Slime Boss","floor":16,"turns":10},{"damage":19,"enemies":"3 Byrds","floor":18,"turns":6},{"damage":8,"enemies":"Shell Parasite","floor":19,"turns":13},{"damage":28,"enemies":"Snake Plant","floor":20,"turns":4},{"damage":6,"enemies":"3 Cultists","floor":22,"turns":4},{"damage":25,"enemies":"Book of Stabbing","floor":24,"turns":5}],"seed_played":"-6054457416799241315","potions_obtained":[{"floor":1,"key":"FocusPotion"},{"floor":7,"key":"EntropicBrew"},{"floor":10,"key":"Dexterity Potion"},{"floor":11,"key":"AttackPotion"},{"floor":18,"key":"Swift Potion"},{"floor":19,"key":"SteroidPotion"},{"floor":20,"key":"SpeedPotion"},{"floor":22,"key":"Ancient Potion"}],"is_trial":false,"path_per_floor":["M","?","?","M","M","R","M","E","T","M","M","R","M","?","R","B",null,"M","M","M","$","M","R","E"],"character_chosen":"DEFECT","items_purchased":["Conserve Battery"],"campfire_rested":1,"item_purchase_floors":[21],"current_hp_per_floor":[62,62,62,62,62,62,57,50,50,50,46,46,44,44,44,39,63,44,36,8,8,2,23,0],"gold":162,"neow_bonus":"UPGRADE_CARD","is_prod":false,"is_daily":false,"chose_seed":false,"campfire_upgraded":3,"win_rate":0,"timestamp":1556109482,"path_taken":["M","?","?","M","M","R","M","E","T","M","M","R","?","?","R","BOSS","M","?","M","$","M","R","E"],"build_version":"2019-01-23","purchased_purges":1,"victory":false,"max_hp_per_floor":[71,71,71,71,71,71,71,71,71,71,71,71,71,71,71,71,71,71,71,71,71,71,71,71],"card_choices":[{"not_picked":["Aggregate","Chaos"],"picked":"Cold Snap","floor":1},{"not_picked":["Leap","Storm"],"picked":"Rebound","floor":4},{"not_picked":["Double Energy","Stack","Hello World"],"picked":"SKIP","floor":5},{"not_picked":["Tempest","Reprogram"],"picked":"Coolheaded","floor":7},{"not_picked":["Go for the Eyes","Turbo"],"picked":"Loop","floor":8},{"not_picked":["Cold Snap","Leap"],"picked":"Sunder","floor":10},{"not_picked":["Barrage","Rebound"],"picked":"Leap","floor":11},{"not_picked":["Steam Power","Rip and Tear"],"picked":"Genetic Algorithm","floor":13},{"not_picked":["Multi-Cast","Meteor Strike"],"picked":"Buffer","floor":16},{"not_picked":["Chaos","Stack"],"picked":"Defragment","floor":18},{"not_picked":["Stack","Coolheaded"],"picked":"Doom and Gloom+1","floor":19},{"not_picked":["Compile Driver","Steam"],"picked":"Ball Lightning","floor":20},{"not_picked":["Streamline+1","Fusion"],"picked":"Defragment","floor":22}],"player_experience":1080443,"relics_obtained":[{"floor":8,"key":"Lantern"},{"floor":9,"key":"Ornamental Fan"}],"event_choices":[{"cards_removed":["Strike_B"],"damage_healed":0,"gold_gain":0,"player_choice":"Card Removal","damage_taken":0,"max_hp_gain":0,"max_hp_loss":0,"event_name":"The Cleric","floor":2,"gold_loss":75},{"cards_removed":["Strike_B"],"damage_healed":0,"gold_gain":0,"player_choice":"Offered Basic","damage_taken":0,"max_hp_gain":0,"max_hp_loss":0,"event_name":"Bonfire Elementals","floor":3,"gold_loss":0},{"damage_healed":0,"gold_gain":0,"player_choice":"Forge","damage_taken":0,"max_hp_gain":0,"max_hp_loss":0,"event_name":"Accursed Blacksmith","floor":14,"gold_loss":0,"cards_upgraded":["Genetic Algorithm"]}],"is_beta":false,"boss_relics":[{"not_picked":["Calling Bell","Philosopher\u0027s Stone"],"picked":"White Beast Statue"}],"items_purged_floors":[21],"is_endless":false,"potions_floor_spawned":[1,7,10,11,18,19,20,22],"killed_by":"Book of Stabbing","ascension_level":20}