{"gold_per_floor":[119,131,109,109,120,145,145,179,226,226,252,25,37,37,37,140,140,156,175,187,19,0,0,0],"floor_reached":24,"playtime":1281,"items_purged":["Strike_B","Defend_B"],"score":342,"play_id":"cf3bba5c-c77d-4d0b-85a5-749f59786a32","local_time":"20190412073740","is_ascension_mode":true,"campfire_choices":[{"data":"Dualcast","floor":7,"key":"SMITH"},{"floor":10,"key":"REST"},{"data":"Chaos","floor":15,"key":"SMITH"},{"data":"Fission","floor":23,"key":"SMITH"}],"neow_cost":"NONE","seed_source_timestamp":147076230286400,"circlet_count":0,"master_deck":["AscendersBane","Strike_B","Strike_B","Strike_B","Defend_B","Defend_B","Defend_B+1","Zap+1","Dualcast+1","BootSequence","Rainbow","Ball Lightning","Chill+1","Leap","Coolheaded","Compile Driver","Chaos+1","Fission+1","Go for the Eyes","Darkness","Core Surge","Loop"],"relics":["Cracked Core","Mummified Hand","War Paint","Dream Catcher","Girya","Regal Pillow","NlothsMask","Black Star"],"potions_floor_usage":[6,8,19,24,24],"damage_taken":[{"damage":0,"enemies":"Jaw Worm","floor":1,"turns":3},{"damage":0,"enemies":"Small Slimes","floor":2,"turns":3},{"damage":4,"enemies":"Cultist","floor":5,"turns":3},{"damage":5,"enemies":"Lagavulin","floor":6,"turns":5},{"damage":23,"enemies":"Gremlin Nob","floor":8,"turns":5},{"damage":7,"enemies":"Lagavulin","floor":11,"turns":7},{"damage":0,"enemies":"Large Slime","floor":13,"turns":4},{"damage":10,"enemies":"The Guardian","floor":16,"turns":14},{"damage":3,"enemies":"Chosen","floor":18,"turns":5},{"damage":11,"enemies":"3 Byrds","floor":19,"turns":6},{"damage":4,"enemies":"Snake Plant","floor":20,"turns":4},{"damage":60,"enemies":"Gremlin Leader","floor":24,"turns":7}],"seed_played":"5405171094246623859","potions_obtained":[{"floor":1,"key":"SpeedPotion"},{"floor":2,"key":"GamblersBrew"},{"floor":8,"key":"Strength Potion"},{"floor":13,"key":"Block Potion"},{"floor":19,"key":"Explosive Potion"}],"is_trial":false,"path_per_floor":["M","M","?","?","M","E","R","E","T","R","E","$","M","?","R","B",null,"M","M","M","$","?","R","E"],"character_chosen":"DEFECT","items_purchased":["Regal Pillow","Loop"],"campfire_rested":1,"item_purchase_floors":[12,21],"current_hp_per_floor":[68,68,68,68,64,59,59,36,36,58,51,51,51,51,51,41,67,64,53,49,49,49,49,0],"gold":0,"neow_bonus":"UPGRADE_CARD","is_prod":false,"is_daily":false,"chose_seed":false,"campfire_upgraded":3,"win_rate":0,"timestamp":1555047460,"path_taken":["M","M","?","?","M","E","R","E","T","R","E","$","?","?","R","BOSS","M","M","?","$","?","R","E"],"build_version":"2019-01-23","purchased_purges":2,"victory":false,"max_hp_per_floor":[75,75,75,75,75,75,75,75,75,75,75,75,75,75,75,75,75,75,75,75,75,75,75,75],"card_choices":[{"not_picked":["Compile Driver","Stack"],"picked":"BootSequence","floor":1},{"not_picked":["Double Energy","Blizzard","Sweeping Beam"],"picked":"SKIP","floor":2},{"not_picked":["Compile Driver","Gash"],"picked":"Ball Lightning","floor":5},{"not_picked":["Barrage","Steam"],"picked":"Chill","floor":6},{"not_picked":["Static Discharge","Coolheaded"],"picked":"Leap","floor":8},{"not_picked":["Doom and Gloom","Gash"],"picked":"Coolheaded","floor":10},{"not_picked":["Storm","Ball Lightning"],"picked":"Compile Driver","floor":11},{"not_picked":["Steam Power","Blizzard"],"picked":"Chaos","floor":13},{"not_picked":["Core Surge","Thunder Strike"],"picked":"Fission","floor":16},{"not_picked":["Stack","Conserve Battery"],"picked":"Go for the Eyes","floor":18},{"not_picked":["Gash","Stack"],"picked":"Darkness","floor":19},{"not_picked":["Conserve Battery","Self Repair"],"picked":"Core Surge","floor":20}],"player_experience":554842,"relics_obtained":[{"floor":6,"key":"Mummified Hand"},{"floor":8,"key":"War Paint"},{"floor":9,"key":"Dream Catcher"},{"floor":11,"key":"Girya"}],"event_choices":[{"damage_healed":0,"gold_gain":0,"player_choice":"Left Gold","damage_taken":0,"max_hp_gain":0,"max_hp_loss":0,"event_name":"World of Goop","floor":3,"gold_loss":22},{"damage_healed":0,"gold_gain":0,"player_choice":"1 cards matched","damage_taken":0,"max_hp_gain":0,"max_hp_loss":0,"event_name":"Match and Keep!","floor":4,"gold_loss":0,"cards_obtained":["Rainbow"]},{"damage_healed":0,"gold_gain":0,"player_choice":"Trade","damage_taken":0,"relics_obtained":["NlothsMask"],"max_hp_gain":0,"max_hp_loss":0,"event_name":"FaceTrader","floor":14,"gold_loss":0},{"damage_healed":0,"gold_gain":0,"player_choice":"Paid Fearfully","damage_taken":0,"max_hp_gain":0,"max_hp_loss":0,"event_name":"Masked Bandits","floor":22,"gold_loss":19}],"is_beta":false,"boss_relics":[{"not_picked":["Lizard Tail","FrozenCore"],"picked":"Black Star"}],"items_purged_floors":[12,21],"is_endless":false,"potions_floor_spawned":[1,2,8,13,18,19],"killed_by":"Gremlin Leader","ascension_level":12}