{"gold_per_floor":[117,217,237,247,247,275,286,286,286,286,286,313,38,48,48,147,147,167,184,284,284,300,300,333,333,333,344,344,377,377,391,391,492,492,509,528,233,250,266,266,277,277,302,318,72,91,91,111,111,111],"floor_reached":51,"playtime":5009,"items_purged":["Defend_G","Strike_G"],"score":701,"play_id":"50cbf82c-8f33-4da3-a8cd-255dd395859c","local_time":"20181124114729","is_ascension_mode":false,"campfire_choices":[{"floor":8,"key":"REST"},{"data":"Dagger Spray","floor":10,"key":"SMITH"},{"data":"Noxious Fumes","floor":15,"key":"SMITH"},{"data":"Venomology","floor":23,"key":"SMITH"},{"data":"Footwork","floor":25,"key":"SMITH"},{"data":"Wraith Form v2","floor":30,"key":"SMITH"},{"floor":32,"key":"REST"},{"data":"Tools of the Trade","floor":40,"key":"SMITH"},{"data":"Neutralize","floor":42,"key":"SMITH"},{"data":"Dodge and Roll","floor":47,"key":"SMITH"},{"floor":49,"key":"REST"}],"neow_cost":"NONE","seed_source_timestamp":1099905624816960,"circlet_count":0,"master_deck":["Defend_G","Defend_G","Defend_G","Strike_G","Strike_G+1","Strike_G","Survivor","Neutralize+1","Wraith Form v2+1","Dodge and Roll+1","Flying Knee","Dagger Spray+1","Dagger Spray+1","Iron Wave+1","Noxious Fumes+1","Venomology+1","Deflect+1","Footwork+1","Poisoned Stab+1","Calculated Gamble+1","Tools of the Trade+1","After Image","PiercingWail+1","Blur+1","Bane+1","Parasite","Catalyst+1","Noxious Fumes+1"],"relics":["Ring of the Snake","Snake Skull","Letter Opener","StoneCalendar","OrangePellets","Velvet Choker","Incense Burner","Question Card","Shuriken","Toxic Egg 2","Bottled Flame","Lizard Tail","Bronze Scales","Whetstone","Kunai"],"potions_floor_usage":[6,16,18,20,20,20,22,22,24,27,29,29,31,33,38,38,39,39,44,44,46,50,50],"damage_taken":[{"damage":0,"enemies":"2 Louse","floor":1,"turns":4},{"damage":2,"enemies":"Cultist","floor":3,"turns":5},{"damage":1,"enemies":"Jaw Worm","floor":4,"turns":5},{"damage":41,"enemies":"Gremlin Nob","floor":6,"turns":5},{"damage":5,"enemies":"2 Fungi Beasts","floor":7,"turns":3},{"damage":8,"enemies":"3 Sentries","floor":12,"turns":6},{"damage":5,"enemies":"Red Slaver","floor":14,"turns":3},{"damage":20,"enemies":"Slime Boss","floor":16,"turns":7},{"damage":1,"enemies":"3 Byrds","floor":18,"turns":4},{"damage":1,"enemies":"Chosen","floor":19,"turns":5},{"damage":0,"enemies":"Colosseum Slavers","floor":20,"turns":1},{"damage":15,"enemies":"Colosseum Nobs","floor":20,"turns":6},{"damage":1,"enemies":"Shelled Parasite and Fungi","floor":22,"turns":6},{"damage":0,"enemies":"Gremlin Leader","floor":24,"turns":6},{"damage":5,"enemies":"3 Cultists","floor":27,"turns":4},{"damage":10,"enemies":"Book of Stabbing","floor":29,"turns":5},{"damage":18,"enemies":"Centurion and Healer","floor":31,"turns":4},{"damage":30,"enemies":"Collector","floor":33,"turns":8},{"damage":0,"enemies":"3 Darklings","floor":35,"turns":5},{"damage":1,"enemies":"Orb Walker","floor":36,"turns":5},{"damage":28,"enemies":"3 Darklings","floor":38,"turns":3},{"damage":0,"enemies":"Maw","floor":39,"turns":7},{"damage":0,"enemies":"Spire Growth","floor":41,"turns":6},{"damage":1,"enemies":"Transient","floor":44,"turns":5},{"damage":1,"enemies":"Writhing Mass","floor":46,"turns":7},{"damage":0,"enemies":"Spire Growth","floor":48,"turns":5},{"damage":6,"enemies":"Donu and Deca","floor":50,"turns":9}],"seed_played":"-4837203823233389685","potions_obtained":[{"floor":3,"key":"SmokeBomb"},{"floor":4,"key":"FearPotion"},{"floor":6,"key":"Strength Potion"},{"floor":19,"key":"SteroidPotion"},{"floor":20,"key":"Weak Potion"},{"floor":24,"key":"SkillPotion"},{"floor":33,"key":"Poison Potion"},{"floor":35,"key":"PowerPotion"},{"floor":38,"key":"Block Potion"},{"floor":44,"key":"LiquidBronze"},{"floor":46,"key":"Block Potion"},{"floor":48,"key":"Block Potion"}],"is_trial":false,"path_per_floor":["M","?","M","M","?","E","M","R","T","R","?","E","$","M","R","B",null,"M","M","?","?","M","R","E","R","T","M","?","E","R","M","R","B",null,"M","M","$","M","M","R","M","R","T","M","$","M","R","M","R","B",null],"character_chosen":"THE_SILENT","items_purchased":["OrangePellets","Bronze Scales","PiercingWail+1","Kunai"],"campfire_rested":3,"item_purchase_floors":[13,37,37,45],"current_hp_per_floor":[70,70,68,67,67,26,21,42,42,42,42,34,34,29,29,9,70,69,68,53,53,52,52,52,52,52,47,47,37,37,19,40,10,70,70,69,69,41,41,41,41,41,41,52,52,51,51,51,70,64],"gold":111,"neow_bonus":"ONE_RANDOM_RARE_CARD","is_prod":false,"is_daily":false,"chose_seed":false,"campfire_upgraded":8,"win_rate":0.0,"timestamp":1543027649,"path_taken":["M","?","?","M","?","E","M","R","T","R","?","E","$","?","R","BOSS","M","M","?","?","?","R","E","R","T","M","?","E","R","M","R","BOSS","M","M","?","M","?","R","M","R","T","M","$","M","R","M","R","BOSS"],"build_version":"2018-11-15","purchased_purges":2,"victory":true,"max_hp_per_floor":[70,70,70,70,70,70,70,70,70,70,70,70,70,70,70,70,70,70,70,70,70,70,70,70,70,70,70,70,70,70,70,70,70,70,70,70,70,70,70,70,70,70,70,70,70,70,70,70,70,70],"card_choices":[{"not_picked":["Outmaneuver","Backflip"],"picked":"Dodge and Roll","floor":1},{"not_picked":["Backflip","Acrobatics"],"picked":"Flying Knee","floor":3},{"not_picked":["Underhanded Strike","Crippling Poison"],"picked":"Dagger Spray","floor":4},{"not_picked":["Slice","Quick Slash","Acrobatics"],"picked":"SKIP","floor":6},{"not_picked":["Prepared","Dagger Throw"],"picked":"Dagger Spray","floor":7},{"not_picked":["Sucker Punch","Distraction"],"picked":"Noxious Fumes","floor":12},{"not_picked":["Predator","Masterful Stab","Prepared"],"picked":"SKIP","floor":14},{"not_picked":["Adrenaline","Phantasmal Killer"],"picked":"Venomology","floor":16},{"not_picked":["Blade Dance+1","Quick Slash+1"],"picked":"Deflect+1","floor":18},{"not_picked":["Underhanded Strike","Flechettes","Backflip"],"picked":"SKIP","floor":19},{"not_picked":["Bouncing Flask","PiercingWail"],"picked":"Footwork","floor":20},{"not_picked":["Backflip","Prepared","Reflex+1","Blade Dance+1"],"picked":"SKIP","floor":22},{"not_picked":["Escape Plan+1","Backstab+1","Sucker Punch"],"picked":"Poisoned Stab+1","floor":24},{"not_picked":["Poisoned Stab+1","Deadly Poison+1","Outmaneuver+1"],"picked":"Calculated Gamble+1","floor":27},{"not_picked":["Calculated Gamble+1","Outmaneuver+1","Glass Knife","Skewer"],"picked":"SKIP","floor":29},{"not_picked":["Dagger Throw","Dash","Escape Plan+1","Poisoned Stab"],"picked":"SKIP","floor":31},{"not_picked":["Doppelganger+1","Unload","Bullet Time+1"],"picked":"After Image","floor":33},{"not_picked":["Masterful Stab+1","Slice+1","Underhanded Strike","Infinite Blades"],"picked":"SKIP","floor":35},{"not_picked":["Quick Slash+1","Flying Knee+1","Expertise+1","Calculated Gamble+1"],"picked":"SKIP","floor":36},{"not_picked":["Deadly Poison+1","Sucker Punch","PiercingWail+1","Footwork"],"picked":"SKIP","floor":38},{"not_picked":["Outmaneuver+1","Prepared+1","All Out Attack+1","Sucker Punch"],"picked":"SKIP","floor":39},{"not_picked":["Acrobatics+1","Dodge and Roll+1","Predator"],"picked":"Blur+1","floor":41},{"not_picked":["Expertise+1","Prepared+1","Sucker Punch+1"],"picked":"Bane+1","floor":44},{"not_picked":["Slice","Envenom","Outmaneuver+1"],"picked":"Catalyst+1","floor":46},{"not_picked":["Dodge and Roll+1","PiercingWail+1","Bouncing Flask+1"],"picked":"Noxious Fumes+1","floor":48}],"player_experience":34953,"relics_obtained":[{"floor":6,"key":"Snake Skull"},{"floor":9,"key":"Letter Opener"},{"floor":12,"key":"StoneCalendar"},{"floor":20,"key":"Incense Burner"},{"floor":20,"key":"Question Card"},{"floor":24,"key":"Shuriken"},{"floor":26,"key":"Toxic Egg 2"},{"floor":29,"key":"Bottled Flame"},{"floor":43,"key":"Whetstone"}],"event_choices":[{"damage_healed":0,"gold_gain":100,"player_choice":"Pray","damage_taken":0,"max_hp_gain":0,"max_hp_loss":0,"event_name":"Golden Shrine","floor":2,"gold_loss":0},{"damage_healed":0,"gold_gain":0,"player_choice":"Grow","damage_taken":0,"max_hp_gain":0,"max_hp_loss":0,"event_name":"Living Wall","floor":5,"gold_loss":0,"cards_upgraded":["Dagger Spray"]},{"cards_removed":["Strike_G"],"damage_healed":0,"gold_gain":0,"player_choice":"Took Card","damage_taken":0,"max_hp_gain":0,"max_hp_loss":0,"event_name":"NoteForYourself","floor":11,"gold_loss":0,"cards_obtained":["Iron Wave"]},{"damage_healed":0,"gold_gain":0,"player_choice":"Fight","damage_taken":0,"max_hp_gain":0,"max_hp_loss":0,"event_name":"Colosseum","floor":20,"gold_loss":0},{"damage_healed":0,"gold_gain":0,"player_choice":"Fought Nobs","damage_taken":0,"max_hp_gain":0,"max_hp_loss":0,"event_name":"Colosseum","floor":20,"gold_loss":0},{"cards_removed":["Defend_G"],"damage_healed":0,"gold_gain":0,"player_choice":"Elegance","damage_taken":0,"max_hp_gain":0,"max_hp_loss":0,"event_name":"Back to Basics","floor":21,"gold_loss":0},{"damage_healed":0,"gold_gain":0,"player_choice":"1 cards matched","damage_taken":0,"max_hp_gain":0,"max_hp_loss":0,"event_name":"Match and Keep!","floor":28,"gold_loss":0,"cards_obtained":["Tools of the Trade"]}],"is_beta":false,"boss_relics":[{"not_picked":["Cursed Key","Coffee Dripper"],"picked":"Velvet Choker"},{"not_picked":["White Beast Statue","Tiny House"],"picked":"Lizard Tail"}],"items_purged_floors":[13,37],"is_endless":false,"potions_floor_spawned":[3,4,6,19,20,20,24,33,35,38,44,46,48],"ascension_level":0}