{"gold_per_floor":[110,110,127,23,42,42,69,69,137,287,287,9,34,46,46,124,124,144,144,144,159,159,159,177,177,177,197,197,213,227,245,245,245],"floor_reached":33,"playtime":1462,"items_purged":["Strike_R","Doubt"],"score":514,"play_id":"10d1102d-d35d-410b-9c9d-ed55ed649510","local_time":"20190423225027","is_ascension_mode":true,"campfire_choices":[{"data":"Bash","floor":6,"key":"SMITH"},{"data":"Twin Strike","floor":8,"key":"SMITH"},{"data":"Headbutt","floor":11,"key":"SMITH"},{"data":"Anger","floor":15,"key":"SMITH"},{"data":"Clothesline","floor":23,"key":"SMITH"},{"floor":25,"key":"REST"},{"data":"Inflame","floor":28,"key":"SMITH"},{"floor":32,"key":"REST"}],"neow_cost":"NONE","seed_source_timestamp":397137259555090,"circlet_count":0,"master_deck":["AscendersBane","Strike_R","Strike_R","Strike_R","Strike_R+1","Defend_R","Defend_R","Defend_R","Defend_R","Bash+1","Shrug It Off+1","Shrug It Off","Headbutt+1","Battle Trance","Twin Strike+1","Reaper","Anger+1","Offering","Clothesline+1","Inflame+1","Cleave+1","Inflame","Heavy Blade","Sword Boomerang"],"relics":["Burning Blood","NeowsBlessing","Regal Pillow","Sundial","Membership Card","Mummified Hand","White Beast Statue","Enchiridion","Nunchaku","The Courier"],"potions_floor_usage":[16,18,24,27,31,33],"damage_taken":[{"damage":0,"enemies":"Jaw Worm","floor":1,"turns":1},{"damage":0,"enemies":"2 Louse","floor":3,"turns":1},{"damage":0,"enemies":"Cultist","floor":5,"turns":1},{"damage":18,"enemies":"3 Sentries","floor":7,"turns":13},{"damage":31,"enemies":"Gremlin Nob","floor":13,"turns":4},{"damage":4,"enemies":"3 Louse","floor":14,"turns":4},{"damage":10,"enemies":"Hexaghost","floor":16,"turns":8},{"damage":19,"enemies":"Spheric Guardian","floor":18,"turns":4},{"damage":8,"enemies":"Shell Parasite","floor":21,"turns":3},{"damage":23,"enemies":"Snake Plant","floor":24,"turns":5},{"damage":8,"enemies":"Snecko","floor":27,"turns":6},{"damage":27,"enemies":"Cultist and Chosen","floor":29,"turns":7},{"damage":44,"enemies":"Shelled Parasite and Fungi","floor":30,"turns":4},{"damage":16,"enemies":"Snake Plant","floor":31,"turns":5},{"damage":81,"enemies":"Automaton","floor":33,"turns":6}],"seed_played":"-2046054878485273341","potions_obtained":[{"floor":3,"key":"Dexterity Potion"},{"floor":13,"key":"Regen Potion"},{"floor":14,"key":"Strength Potion"},{"floor":16,"key":"Block Potion"},{"floor":18,"key":"SneckoOil"},{"floor":21,"key":"SkillPotion"},{"floor":24,"key":"BloodPotion"},{"floor":27,"key":"LiquidBronze"},{"floor":29,"key":"Energy Potion"},{"floor":31,"key":"Swift Potion"}],"is_trial":false,"path_per_floor":["M","?","M","$","M","R","E","R","T","?","R","$","E","M","R","B",null,"M","?","?","M","T","R","M","R","T","M","R","M","M","M","R","B"],"character_chosen":"IRONCLAD","items_purchased":["Headbutt","Membership Card"],"campfire_rested":2,"item_purchase_floors":[4,12],"current_hp_per_floor":[74,51,57,57,63,63,51,51,51,51,51,51,26,31,31,36,65,52,31,31,34,34,34,17,54,54,65,65,58,22,33,70,0],"gold":245,"neow_bonus":"THREE_ENEMY_KILL","is_prod":false,"is_daily":false,"chose_seed":false,"campfire_upgraded":6,"win_rate":0,"timestamp":1556027427,"path_taken":["M","?","M","$","M","R","E","R","T","?","R","$","E","M","R","BOSS","M","?","?","M","?","R","M","R","T","M","R","M","M","M","R","BOSS"],"build_version":"2019-01-23","purchased_purges":2,"victory":false,"max_hp_per_floor":[75,75,75,75,75,75,75,75,75,75,75,75,75,75,75,75,75,75,75,75,75,75,75,75,75,75,75,75,75,75,75,75,75],"card_choices":[{"not_picked":["Perfected Strike","Feel No Pain"],"picked":"Shrug It Off","floor":1},{"not_picked":["Ghostly Armor","True Grit"],"picked":"Shrug It Off","floor":3},{"not_picked":["Burning Pact","Cleave"],"picked":"Battle Trance","floor":5},{"not_picked":["Clash","True Grit"],"picked":"Twin Strike","floor":7},{"not_picked":["Clothesline","Seeing Red"],"picked":"Reaper","floor":13},{"not_picked":["Pommel Strike","Iron Wave"],"picked":"Anger","floor":14},{"not_picked":["Impervious","Limit Break"],"picked":"Offering","floor":16},{"not_picked":["Havoc","Body Slam","Wild Strike"],"picked":"SKIP","floor":18},{"not_picked":["Hemokinesis+1","Pummel+1"],"picked":"Clothesline","floor":21},{"not_picked":["Cleave","Seeing Red"],"picked":"Inflame","floor":24},{"not_picked":["Twin Strike","Headbutt+1"],"picked":"Cleave+1","floor":27},{"not_picked":["Sever Soul+1","Flex"],"picked":"Inflame","floor":29},{"not_picked":["Flex","True Grit"],"picked":"Heavy Blade","floor":30},{"not_picked":["Corruption","Havoc"],"picked":"Sword Boomerang","floor":31}],"player_experience":1071557,"relics_obtained":[{"floor":7,"key":"Regal Pillow"},{"floor":9,"key":"Sundial"},{"floor":13,"key":"Mummified Hand"},{"floor":19,"key":"Enchiridion"},{"floor":22,"key":"Nunchaku"},{"floor":26,"key":"The Courier"}],"event_choices":[{"damage_healed":0,"gold_gain":0,"player_choice":"Entered Light","damage_taken":23,"max_hp_gain":0,"max_hp_loss":0,"event_name":"Shining Light","floor":2,"gold_loss":0,"cards_upgraded":["Shrug It Off","Strike_R"]},{"damage_healed":0,"gold_gain":150,"player_choice":"AGREE","damage_taken":0,"max_hp_gain":0,"max_hp_loss":0,"event_name":"Liars Game","floor":10,"gold_loss":0,"cards_obtained":["Doubt"]},{"damage_healed":0,"gold_gain":0,"player_choice":"Obtained Book","damage_taken":21,"max_hp_gain":0,"max_hp_loss":0,"event_name":"Cursed Tome","floor":19,"gold_loss":0},{"damage_healed":0,"gold_gain":0,"player_choice":"Ignored","damage_taken":0,"max_hp_gain":0,"max_hp_loss":0,"event_name":"Vampires","floor":20,"gold_loss":0}],"is_beta":false,"boss_relics":[{"not_picked":["Coffee Dripper","Eternal Feather"],"picked":"White Beast Statue"}],"items_purged_floors":[4,12],"is_endless":false,"potions_floor_spawned":[3,13,14,16,18,21,24,27,29,30,31],"killed_by":"Automaton","ascension_level":20}