{"gold_per_floor":[219,230,8,8,8,8,32,47,47,82,82,82,112,112,112,242,242,267,267,280,30,50,50,94,94,94,94,94,132,132,163,163,287,287,307,640,640,658,184,184,284,310,310,35,35],"floor_reached":45,"playtime":2237,"items_purged":["Strike_G","Accuracy","Tools of the Trade"],"score":545,"play_id":"e0065aa4-c32b-4fc2-8c32-bfd7122ff5f9","local_time":"20181231013831","is_ascension_mode":true,"campfire_choices":[{"data":"Distraction","floor":6.0,"key":"SMITH"},{"data":"Poisoned Stab","floor":12.0,"key":"SMITH"},{"floor":15.0,"key":"REST"},{"floor":23.0,"key":"REST"},{"data":"Noxious Fumes","floor":25.0,"key":"SMITH"},{"data":"Bane","floor":27.0,"key":"SMITH"},{"floor":32.0,"key":"REST"},{"data":"Envenom","floor":40.0,"key":"SMITH"}],"neow_cost":"NONE","seed_source_timestamp":27413032464620,"circlet_count":0,"master_deck":["Survivor","Neutralize+1","Distraction+1","Poisoned Stab+1","Bouncing Flask","Backstab","Bullet Time","Noxious Fumes+1","Cloak And Dagger","Bouncing Flask","A Thousand Cuts","Blur","Bane+1","Envenom+1","Poisoned Stab+1","Sadistic Nature","Acrobatics+1","Regret","Crippling Poison"],"special_seed":0,"relics":["Ring of the Snake","Snake Skull","Mercury Hourglass","Girya","Pandora\u0027s Box","PreservedInsect","Juzu Bracelet","Ornamental Fan","Darkstone Periapt","Bag of Marbles","Red Mask","Cursed Key","Pen Nib","PrismaticShard","Torii","Anchor","Gambling Chip","TwistedFunnel"],"potions_floor_usage":[45,45],"damage_taken":[{"damage":0.0,"enemies":"2 Louse","floor":1.0,"turns":4.0},{"damage":0.0,"enemies":"Cultist","floor":2.0,"turns":4.0},{"damage":0.0,"enemies":"Jaw Worm","floor":7.0,"turns":6.0},{"damage":21.0,"enemies":"Large Slime","floor":8.0,"turns":10.0},{"damage":6.0,"enemies":"Gremlin Nob","floor":10.0,"turns":3.0},{"damage":24.0,"enemies":"Slime Boss","floor":16.0,"turns":9.0},{"damage":17.0,"enemies":"2 Thieves","floor":18.0,"turns":3.0},{"damage":6.0,"enemies":"3 Byrds","floor":20.0,"turns":3.0},{"damage":2.0,"enemies":"Snecko","floor":22.0,"turns":3.0},{"damage":2.0,"enemies":"Book of Stabbing","floor":24.0,"turns":3.0},{"damage":26.0,"enemies":"Slavers","floor":29.0,"turns":4.0},{"damage":2.0,"enemies":"Masked Bandits","floor":31.0,"turns":3.0},{"damage":47.0,"enemies":"Automaton","floor":33.0,"turns":7.0},{"damage":12.0,"enemies":"Orb Walker","floor":35.0,"turns":3.0},{"damage":2.0,"enemies":"3 Darklings","floor":38.0,"turns":3.0},{"damage":12.0,"enemies":"Mind Bloom Boss Battle","floor":41.0,"turns":5.0},{"damage":30.0,"enemies":"Nemesis","floor":42.0,"turns":3.0},{"damage":21,"enemies":"Maw","floor":45,"turns":2}],"seed_played":"-1441199642273021804","potions_obtained":[{"floor":2.0,"key":"SpeedPotion"},{"floor":8.0,"key":"Fire Potion"},{"floor":18.0,"key":"SteroidPotion"},{"floor":22.0,"key":"SteroidPotion"},{"floor":24.0,"key":"SteroidPotion"},{"floor":31.0,"key":"LiquidBronze"},{"floor":33.0,"key":"SteroidPotion"},{"floor":38.0,"key":"Strength Potion"}],"is_trial":false,"path_per_floor":["M","M","$","?","?","R","M","M","T","E","$","R","?","?","R","B",null,"M","?","M","$","M","R","E","R","T","R","$","E","?","?","R","B",null,"M","?","?","M","$","R","?","E","T","$","M"],"character_chosen":"THE_SILENT","items_purchased":["Snake Skull","PreservedInsect","Pen Nib","PrismaticShard","TwistedFunnel","Crippling Poison"],"campfire_rested":3,"item_purchase_floors":[3,21,39,39,44,44],"current_hp_per_floor":[70,70,70,53,53,53,53,32,32,26,26,26,26,19,40,16,70,53,46,40,40,38,59,57,57,57,57,57,31,31,29,50,3,70,58,58,58,56,56,56,44,14,20,20,0],"gold":35,"neow_bonus":"HUNDRED_GOLD","is_prod":false,"is_daily":false,"chose_seed":false,"campfire_upgraded":5,"win_rate":0,"timestamp":1546191511,"path_taken":["M","M","$","?","?","R","M","M","T","E","$","R","?","?","R","BOSS","M","?","M","$","M","R","E","R","T","R","$","E","?","?","R","BOSS","M","?","?","M","$","R","?","E","T","$","M"],"build_version":"2018-12-20","purchased_purges":3,"victory":false,"max_hp_per_floor":[70,70,70,70,70,70,70,70,70,70,70,70,70,70,70,70,70,70,70,70,70,70,70,70,70,70,70,70,70,70,70,70,70,70,70,70,70,70,70,70,70,70,76,76,76],"card_choices":[{"not_picked":["Sucker Punch","Outmaneuver","Underhanded Strike"],"picked":"SKIP","floor":1.0},{"not_picked":["Caltrops","Quick Slash"],"picked":"Distraction","floor":2.0},{"not_picked":["Cloak And Dagger","Quick Slash"],"picked":"Poisoned Stab","floor":7.0},{"not_picked":["Underhanded Strike","Acrobatics"],"picked":"Bouncing Flask","floor":8.0},{"not_picked":["Dash","Slice"],"picked":"Backstab","floor":10.0},{"not_picked":["Tools of the Trade","A Thousand Cuts"],"picked":"Bullet Time","floor":16.0},{"not_picked":["Sucker Punch","Bane","Dagger Throw"],"picked":"SKIP","floor":18.0},{"not_picked":["Leg Sweep","Sucker Punch+1","Slice"],"picked":"SKIP","floor":20.0},{"not_picked":["Terror","All Out Attack","Poisoned Stab"],"picked":"SKIP","floor":22.0},{"not_picked":["Outmaneuver","Predator","Dodge and Roll+1"],"picked":"SKIP","floor":24.0},{"not_picked":["Prepared","Bane","Distraction"],"picked":"SKIP","floor":29.0},{"not_picked":["Deadly Poison+1","Backflip"],"picked":"Envenom","floor":31.0},{"not_picked":["Bane+1","Underhanded Strike+1"],"picked":"Poisoned Stab+1","floor":35.0},{"not_picked":["Madness","Transmutation"],"picked":"Sadistic Nature","floor":37.0},{"not_picked":["Heel Hook+1","Distraction","Masterful Stab"],"picked":"SKIP","floor":38.0},{"not_picked":["Pommel Strike","Armaments"],"picked":"Acrobatics+1","floor":41.0},{"not_picked":["Cloak And Dagger+1","Quick Slash+1","Pommel Strike"],"picked":"SKIP","floor":42.0}],"player_experience":372627,"relics_obtained":[{"floor":9.0,"key":"Mercury Hourglass"},{"floor":10.0,"key":"Girya"},{"floor":24.0,"key":"Juzu Bracelet"},{"floor":26.0,"key":"Ornamental Fan"},{"floor":29.0,"key":"Darkstone Periapt"},{"floor":31.0,"key":"Red Mask"},{"floor":41.0,"key":"Torii"},{"floor":42.0,"key":"Anchor"},{"floor":43.0,"key":"Gambling Chip"}],"event_choices":[{"damage_healed":0.0,"max_hp_gain":0.0,"max_hp_loss":0.0,"gold_gain":0.0,"event_name":"Golden Idol","player_choice":"Take Damage","floor":4.0,"gold_loss":0.0,"damage_taken":17.0,"relics_obtained":["Golden Idol"]},{"damage_healed":0.0,"max_hp_gain":0.0,"max_hp_loss":0.0,"gold_gain":0.0,"event_name":"Living Wall","player_choice":"Grow","floor":5.0,"gold_loss":0.0,"damage_taken":0.0,"cards_upgraded":["Neutralize"]},{"damage_healed":0.0,"max_hp_gain":0.0,"max_hp_loss":0.0,"gold_gain":30.0,"event_name":"Dead Adventurer","player_choice":"Searched \u00271\u0027 times","floor":13.0,"gold_loss":0.0,"damage_taken":0.0},{"cards_removed":["Strike_G"],"damage_healed":0.0,"max_hp_gain":0.0,"max_hp_loss":0.0,"gold_gain":0.0,"event_name":"Golden Wing","player_choice":"Card Removal","floor":14.0,"gold_loss":0.0,"damage_taken":7.0},{"damage_healed":0.0,"max_hp_gain":0.0,"max_hp_loss":0.0,"gold_gain":0.0,"event_name":"Wheel of Change","player_choice":"Damaged","floor":19.0,"gold_loss":0.0,"damage_taken":7.0},{"damage_healed":0.0,"max_hp_gain":0.0,"max_hp_loss":0.0,"gold_gain":0.0,"event_name":"WeMeetAgain","player_choice":"Gave Potion","floor":30.0,"gold_loss":0.0,"damage_taken":0.0,"relics_obtained":["Bag of Marbles"]},{"damage_healed":0.0,"max_hp_gain":0.0,"max_hp_loss":0.0,"gold_gain":0.0,"event_name":"Masked Bandits","player_choice":"Fought Bandits","floor":31.0,"gold_loss":0.0,"damage_taken":0.0},{"damage_healed":0.0,"max_hp_gain":0.0,"max_hp_loss":0.0,"gold_gain":333.0,"event_name":"The Moai Head","player_choice":"Gave Idol","floor":36.0,"relics_lost":["Golden Idol"],"gold_loss":0.0,"damage_taken":0.0},{"damage_healed":0.0,"max_hp_gain":0.0,"max_hp_loss":0.0,"gold_gain":0.0,"event_name":"SensoryStone","player_choice":"Memory 1","floor":37.0,"gold_loss":0.0,"damage_taken":0.0},{"damage_healed":0.0,"max_hp_gain":0.0,"max_hp_loss":0.0,"gold_gain":0.0,"event_name":"MindBloom","player_choice":"Fight","floor":41.0,"gold_loss":0.0,"damage_taken":0.0}],"is_beta":false,"boss_relics":[{"not_picked":["Runic Dome","Tiny House"],"picked":"Pandora\u0027s Box"},{"not_picked":["Ring of the Serpent","Lizard Tail"],"picked":"Cursed Key"}],"items_purged_floors":[3,21,39],"is_endless":false,"potions_floor_spawned":[2,8,18,22,24,31,33,38],"killed_by":"Maw","ascension_level":2}