{"gold_per_floor":[115,129,54,54,70,70,95,95,143,162,62,62,74,90,90,194,194,205,255,130,140,140],"floor_reached":22,"playtime":1118,"items_purged":["Strike_G","Defend_G","Defend_G"],"score":205,"play_id":"23b5fb75-823b-4a56-9b9e-5adfba19b1b7","local_time":"20190104203138","is_ascension_mode":true,"campfire_choices":[{"data":"Poisoned Stab","floor":6,"key":"SMITH"},{"data":"Survivor","floor":8,"key":"SMITH"},{"data":"Deadly Poison","floor":12,"key":"SMITH"},{"data":"Bullet Time","floor":15,"key":"SMITH"}],"neow_cost":"NONE","seed_source_timestamp":4903726384314,"circlet_count":0,"master_deck":["Defend_G","Defend_G","Defend_G","Strike_G","Strike_G","Strike_G","Strike_G","Survivor+1","Neutralize+1","Poisoned Stab+1","Deadly Poison+1","Bullet Time+1","Malaise"],"relics":["Ring of the Snake","Centennial Puzzle","Strawberry","Anchor","Snecko Eye"],"potions_floor_usage":[16,16,22],"damage_taken":[{"damage":0,"enemies":"Cultist","floor":1,"turns":4},{"damage":1,"enemies":"Jaw Worm","floor":2,"turns":5},{"damage":0,"enemies":"2 Louse","floor":5,"turns":3},{"damage":32,"enemies":"Gremlin Nob","floor":7,"turns":5},{"damage":1,"enemies":"Large Slime","floor":10,"turns":7},{"damage":1,"enemies":"Exordium Wildlife","floor":13,"turns":6},{"damage":0,"enemies":"3 Louse","floor":14,"turns":4},{"damage":18,"enemies":"Hexaghost","floor":16,"turns":10},{"damage":19,"enemies":"Spheric Guardian","floor":18,"turns":4},{"damage":0,"enemies":"3 Byrds","floor":21,"turns":4},{"damage":7,"enemies":"Colosseum Slavers","floor":22,"turns":3},{"damage":62,"enemies":"Colosseum Nobs","floor":22,"turns":5}],"seed_played":"4567943789753575458","potions_obtained":[{"floor":10,"key":"EssenceOfSteel"},{"floor":14,"key":"EssenceOfSteel"},{"floor":18,"key":"AttackPotion"}],"is_trial":false,"path_per_floor":["M","M","$","?","M","R","E","R","T","M","$","R","M","M","R","B",null,"M","?","$","M","?"],"character_chosen":"THE_SILENT","items_purchased":[],"campfire_rested":0,"item_purchase_floors":[],"current_hp_per_floor":[70,69,69,69,69,69,44,44,44,43,43,43,42,42,42,24,77,58,58,58,58,0],"gold":140,"neow_bonus":"UPGRADE_CARD","is_prod":false,"is_daily":false,"chose_seed":false,"campfire_upgraded":4,"win_rate":0,"timestamp":1546605098,"path_taken":["M","M","$","?","M","R","E","R","T","M","$","R","?","M","R","BOSS","M","?","$","?","?"],"build_version":"2019-01-03v3","purchased_purges":3,"victory":false,"max_hp_per_floor":[70,70,70,70,70,70,77,77,77,77,77,77,77,77,77,77,77,77,77,77,77,77],"card_choices":[{"not_picked":["PiercingWail","Quick Slash","Blade Dance"],"picked":"SKIP","floor":1},{"not_picked":["Acrobatics","Reflex"],"picked":"Poisoned Stab","floor":2},{"not_picked":["Tactician","Sucker Punch"],"picked":"Deadly Poison","floor":5},{"not_picked":["Expertise","Choke"],"picked":"Bullet Time","floor":7},{"not_picked":["Dodge and Roll","Tactician","Outmaneuver"],"picked":"SKIP","floor":10},{"not_picked":["Reflex","Heel Hook","Underhanded Strike"],"picked":"SKIP","floor":13},{"not_picked":["Dagger Spray","Prepared","Dagger Throw"],"picked":"SKIP","floor":14},{"not_picked":["Phantasmal Killer","Wraith Form v2"],"picked":"Malaise","floor":16},{"not_picked":["Bane","PiercingWail+1","Quick Slash"],"picked":"SKIP","floor":18},{"not_picked":["Outmaneuver+1","Sucker Punch","Escape Plan+1"],"picked":"SKIP","floor":21}],"player_experience":380852,"relics_obtained":[{"floor":4,"key":"Centennial Puzzle"},{"floor":7,"key":"Strawberry"},{"floor":9,"key":"Anchor"}],"event_choices":[{"damage_healed":0,"gold_gain":0,"player_choice":"Relic","damage_taken":0,"max_hp_gain":0,"max_hp_loss":0,"event_name":"Wheel of Change","floor":4,"gold_loss":0},{"damage_healed":0,"gold_gain":100,"player_choice":"Bet on Murderer","damage_taken":0,"max_hp_gain":0,"max_hp_loss":0,"event_name":"The Joust","floor":19,"gold_loss":50},{"damage_healed":0,"gold_gain":0,"player_choice":"Fight","damage_taken":0,"max_hp_gain":0,"max_hp_loss":0,"event_name":"Colosseum","floor":22,"gold_loss":0},{"damage_healed":0,"gold_gain":0,"player_choice":"Fought Nobs","damage_taken":0,"max_hp_gain":0,"max_hp_loss":0,"event_name":"Colosseum","floor":22,"gold_loss":0}],"is_beta":false,"boss_relics":[{"not_picked":["Pandora\u0027s Box","Sozu"],"picked":"Snecko Eye"}],"items_purged_floors":[3,11,20],"is_endless":false,"potions_floor_spawned":[10,14,18,22],"killed_by":"Colosseum Nobs","ascension_level":2}