{"gold_per_floor":[112,127,146,165,176,176,191,205,205,205,233,248,274,294,294,389,389,408,408,424,424,437,437,470,470,516,516,528,528,539,565,565,669,669,681,736,746,746,763,763,776,362,362,362,172,188,203,203,203,203],"floor_reached":51,"playtime":3747,"items_purged":["Meteor Strike"],"score":877,"play_id":"e997bcd8-936a-4f1d-ab62-c08cef8faad7","local_time":"20190313210421","is_ascension_mode":true,"campfire_choices":[{"data":"Zap","floor":6,"key":"SMITH"},{"data":"Go for the Eyes","floor":15,"key":"SMITH"},{"data":"Hologram","floor":23,"key":"SMITH"},{"data":"Dualcast","floor":25,"key":"SMITH"},{"floor":27,"key":"REST"},{"floor":32,"key":"REST"},{"data":"Beam Cell","floor":40,"key":"SMITH"},{"data":"Leap","floor":44,"key":"SMITH"},{"data":"Leap","floor":49,"key":"SMITH"}],"neow_cost":"NONE","seed_source_timestamp":1775056073728,"circlet_count":0,"master_deck":["Strike_B+1","Strike_B+1","Strike_B+1","Defend_B+1","Defend_B+1","Defend_B+1","Defend_B+1","Zap+1","Dualcast+1","Sweeping Beam","Go for the Eyes+1","Hologram+1","Cold Snap","Leap+1","Beam Cell+1","Undo","Ball Lightning+1","Rip and Tear+1","Self Repair+1","Static Discharge+1","Biased Cognition+1","Leap+1","Fusion+1","Compile Driver","Leap+1","Conserve Battery+1","Static Discharge+1","Defragment+1","Core Surge","Cold Snap+1","Glacier+1","Coolheaded+1","Capacitor+1","Defragment+1","Stack+1","Chill+1","Hologram+1"],"relics":["Cracked Core","Meat on the Bone","Mercury Hourglass","Omamori","Frozen Egg 2","Black Star","Toxic Egg 2","Bottled Flame","MutagenicStrength","Sundial","Kunai","Coffee Dripper","Unceasing Top","Whetstone","DollysMirror","Blue Candle","PreservedInsect"],"potions_floor_usage":[11,13,14,24,41],"damage_taken":[{"damage":0,"enemies":"Cultist","floor":1,"turns":3},{"damage":0,"enemies":"Small Slimes","floor":2,"turns":3},{"damage":0,"enemies":"Jaw Worm","floor":3,"turns":3},{"damage":9,"enemies":"Looter","floor":4,"turns":3},{"damage":0,"enemies":"Large Slime","floor":5,"turns":4},{"damage":8,"enemies":"3 Louse","floor":7,"turns":2},{"damage":6,"enemies":"Exordium Thugs","floor":8,"turns":4},{"damage":9,"enemies":"3 Sentries","floor":11,"turns":5},{"damage":7,"enemies":"Red Slaver","floor":12,"turns":3},{"damage":22,"enemies":"Gremlin Nob","floor":13,"turns":4},{"damage":0,"enemies":"Gremlin Gang","floor":14,"turns":3},{"damage":14,"enemies":"Hexaghost","floor":16,"turns":6},{"damage":21,"enemies":"Spheric Guardian","floor":18,"turns":4},{"damage":27,"enemies":"2 Thieves","floor":20,"turns":3},{"damage":23,"enemies":"Snake Plant","floor":22,"turns":3},{"damage":30,"enemies":"Slavers","floor":24,"turns":4},{"damage":21,"enemies":"Centurion and Healer","floor":28,"turns":6},{"damage":11,"enemies":"Snecko","floor":30,"turns":4},{"damage":14,"enemies":"Gremlin Leader","floor":31,"turns":7},{"damage":30,"enemies":"Champ","floor":33,"turns":15},{"damage":22,"enemies":"3 Darklings","floor":35,"turns":4},{"damage":52,"enemies":"2 Orb Walkers","floor":36,"turns":4},{"damage":0,"enemies":"Orb Walker","floor":37,"turns":4},{"damage":22,"enemies":"Jaw Worm Horde","floor":39,"turns":3},{"damage":24,"enemies":"Spire Growth","floor":41,"turns":6},{"damage":18,"enemies":"4 Shapes","floor":46,"turns":6},{"damage":0,"enemies":"Transient","floor":47,"turns":5},{"damage":29,"enemies":"Time Eater","floor":50,"turns":11}],"seed_played":"1999770802381374942","potions_obtained":[{"floor":1,"key":"EssenceOfSteel"},{"floor":3,"key":"Ancient Potion"},{"floor":12,"key":"SpeedPotion"},{"floor":13,"key":"Explosive Potion"},{"floor":14,"key":"GamblersBrew"},{"floor":16,"key":"LiquidBronze"},{"floor":22,"key":"EntropicBrew"},{"floor":24,"key":"FearPotion"},{"floor":30,"key":"Regen Potion"},{"floor":41,"key":"EssenceOfSteel"}],"is_trial":false,"path_per_floor":["M","M","M","M","M","R","M","M","T","?","E","M","E","M","R","B",null,"M","?","M","?","M","R","E","R","T","R","M","?","M","E","R","B",null,"M","?","M","?","M","R","M","$","T","R","$","M","M","?","R","B",null],"character_chosen":"DEFECT","items_purchased":["Whetstone","DollysMirror","PreservedInsect","Stack+1"],"campfire_rested":2,"item_purchase_floors":[42,42,45,45],"current_hp_per_floor":[68,68,68,59,59,59,51,45,45,27,30,35,25,37,37,45,68,57,57,52,38,37,37,19,19,19,43,44,44,45,53,77,57,74,62,32,54,54,44,44,57,57,57,57,57,61,71,71,71,52],"gold":203,"neow_bonus":"ONE_RANDOM_RARE_CARD","is_prod":false,"is_daily":false,"chose_seed":false,"campfire_upgraded":7,"win_rate":0,"timestamp":1552525461,"path_taken":["M","M","M","M","M","R","M","M","T","?","E","M","E","M","R","BOSS","M","?","M","?","?","R","E","R","T","R","M","?","M","E","R","BOSS","M","?","M","?","?","R","M","?","T","R","$","?","M","?","R","BOSS"],"build_version":"2019-01-23","purchased_purges":1,"victory":true,"max_hp_per_floor":[75,75,75,75,75,75,75,75,75,75,75,75,75,75,75,75,75,75,75,75,80,80,80,80,80,80,80,80,80,80,80,80,80,80,80,80,80,80,80,80,80,80,80,80,80,80,80,80,80,80],"card_choices":[{"not_picked":["Leap","Aggregate"],"picked":"Sweeping Beam","floor":1},{"not_picked":["Beam Cell","Coolheaded"],"picked":"Go for the Eyes","floor":2},{"not_picked":["Steam Power","Force Field"],"picked":"Hologram","floor":3},{"not_picked":["Recycle","Steam Power"],"picked":"Cold Snap","floor":4},{"not_picked":["Gash","Steam"],"picked":"Leap","floor":5},{"not_picked":["Rip and Tear","Lockon"],"picked":"Beam Cell","floor":7},{"not_picked":["Cold Snap","Compile Driver"],"picked":"Undo","floor":8},{"not_picked":["Sweeping Beam","Sunder"],"picked":"Ball Lightning","floor":11},{"not_picked":["BootSequence","Leap"],"picked":"Rip and Tear","floor":12},{"not_picked":["Lockon","Skim"],"picked":"Self Repair","floor":13},{"not_picked":["Beam Cell","Lockon"],"picked":"Static Discharge+1","floor":14},{"not_picked":["Seek","Creative AI+1"],"picked":"Biased Cognition+1","floor":16},{"not_picked":["Steam Power","Redo"],"picked":"Leap","floor":18},{"not_picked":["Chaos+1","Leap"],"picked":"Fusion+1","floor":20},{"not_picked":["Barrage","Hologram"],"picked":"Compile Driver","floor":22},{"not_picked":["Rebound","Redo"],"picked":"Leap","floor":24},{"not_picked":["Compile Driver","Consume+1"],"picked":"Conserve Battery+1","floor":28},{"not_picked":["Streamline","Stack+1"],"picked":"Static Discharge+1","floor":30},{"not_picked":["Amplify+1","Static Discharge+1"],"picked":"Defragment+1","floor":31},{"not_picked":["Hyperbeam","Machine Learning+1"],"picked":"Core Surge","floor":33},{"not_picked":["Go for the Eyes","Heatsinks+1"],"picked":"Cold Snap+1","floor":35},{"not_picked":["Gash","Melter"],"picked":"Glacier+1","floor":36},{"not_picked":["Streamline","Gash+1"],"picked":"Coolheaded+1","floor":37},{"not_picked":["Turbo+1","Gash","Reprogram+1"],"picked":"SKIP","floor":39},{"not_picked":["Gash+1","Barrage"],"picked":"Capacitor+1","floor":41},{"not_picked":["BootSequence+1","All For One"],"picked":"Chill+1","floor":46},{"not_picked":["Steam+1","Beam Cell"],"picked":"Hologram+1","floor":47}],"player_experience":159716,"relics_obtained":[{"floor":9,"key":"Meat on the Bone"},{"floor":11,"key":"Omamori"},{"floor":13,"key":"Frozen Egg 2"},{"floor":24,"key":"Toxic Egg 2"},{"floor":24,"key":"Bottled Flame"},{"floor":31,"key":"Sundial"},{"floor":31,"key":"Kunai"},{"floor":36,"key":"Unceasing Top"},{"floor":43,"key":"Blue Candle"}],"event_choices":[{"damage_healed":0,"gold_gain":0,"player_choice":"Success","damage_taken":18,"relics_obtained":["Mercury Hourglass"],"max_hp_gain":0,"max_hp_loss":0,"event_name":"Scrap Ooze","floor":10,"gold_loss":0},{"damage_healed":0,"gold_gain":0,"player_choice":"Simplicity","damage_taken":0,"max_hp_gain":0,"max_hp_loss":0,"event_name":"Back to Basics","floor":19,"gold_loss":0,"cards_upgraded":["Strike_B","Strike_B","Strike_B","Strike_B","Defend_B","Defend_B","Defend_B","Defend_B"]},{"damage_healed":0,"gold_gain":0,"player_choice":"Shed Blood","damage_taken":19,"max_hp_gain":5,"max_hp_loss":0,"event_name":"Forgotten Altar","floor":21,"gold_loss":0},{"damage_healed":0,"gold_gain":0,"player_choice":"Inject Mutagens","damage_taken":0,"relics_obtained":["MutagenicStrength"],"max_hp_gain":0,"max_hp_loss":0,"event_name":"Drug Dealer","floor":29,"gold_loss":0},{"damage_healed":0,"gold_gain":0,"player_choice":"Fight","damage_taken":0,"max_hp_gain":0,"max_hp_loss":0,"event_name":"Mysterious Sphere","floor":36,"gold_loss":0},{"damage_healed":0,"gold_gain":0,"player_choice":"Cursed","damage_taken":0,"max_hp_gain":0,"max_hp_loss":0,"event_name":"Wheel of Change","floor":38,"gold_loss":0,"cards_obtained":["Decay"]},{"cards_removed":["Strike_B"],"damage_healed":0,"gold_gain":0,"player_choice":"Removed Attack","damage_taken":0,"max_hp_gain":0,"max_hp_loss":0,"event_name":"Falling","floor":48,"gold_loss":0}],"is_beta":false,"boss_relics":[{"not_picked":["Eternal Feather","White Beast Statue"],"picked":"Black Star"},{"not_picked":["Orrery","Tiny House"],"picked":"Coffee Dripper"}],"items_purged_floors":[42],"is_endless":false,"potions_floor_spawned":[1,3,12,13,14,16,22,24,30,35,41,47],"ascension_level":6}