{"gold_per_floor":[112,43,43,60,73,102,102,132,132,132,151,164,197,272,272,371,371,382,382,12,26,42,42,73,87,110,10,10,27,52,72,72,72],"floor_reached":33,"playtime":1492,"items_purged":["Strike_B","Strike_B"],"score":430,"play_id":"fdcafc23-e2c2-494c-82c4-1ccd869e7c6f","local_time":"20190404110657","is_ascension_mode":true,"campfire_choices":[{"data":"Barrage","floor":7,"key":"SMITH"},{"data":"Zap","floor":10,"key":"SMITH"},{"floor":15,"key":"REST"},{"data":"Sunder","floor":23,"key":"SMITH"},{"floor":28,"key":"REST"},{"floor":32,"key":"REST"}],"neow_cost":"NONE","seed_source_timestamp":907745136076691,"circlet_count":0,"master_deck":["Defend_B","Defend_B","Defend_B","Defend_B","Zap+1","Dualcast","Barrage+1","Static Discharge","Chill","Sweeping Beam+1","Leap","Electrodynamics","Conserve Battery","Sunder+1","Gash","Gash+1","Turbo+1","Leap","Gash","Self Repair","Capacitor+1"],"relics":["Cracked Core","DataDisk","Emotion Chip","Ginger","Du-Vu Doll","Calipers","Sozu","Kunai","Bird Faced Urn","Whetstone","Dodecahedron"],"potions_floor_usage":[6,11,13,16],"damage_taken":[{"damage":2,"enemies":"Jaw Worm","floor":1,"turns":3},{"damage":1,"enemies":"Cultist","floor":4,"turns":4},{"damage":9,"enemies":"2 Louse","floor":5,"turns":3},{"damage":10,"enemies":"Gremlin Nob","floor":6,"turns":4},{"damage":11,"enemies":"Lagavulin","floor":8,"turns":6},{"damage":8,"enemies":"Lots of Slimes","floor":11,"turns":3},{"damage":2,"enemies":"Exordium Thugs","floor":12,"turns":2},{"damage":2,"enemies":"3 Sentries","floor":13,"turns":5},{"damage":22,"enemies":"The Guardian","floor":16,"turns":9},{"damage":4,"enemies":"Chosen","floor":18,"turns":4},{"damage":8,"enemies":"2 Thieves","floor":21,"turns":3},{"damage":9,"enemies":"Centurion and Healer","floor":22,"turns":5},{"damage":16,"enemies":"Book of Stabbing","floor":24,"turns":4},{"damage":12,"enemies":"Cultist and Chosen","floor":25,"turns":5},{"damage":5,"enemies":"3 Cultists","floor":29,"turns":4},{"damage":22,"enemies":"Gremlin Leader","floor":30,"turns":7},{"damage":21,"enemies":"Snake Plant","floor":31,"turns":3},{"damage":52,"enemies":"Collector","floor":33,"turns":6}],"seed_played":"8192838135070680349","potions_obtained":[{"floor":4,"key":"Weak Potion"},{"floor":5,"key":"Dexterity Potion"},{"floor":12,"key":"Strength Potion"},{"floor":13,"key":"Dexterity Potion"}],"is_trial":false,"path_per_floor":["M","$","?","M","M","E","R","E","T","R","M","M","E","?","R","B",null,"M","?","$","M","M","R","E","M","T","$","R","M","E","M","R","B"],"character_chosen":"DEFECT","items_purchased":["Static Discharge","Gash","Kunai"],"campfire_rested":3,"item_purchase_floors":[2,20,20],"current_hp_per_floor":[66,66,66,65,56,46,46,35,35,35,27,25,23,12,34,12,59,55,55,55,47,38,38,22,14,14,14,36,35,17,9,31,0],"gold":72,"neow_bonus":"RANDOM_COMMON_RELIC","is_prod":false,"is_daily":false,"chose_seed":false,"campfire_upgraded":3,"win_rate":0,"timestamp":1554368817,"path_taken":["M","$","?","M","?","E","R","E","T","R","M","M","E","?","R","BOSS","M","?","$","M","M","R","E","?","T","?","R","M","E","M","R","BOSS"],"build_version":"2019-01-23","purchased_purges":2,"victory":false,"max_hp_per_floor":[75,75,75,75,75,75,75,75,75,75,75,75,75,75,75,75,75,75,75,75,75,75,75,75,75,75,75,75,75,75,75,75,75],"card_choices":[{"not_picked":["Self Repair","Compile Driver"],"picked":"Barrage","floor":1},{"not_picked":["Rebound","Redo"],"picked":"Chill","floor":4},{"not_picked":["Beam Cell","Streamline"],"picked":"Sweeping Beam","floor":5},{"not_picked":["Coolheaded","Cold Snap","Rebound"],"picked":"SKIP","floor":6},{"not_picked":["Steam","Beam Cell"],"picked":"Leap","floor":8},{"not_picked":["Static Discharge","Sweeping Beam","Chill"],"picked":"SKIP","floor":11},{"not_picked":["Hologram","Melter","Blizzard"],"picked":"SKIP","floor":12},{"not_picked":["Melter","White Noise"],"picked":"Electrodynamics","floor":13},{"not_picked":["Hologram","Cold Snap"],"picked":"Conserve Battery","floor":18},{"not_picked":["Scrape","Darkness+1"],"picked":"Gash","floor":21},{"not_picked":["Tempest","Redo"],"picked":"Turbo+1","floor":22},{"not_picked":["Cold Snap","Fission"],"picked":"Leap","floor":24},{"not_picked":["Leap","Hologram"],"picked":"Gash","floor":25},{"not_picked":["Rip and Tear","Beam Cell","Turbo"],"picked":"SKIP","floor":29},{"not_picked":["Streamline","Genetic Algorithm+1"],"picked":"Self Repair","floor":30},{"not_picked":["Static Discharge","Conserve Battery"],"picked":"Capacitor+1","floor":31}],"player_experience":431582,"relics_obtained":[{"floor":6,"key":"Emotion Chip"},{"floor":8,"key":"Ginger"},{"floor":9,"key":"Du-Vu Doll"},{"floor":13,"key":"Calipers"},{"floor":24,"key":"Bird Faced Urn"},{"floor":26,"key":"Whetstone"},{"floor":30,"key":"Dodecahedron"}],"event_choices":[{"cards_removed":["Strike_B"],"damage_healed":0,"gold_gain":0,"player_choice":"Purged","damage_taken":0,"max_hp_gain":0,"max_hp_loss":0,"event_name":"Purifier","floor":3,"gold_loss":0},{"damage_healed":0,"gold_gain":75,"player_choice":"Gather Gold","damage_taken":11,"max_hp_gain":0,"max_hp_loss":0,"event_name":"World of Goop","floor":14,"gold_loss":0},{"damage_healed":0,"gold_gain":0,"cards_transformed":["Strike_B"],"player_choice":"Transformed","damage_taken":0,"max_hp_gain":0,"max_hp_loss":0,"event_name":"Transmorgrifier","floor":19,"gold_loss":0,"cards_obtained":["Sunder"]}],"is_beta":false,"boss_relics":[{"not_picked":["Lizard Tail","Runic Dome"],"picked":"Sozu"}],"items_purged_floors":[20,27],"is_endless":false,"potions_floor_spawned":[4,5,12,13,18,22,30],"killed_by":"Collector","ascension_level":8}