{"gold_per_floor":[214,231,306,324,47,47,47,47,73,73,102,102,127,127,127,202,202,222,222,236,249,268,268,302,302,328,352,392,31,41,41,41,112,112,130,30,48,99,99,99,99],"floor_reached":41,"playtime":1868,"items_purged":["Strike_R","Bloodletting"],"score":874,"play_id":"10b9d699-63cd-4a62-863d-424fba122d61","local_time":"20190418115838","is_ascension_mode":true,"campfire_choices":[{"data":"Bash","floor":6,"key":"SMITH"},{"data":"Thunderclap","floor":8,"key":"SMITH"},{"floor":10,"key":"REST"},{"data":"Anger","floor":15,"key":"SMITH"},{"floor":23,"key":"REST"},{"floor":25,"key":"REST"},{"floor":32,"key":"REST"},{"floor":40,"key":"REST"}],"neow_cost":"NONE","seed_source_timestamp":1739073581390540,"circlet_count":0,"master_deck":["AscendersBane","Defend_R","Defend_R","Defend_R","Defend_R","Bash+1","Pommel Strike","Anger+1","Thunderclap+1","Disarm","Uppercut+1","Impervious","Hemokinesis","Havoc+1","Cleave","Impervious","Disarm","Heavy Blade+1","Offering","Battle Trance+1","Feel No Pain"],"relics":["Burning Blood","Potion Belt","Red Skull","Orichalcum","Oddly Smooth Stone","Fusion Hammer","Sundial","MawBank","Turnip","Meat on the Bone","Empty Cage","Torii"],"potions_floor_usage":[11,16,24,27,33,33,38,38],"damage_taken":[{"damage":9,"enemies":"Small Slimes","floor":1,"turns":5},{"damage":3,"enemies":"2 Louse","floor":2,"turns":4},{"damage":14,"enemies":"Jaw Worm","floor":4,"turns":6},{"damage":8,"enemies":"Gremlin Nob","floor":11,"turns":3},{"damage":19,"enemies":"3 Sentries","floor":13,"turns":7},{"damage":36,"enemies":"Slime Boss","floor":16,"turns":8},{"damage":15,"enemies":"Spheric Guardian","floor":18,"turns":4},{"damage":26,"enemies":"3 Byrds","floor":20,"turns":6},{"damage":11,"enemies":"Snecko","floor":21,"turns":5},{"damage":6,"enemies":"Snake Plant","floor":22,"turns":4},{"damage":39,"enemies":"Slavers","floor":24,"turns":5},{"damage":11,"enemies":"Cultist and Chosen","floor":27,"turns":5},{"damage":29,"enemies":"Book of Stabbing","floor":28,"turns":5},{"damage":4,"enemies":"Snecko","floor":30,"turns":5},{"damage":71,"enemies":"Champ","floor":33,"turns":12},{"damage":8,"enemies":"Orb Walker","floor":35,"turns":4},{"damage":45,"enemies":"3 Darklings","floor":37,"turns":4},{"damage":20,"enemies":"2 Orb Walkers","floor":38,"turns":3},{"damage":75,"enemies":"Nemesis","floor":41,"turns":10}],"seed_played":"-2501170176145081963","potions_obtained":[{"floor":2,"key":"Block Potion"},{"floor":4,"key":"AttackPotion"},{"floor":13,"key":"FairyPotion"},{"floor":20,"key":"SneckoOil"},{"floor":21,"key":"Energy Potion"},{"floor":24,"key":"FairyPotion"},{"floor":33,"key":"Weak Potion"},{"floor":35,"key":"Swift Potion"}],"is_trial":false,"path_per_floor":["M","M","?","M","$","R","?","R","T","R","E","?","E","?","R","B",null,"M","?","M","M","M","R","E","R","T","M","E","$","M","?","R","B",null,"M","$","M","?","?","R","E"],"character_chosen":"IRONCLAD","items_purchased":["Anger","Thunderclap","Disarm","Meat on the Bone","Strength Potion","Dexterity Potion"],"campfire_rested":5,"item_purchase_floors":[5,5,5,29,29,29],"current_hp_per_floor":[65,68,57,49,49,49,44,44,44,66,64,64,51,51,51,21,62,53,53,33,28,28,50,17,39,39,34,11,11,25,25,47,25,63,61,61,34,32,32,54,0],"gold":99,"neow_bonus":"HUNDRED_GOLD","is_prod":false,"is_daily":false,"chose_seed":false,"campfire_upgraded":3,"win_rate":0,"timestamp":1555556318,"path_taken":["M","M","?","M","$","R","?","R","T","R","E","?","E","?","R","BOSS","M","?","M","M","M","R","E","R","T","M","E","$","M","?","R","BOSS","M","$","M","?","?","R","E"],"build_version":"2019-01-23","purchased_purges":2,"victory":false,"max_hp_per_floor":[75,75,75,75,75,75,75,75,75,75,75,75,75,75,75,75,75,75,75,75,75,75,75,75,75,75,75,75,75,75,75,75,75,75,75,75,75,75,75,75,75],"card_choices":[{"not_picked":["Havoc","Searing Blow","Heavy Blade"],"picked":"SKIP","floor":1},{"not_picked":["Heavy Blade","Iron Wave"],"picked":"Evolve","floor":2},{"not_picked":["Pummel","Disarm"],"picked":"Pommel Strike","floor":4},{"not_picked":["Perfected Strike","Disarm","Body Slam"],"picked":"SKIP","floor":11},{"not_picked":["Entrench","Clash"],"picked":"Uppercut","floor":13},{"not_picked":["Offering","Berserk"],"picked":"Impervious","floor":16},{"not_picked":["Thunderclap","Wild Strike","Second Wind"],"picked":"SKIP","floor":18},{"not_picked":["Perfected Strike","Headbutt","Thunderclap"],"picked":"SKIP","floor":20},{"not_picked":["Perfected Strike","Pommel Strike","Corruption"],"picked":"SKIP","floor":21},{"not_picked":["Infernal Blade","Sever Soul"],"picked":"Havoc+1","floor":22},{"not_picked":["Fiend Fire","Armaments"],"picked":"Cleave","floor":24},{"not_picked":["Headbutt","Thunderclap"],"picked":"Impervious","floor":27},{"not_picked":["Dual Wield","Body Slam"],"picked":"Disarm","floor":28},{"not_picked":["Body Slam","Havoc"],"picked":"Heavy Blade+1","floor":30},{"not_picked":["Demon Form","Juggernaut"],"picked":"Offering","floor":33},{"not_picked":["Flex","Second Wind","Sword Boomerang"],"picked":"SKIP","floor":35},{"not_picked":["Hemokinesis","Reckless Charge"],"picked":"Battle Trance+1","floor":37},{"not_picked":["Wild Strike+1","Perfected Strike+1"],"picked":"Feel No Pain","floor":38}],"player_experience":960178,"relics_obtained":[{"floor":9,"key":"Red Skull"},{"floor":11,"key":"Orichalcum"},{"floor":13,"key":"Oddly Smooth Stone"},{"floor":24,"key":"Sundial"},{"floor":26,"key":"MawBank"},{"floor":28,"key":"Turnip"},{"floor":38,"key":"Torii"}],"event_choices":[{"damage_healed":0,"gold_gain":75,"player_choice":"Gather Gold","damage_taken":11,"max_hp_gain":0,"max_hp_loss":0,"event_name":"World of Goop","floor":3,"gold_loss":0},{"damage_healed":0,"gold_gain":0,"player_choice":"Success","damage_taken":5,"relics_obtained":["Potion Belt"],"max_hp_gain":0,"max_hp_loss":0,"event_name":"Scrap Ooze","floor":7,"gold_loss":0},{"damage_healed":0,"gold_gain":0,"player_choice":"Ignored","damage_taken":0,"max_hp_gain":0,"max_hp_loss":0,"event_name":"Liars Game","floor":12,"gold_loss":0},{"damage_healed":0,"gold_gain":0,"player_choice":"Grow","damage_taken":0,"max_hp_gain":0,"max_hp_loss":0,"event_name":"Living Wall","floor":14,"gold_loss":0,"cards_upgraded":["Uppercut"]},{"damage_healed":0,"gold_gain":0,"cards_transformed":["Strike_R","Strike_R"],"player_choice":"Became Test Subject","damage_taken":0,"max_hp_gain":0,"max_hp_loss":0,"event_name":"Drug Dealer","floor":19,"gold_loss":0,"cards_obtained":["Bloodletting","Hemokinesis"]},{"damage_healed":0,"gold_gain":0,"player_choice":"Fight","damage_taken":0,"max_hp_gain":0,"max_hp_loss":0,"event_name":"Mysterious Sphere","floor":38,"gold_loss":0},{"cards_removed":["Evolve"],"damage_healed":0,"gold_gain":0,"player_choice":"Removed Power","damage_taken":0,"max_hp_gain":0,"max_hp_loss":0,"event_name":"Falling","floor":39,"gold_loss":0}],"is_beta":false,"boss_relics":[{"not_picked":["Coffee Dripper","Philosopher\u0027s Stone"],"picked":"Fusion Hammer"},{"not_picked":["Runic Cube","Black Star"],"picked":"Empty Cage"}],"items_purged_floors":[5,36],"is_endless":false,"potions_floor_spawned":[2,4,13,20,21,24,30,33,35],"killed_by":"Nemesis","ascension_level":20}