{"gold_per_floor":[359,63,77,36,36,36,56,56,56,72,96,96,96,132,132,227,227,248,163,88,88,88,88,88,88,112,153,153,176,27,42,42,42],"floor_reached":33,"playtime":1014,"items_purged":[],"score":522,"play_id":"ae135f20-c184-453c-8a2d-8fa72c464702","local_time":"20190413150352","is_ascension_mode":true,"campfire_choices":[{"data":"Zap","floor":6,"key":"SMITH"},{"data":"Go for the Eyes","floor":8,"key":"SMITH"},{"floor":13,"key":"REST"},{"floor":15,"key":"DIG"},{"data":"RitualDagger","floor":23,"key":"SMITH"},{"data":"Sweeping Beam","floor":25,"key":"SMITH"},{"floor":28,"key":"DIG"},{"floor":32,"key":"REST"}],"neow_cost":"TEN_PERCENT_HP_LOSS","seed_source_timestamp":1319039886164322,"circlet_count":0,"master_deck":["AscendersBane","Strike_B","Strike_B","Strike_B","Defend_B","Defend_B","Defend_B","Defend_B+1","Zap+1","Dualcast+1","Rip and Tear","Panacea","Go for the Eyes+1","Sweeping Beam+1","Leap","Ball Lightning","All For One","Echo Form","Consume+1","RitualDagger+1","Injury","Leap+1","Compile Driver","Electrodynamics"],"relics":["Cracked Core","Oddly Smooth Stone","Golden Idol","Shovel","War Paint","Orichalcum","DataDisk","Cursed Key","Juzu Bracelet","FaceOfCleric","Potion Belt","Lantern"],"potions_floor_usage":[14,18,27,27,31],"damage_taken":[{"damage":10,"enemies":"Small Slimes","floor":1,"turns":4},{"damage":6,"enemies":"Jaw Worm","floor":3,"turns":2},{"damage":2,"enemies":"2 Louse","floor":7,"turns":2},{"damage":0,"enemies":"2 Fungi Beasts","floor":10,"turns":3},{"damage":8,"enemies":"Lots of Slimes","floor":11,"turns":3},{"damage":2,"enemies":"Gremlin Nob","floor":14,"turns":3},{"damage":14,"enemies":"The Guardian","floor":16,"turns":8},{"damage":10,"enemies":"Shell Parasite","floor":18,"turns":4},{"damage":20,"enemies":"Slavers","floor":27,"turns":6},{"damage":9,"enemies":"Chosen","floor":29,"turns":4},{"damage":6,"enemies":"3 Cultists","floor":31,"turns":3},{"damage":42,"enemies":"Automaton","floor":33,"turns":6}],"seed_played":"-4920991412579961326","potions_obtained":[{"floor":1,"key":"Poison Potion"},{"floor":3,"key":"Fire Potion"},{"floor":11,"key":"FearPotion"},{"floor":16,"key":"Weak Potion"},{"floor":18,"key":"SkillPotion"},{"floor":29,"key":"SkillPotion"}],"is_trial":false,"path_per_floor":["M","$","M","?","?","R","M","R","T","M","M","?","R","E","R","B",null,"M","?","?","?","?","R","?","R","T","E","R","M","$","M","R","B"],"character_chosen":"DEFECT","items_purchased":["Panacea","Oddly Smooth Stone","Go for the Eyes","Electrodynamics"],"campfire_rested":2,"item_purchase_floors":[2,2,2,30],"current_hp_per_floor":[54,54,48,48,48,48,46,46,46,46,38,27,44,42,42,28,51,41,41,41,41,35,35,47,47,47,28,28,20,20,15,33,0],"gold":42,"neow_bonus":"TWO_FIFTY_GOLD","is_prod":false,"is_daily":false,"chose_seed":false,"campfire_upgraded":4,"win_rate":0,"timestamp":1555135432,"path_taken":["M","$","M","?","?","R","M","R","T","M","M","?","R","E","R","BOSS","M","?","?","?","?","R","?","R","T","E","R","M","$","M","R","BOSS"],"build_version":"2019-01-23","purchased_purges":0,"victory":false,"max_hp_per_floor":[64,64,64,64,58,58,58,58,58,58,58,58,58,58,58,58,58,58,58,58,58,58,58,58,58,58,59,59,60,60,61,61,61],"card_choices":[{"not_picked":["Fusion","Redo"],"picked":"Rip and Tear","floor":1},{"not_picked":["Storm","Barrage","Redo"],"picked":"SKIP","floor":3},{"not_picked":["Stack","Rebound"],"picked":"Sweeping Beam","floor":7},{"not_picked":["Hello World","Tempest"],"picked":"Leap","floor":10},{"not_picked":["Gash","Conserve Battery"],"picked":"Ball Lightning","floor":11},{"not_picked":["Chaos","Redo"],"picked":"All For One","floor":14},{"not_picked":["Creative AI","Machine Learning"],"picked":"Echo Form","floor":16},{"not_picked":["Streamline","Steam"],"picked":"Consume+1","floor":18},{"not_picked":["Redo","Sweeping Beam"],"picked":"Leap+1","floor":27},{"not_picked":["Barrage+1","Fusion"],"picked":"Compile Driver","floor":29},{"not_picked":["Barrage","Darkness","Ball Lightning"],"picked":"SKIP","floor":31}],"player_experience":915013,"relics_obtained":[{"floor":9,"key":"Shovel"},{"floor":14,"key":"Orichalcum"},{"floor":15,"key":"DataDisk"},{"floor":27,"key":"Potion Belt"},{"floor":28,"key":"Lantern"}],"event_choices":[{"damage_healed":0,"gold_gain":0,"player_choice":"Left Gold","damage_taken":0,"max_hp_gain":0,"max_hp_loss":0,"event_name":"World of Goop","floor":4,"gold_loss":41},{"damage_healed":0,"gold_gain":0,"player_choice":"Lose Max HP","damage_taken":0,"relics_obtained":["Golden Idol"],"max_hp_gain":0,"max_hp_loss":6,"event_name":"Golden Idol","floor":5,"gold_loss":0},{"damage_healed":0,"gold_gain":0,"player_choice":"Success","damage_taken":11,"relics_obtained":["War Paint"],"max_hp_gain":0,"max_hp_loss":0,"event_name":"Scrap Ooze","floor":12,"gold_loss":0},{"damage_healed":0,"gold_gain":0,"player_choice":"Obtained Relic","damage_taken":0,"relics_obtained":["Juzu Bracelet"],"max_hp_gain":0,"max_hp_loss":0,"event_name":"Addict","floor":19,"gold_loss":85},{"cards_removed":["Strike_B"],"damage_healed":0,"gold_gain":0,"player_choice":"Gave Gold","damage_taken":0,"max_hp_gain":0,"max_hp_loss":0,"event_name":"Beggar","floor":20,"gold_loss":75},{"damage_healed":0,"gold_gain":0,"player_choice":"Trade","damage_taken":0,"relics_obtained":["FaceOfCleric"],"max_hp_gain":0,"max_hp_loss":0,"event_name":"FaceTrader","floor":21,"gold_loss":0},{"damage_healed":0,"gold_gain":0,"player_choice":"Joined the Cult","damage_taken":6,"max_hp_gain":0,"max_hp_loss":0,"event_name":"Nest","floor":22,"gold_loss":0,"cards_obtained":["RitualDagger"]},{"damage_healed":12,"gold_gain":0,"player_choice":"Heal","damage_taken":0,"max_hp_gain":0,"max_hp_loss":0,"event_name":"The Library","floor":24,"gold_loss":0}],"is_beta":false,"boss_relics":[{"not_picked":["White Beast Statue","FrozenCore"],"picked":"Cursed Key"}],"items_purged_floors":[],"is_endless":false,"potions_floor_spawned":[1,3,11,16,18,29],"killed_by":"Automaton","ascension_level":20}