{"gold_per_floor":[109,121,137,65,85,85,101,126,152,3,3,3,28,28,28,130,130,143,159,171,71,90,107,107],"floor_reached":24,"playtime":1351,"items_purged":["Strike_B","Strike_B"],"score":305,"play_id":"642963bc-74d7-499b-8bbb-ead6aeeaf99c","local_time":"20190426215536","is_ascension_mode":true,"campfire_choices":[{"data":"Defragment","floor":6,"key":"SMITH"},{"data":"Go for the Eyes","floor":11,"key":"SMITH"},{"floor":15,"key":"REST"}],"neow_cost":"NONE","seed_source_timestamp":6806862522876,"circlet_count":0,"master_deck":["Strike_B","Strike_B","Defend_B","Defend_B","Defend_B","Defend_B+1","Zap","Dualcast+1","Cold Snap","Leap","Go for the Eyes+1","Defragment+1","BootSequence","Loop","Machine Learning","Core Surge","Ball Lightning","Glacier","Ball Lightning"],"relics":["Cracked Core","Dream Catcher","Regal Pillow","War Paint","Juzu Bracelet","Happy Flower","Orrery"],"potions_floor_usage":[13,19],"damage_taken":[{"damage":0,"enemies":"2 Louse","floor":1,"turns":3},{"damage":2,"enemies":"Jaw Worm","floor":2,"turns":4},{"damage":0,"enemies":"Cultist","floor":3,"turns":3},{"damage":3,"enemies":"Blue Slaver","floor":5,"turns":5},{"damage":8,"enemies":"Exordium Wildlife","floor":7,"turns":4},{"damage":13,"enemies":"Lagavulin","floor":8,"turns":7},{"damage":15,"enemies":"Gremlin Nob","floor":13,"turns":6},{"damage":23,"enemies":"The Guardian","floor":16,"turns":13},{"damage":7,"enemies":"Shell Parasite","floor":18,"turns":7},{"damage":6,"enemies":"3 Byrds","floor":19,"turns":8},{"damage":14,"enemies":"Centurion and Healer","floor":20,"turns":8},{"damage":8,"enemies":"Snecko","floor":22,"turns":5},{"damage":31,"enemies":"Shelled Parasite and Fungi","floor":23,"turns":6},{"damage":0,"enemies":"Slavers","floor":24,"turns":1}],"seed_played":"4495654245884855868","potions_obtained":[{"floor":1,"key":"FocusPotion"},{"floor":7,"key":"SpeedPotion"},{"floor":13,"key":"FocusPotion"},{"floor":18,"key":"SkillPotion"},{"floor":22,"key":"FearPotion"},{"floor":23,"key":"PowerPotion"}],"is_trial":false,"path_per_floor":["M","M","M","$","M","R","M","E","T","$","R","?","E","?","R","B",null,"M","M","M","$","M","M","E"],"character_chosen":"DEFECT","items_purchased":["Defragment","Loop"],"campfire_rested":1,"item_purchase_floors":[4,10],"current_hp_per_floor":[68,66,66,66,63,63,55,42,42,42,42,42,27,27,64,41,67,60,54,40,40,32,1,1],"gold":107,"neow_bonus":"RANDOM_COMMON_RELIC","is_prod":false,"is_daily":false,"chose_seed":false,"campfire_upgraded":2,"win_rate":0,"timestamp":1556308536,"path_taken":["M","M","M","$","M","R","M","E","T","$","R","?","E","?","R","BOSS","M","M","M","$","M","M","E"],"build_version":"2019-01-23","purchased_purges":2,"victory":false,"max_hp_per_floor":[75,75,75,75,75,75,75,75,75,75,75,75,75,75,75,75,75,75,75,75,75,75,75,75],"card_choices":[{"not_picked":["Darkness","Force Field"],"picked":"Cold Snap","floor":1},{"not_picked":["Compile Driver","Beam Cell"],"picked":"Leap","floor":2},{"not_picked":["Rip and Tear","Hologram"],"picked":"Go for the Eyes","floor":3},{"not_picked":["All For One","Turbo","Chaos"],"picked":"SKIP","floor":5},{"not_picked":["Conserve Battery","Coolheaded","Auto Shields"],"picked":"SKIP","floor":7},{"not_picked":["Beam Cell","Turbo"],"picked":"BootSequence","floor":8},{"not_picked":["Go for the Eyes","Recycle","Beam Cell"],"picked":"SKIP","floor":13},{"not_picked":["Steam","Rebound"],"picked":"Machine Learning","floor":15},{"not_picked":["Reboot","Thunder Strike"],"picked":"Core Surge","floor":16},{"not_picked":["Force Field","Auto Shields"],"picked":"Ball Lightning","floor":17},{"not_picked":["Barrage","Turbo"],"picked":"Glacier","floor":17},{"not_picked":["Redo","Stack","Gash"],"picked":"SKIP","floor":18},{"not_picked":["Turbo","Defragment","Rebound"],"picked":"SKIP","floor":19},{"not_picked":["Echo Form","Self Repair","Lockon"],"picked":"SKIP","floor":20},{"not_picked":["Glacier","Lockon"],"picked":"Ball Lightning","floor":22},{"not_picked":["Turbo","Sweeping Beam+1","Compile Driver"],"picked":"SKIP","floor":23}],"player_experience":493260,"relics_obtained":[{"floor":8,"key":"Regal Pillow"},{"floor":9,"key":"War Paint"},{"floor":13,"key":"Juzu Bracelet"}],"event_choices":[{"damage_healed":0,"gold_gain":0,"player_choice":"Ignored","damage_taken":0,"max_hp_gain":0,"max_hp_loss":0,"event_name":"Liars Game","floor":12,"gold_loss":0},{"damage_healed":0,"gold_gain":0,"player_choice":"Gave Potion","damage_taken":0,"relics_obtained":["Happy Flower"],"max_hp_gain":0,"max_hp_loss":0,"event_name":"WeMeetAgain","floor":14,"gold_loss":0}],"is_beta":false,"boss_relics":[{"not_picked":["Tiny House","Fusion Hammer"],"picked":"Orrery"}],"items_purged_floors":[10,21],"is_endless":false,"potions_floor_spawned":[1,7,13,18,22,23],"killed_by":"Slavers","ascension_level":9}