{"path_per_floor":["M","M","M","M","?","R","E","R","T","E","M","?","M","M","R","B",null,"M","M","$"],"character_chosen":"IRONCLAD","items_purchased":["Combust+1","Master of Strategy","Finesse","Pommel Strike"],"gold_per_floor":[117,130,150,168,168,168,198,198,221,250,263,338,356,371,371,476,476,494,506,57,57],"floor_reached":21,"campfire_rested":0,"playtime":1829,"item_purchase_floors":[20,20,20,20],"current_hp_per_floor":[72,72,72,72,72,72,72,72,72,72,65,54,56,62,62,54,72,44,30,30,0],"items_purged":["Writhe"],"gold":57,"score":193,"play_id":"7da565d7-bee4-45c7-8e69-760bcaf9679f","local_time":"20180527000628","is_prod":false,"is_daily":false,"chose_seed":false,"is_ascension_mode":false,"campfire_upgraded":3,"win_rate":0.0,"timestamp":1527397588,"campfire_choices":[{"data":"Metallicize","floor":6,"key":"SMITH"},{"data":"Sword Boomerang","floor":8,"key":"SMITH"},{"data":"Infernal Blade","floor":15,"key":"SMITH"}],"path_taken":["M","M","M","M","?","R","E","R","T","E","M","?","M","M","R","BOSS","M","?","?","M"],"build_version":"2018-05-24","seed_source_timestamp":346210895182139,"purchased_purges":1,"victory":false,"master_deck":["Strike_R","Strike_R","Strike_R","Strike_R","Defend_R","Defend_R","Defend_R","Defend_R","Metallicize+1","Anger","Sword Boomerang+1","Shockwave+1","Anger","Demon Form","Rupture","Ghostly Armor","Infernal Blade+1","Limit Break","Heavy Blade+1","Iron Wave+1","Combust+1","Master of Strategy","Finesse","Pommel Strike"],"max_hp_per_floor":[72,72,72,72,72,72,72,72,72,72,72,72,72,72,72,72,72,72,72,72,72],"relics":["Burning Blood","Omamori","Orichalcum","Bag of Marbles","Calling Bell","Boot","Frozen Egg 2","Shovel"],"card_choices":[{"not_picked":["Sword Boomerang","Cleave"],"picked":"Metallicize","floor":1},{"not_picked":["Perfected Strike","Clothesline"],"picked":"Anger","floor":2},{"not_picked":["Clothesline","Warcry"],"picked":"Sword Boomerang","floor":3},{"not_picked":["Clothesline","Sword Boomerang"],"picked":"Shockwave","floor":4},{"not_picked":["Body Slam","Clothesline"],"picked":"Anger","floor":7},{"not_picked":["True Grit","Corruption"],"picked":"Demon Form","floor":10},{"not_picked":["Armaments","Sword Boomerang"],"picked":"Rupture","floor":11},{"not_picked":["Bloodletting","Clash"],"picked":"Ghostly Armor","floor":13},{"not_picked":["Pommel Strike","Perfected Strike"],"picked":"Infernal Blade","floor":14},{"not_picked":["Bludgeon","Impervious"],"picked":"Limit Break","floor":16},{"not_picked":["Iron Wave","Perfected Strike"],"picked":"Heavy Blade+1","floor":18},{"not_picked":["Corruption+1","Inflame+1"],"picked":"Iron Wave+1","floor":19}],"player_experience":15324,"potions_floor_usage":[7,16,16,21],"damage_taken":[{"damage":1,"enemies":"Jaw Worm","floor":1,"turns":4},{"damage":1,"enemies":"Cultist","floor":2,"turns":4},{"damage":2,"enemies":"2 Louse","floor":3,"turns":3},{"damage":2,"enemies":"Looter","floor":4,"turns":4},{"damage":6,"enemies":"Gremlin Nob","floor":7,"turns":4},{"damage":6,"enemies":"Lagavulin","floor":10,"turns":5},{"damage":13,"enemies":"Gremlin Gang","floor":11,"turns":4},{"damage":4,"enemies":"Red Slaver","floor":13,"turns":3},{"damage":0,"enemies":"Looter","floor":14,"turns":3},{"damage":26,"enemies":"The Guardian","floor":16,"turns":10},{"damage":34,"enemies":"3 Byrds","floor":18,"turns":5},{"damage":20,"enemies":"Spheric Guardian","floor":19,"turns":6},{"damage":32,"enemies":"Snake Plant","floor":21,"turns":4}],"relics_obtained":[{"floor":7,"key":"Omamori"},{"floor":9,"key":"Orichalcum"},{"floor":10,"key":"Bag of Marbles"},{"floor":17,"key":"Boot"},{"floor":17,"key":"Frozen Egg 2"},{"floor":17,"key":"Shovel"}],"event_choices":[{"event_name":"Upgrade Shrine","player_choice":"Upgraded","floor":5,"damage_taken":0},{"event_name":"World of Goop","player_choice":"Gather Gold","floor":12,"damage_taken":0}],"boss_relics":[{"not_picked":["Runic Dome","Eternal Feather"],"picked":"Calling Bell"}],"items_purged_floors":[20],"potions_floor_spawned":[1,4,10,13,14,16],"seed_played":"7001257486334032846","killed_by":"Snake Plant","ascension_level":0,"potions_obtained":[{"floor":1,"key":"Ancient Potion"},{"floor":4,"key":"SteroidPotion"},{"floor":10,"key":"SteroidPotion"},{"floor":13,"key":"Energy Potion"},{"floor":14,"key":"Regen Potion"},{"floor":16,"key":"Strength Potion"}],"is_trial":false}