{"gold_per_floor":[114,126,203,278,47,76,76,89,89,39,57,57,92,108,108,205,205,221,253,253,34,34,34,61,61,88,88],"floor_reached":27,"playtime":788,"items_purged":["Strike_B","Barrage"],"score":314,"play_id":"4caaf703-d99f-4718-951d-dd2279540cae","local_time":"20181024173533","is_ascension_mode":true,"campfire_choices":[{"data":"Doom and Gloom","floor":7,"key":"SMITH"},{"data":"Dualcast","floor":12,"key":"SMITH"},{"floor":15,"key":"REST"},{"floor":23,"key":"REST"}],"neow_cost":"NONE","seed_source_timestamp":330571645612636,"circlet_count":0,"master_deck":["Defend_B","Defend_B","Defend_B","Defend_B","Zap","Dualcast+1","Doom and Gloom+1","Cold Snap","Ball Lightning","Blizzard","Rainbow+1","Consume+1","Barrage+1","Streamline+1","Beam Cell+1","Redo+1","Leap+1","Capacitor","Undo+1","Redo+1"],"relics":["Cracked Core","NeowsBlessing","Darkstone Periapt","Runic Capacitor","Omamori","Smiling Mask","Toxic Egg 2","Astrolabe","Red Mask","PreservedInsect","Pen Nib"],"potions_floor_usage":[13,16],"damage_taken":[{"damage":0,"enemies":"Cultist","floor":1,"turns":1},{"damage":0,"enemies":"Small Slimes","floor":2,"turns":1},{"damage":0,"enemies":"Gremlin Nob","floor":6,"turns":1},{"damage":0,"enemies":"2 Louse","floor":8,"turns":1},{"damage":6,"enemies":"Looter","floor":11,"turns":2},{"damage":31,"enemies":"Lagavulin","floor":13,"turns":5},{"damage":8,"enemies":"Blue Slaver","floor":14,"turns":2},{"damage":22,"enemies":"Hexaghost","floor":16,"turns":7},{"damage":6,"enemies":"Spheric Guardian","floor":18,"turns":3},{"damage":47,"enemies":"Masked Bandits","floor":19,"turns":4},{"damage":18,"enemies":"Gremlin Leader","floor":24,"turns":6},{"damage":32,"enemies":"Book of Stabbing","floor":27,"turns":4}],"seed_played":"-7009832762329015833","potions_obtained":[{"floor":6,"key":"Energy Potion"},{"floor":8,"key":"Poison Potion"},{"floor":18,"key":"SmokeBomb"}],"is_trial":false,"path_per_floor":["M","M","T","?","$","E","R","M","T","$","M","R","E","M","R","B",null,"M","?","?","$","?","R","E","?","T"],"character_chosen":"DEFECT","items_purchased":["Runic Capacitor","Ball Lightning","Leap+1","Capacitor","Undo+1"],"campfire_rested":2,"item_purchase_floors":[5,5,21,21,21],"current_hp_per_floor":[75,75,75,64,64,64,64,64,64,64,58,58,27,19,41,19,75,69,22,22,22,22,44,26,26,26,0],"gold":88,"neow_bonus":"THREE_ENEMY_KILL","is_prod":false,"is_daily":false,"chose_seed":false,"campfire_upgraded":2,"win_rate":0,"timestamp":1540395333,"path_taken":["M","?","?","?","$","E","R","M","T","$","M","R","E","M","R","BOSS","M","?","?","$","?","R","E","?","T","E"],"build_version":"2018-10-18","purchased_purges":2,"victory":false,"max_hp_per_floor":[75,75,75,75,75,75,75,75,75,75,75,75,75,75,75,75,75,75,75,75,75,75,75,75,75,75,75],"card_choices":[{"not_picked":["Streamline","Steam"],"picked":"Doom and Gloom","floor":1},{"not_picked":["Streamline","Aggregate"],"picked":"Cold Snap","floor":2},{"not_picked":["Compile Driver","Coolheaded","Rebound"],"picked":"SKIP","floor":6},{"not_picked":["Fission","Rebound"],"picked":"Blizzard","floor":8},{"not_picked":["Coolheaded","Compile Driver","Beam Cell"],"picked":"SKIP","floor":11},{"not_picked":["Fission","Heatsinks"],"picked":"Barrage","floor":13},{"not_picked":["Recycle+1","Rebound"],"picked":"Barrage","floor":14},{"not_picked":["Multi-Cast+1","All For One"],"picked":"Rainbow+1","floor":16},{"not_picked":["Ball Lightning+1","Recycle+1"],"picked":"Beam Cell+1","floor":18},{"not_picked":["Scrape","Heatsinks"],"picked":"Redo+1","floor":19},{"not_picked":["Beam Cell","Cold Snap"],"picked":"Redo+1","floor":24}],"player_experience":241884,"relics_obtained":[{"floor":3,"key":"Darkstone Periapt"},{"floor":6,"key":"Omamori"},{"floor":9,"key":"Smiling Mask"},{"floor":13,"key":"Toxic Egg 2"},{"floor":19,"key":"Red Mask"},{"floor":24,"key":"PreservedInsect"},{"floor":26,"key":"Pen Nib"}],"event_choices":[{"damage_healed":0,"gold_gain":75,"player_choice":"Gather Gold","damage_taken":11,"max_hp_gain":0,"max_hp_loss":0,"event_name":"World of Goop","floor":4,"gold_loss":0},{"damage_healed":0,"gold_gain":0,"player_choice":"Fought Bandits","damage_taken":0,"max_hp_gain":0,"max_hp_loss":0,"event_name":"Masked Bandits","floor":19,"gold_loss":0},{"damage_healed":0,"gold_gain":0,"player_choice":"Smashed Altar","damage_taken":0,"max_hp_gain":0,"max_hp_loss":0,"event_name":"Forgotten Altar","floor":20,"gold_loss":0,"cards_obtained":["Decay"]},{"cards_removed":["Barrage"],"damage_healed":0,"gold_gain":0,"player_choice":"Purged","damage_taken":0,"max_hp_gain":0,"max_hp_loss":0,"event_name":"Purifier","floor":22,"gold_loss":0},{"damage_healed":0,"gold_gain":0,"player_choice":"Ignored","damage_taken":0,"max_hp_gain":0,"max_hp_loss":0,"event_name":"Ghosts","floor":25,"gold_loss":0}],"is_beta":false,"boss_relics":[{"not_picked":["Pandora\u0027s Box","Snecko Eye"],"picked":"Astrolabe"}],"items_purged_floors":[10,21],"is_endless":false,"potions_floor_spawned":[6,8,18],"killed_by":"Book of Stabbing","ascension_level":4}