{"gold_per_floor":[365,7,26,45,15,15,44,44,44,63,63,81,91,108,108,211,211,228,247,19,35,45,45],"floor_reached":23,"playtime":1872,"items_purged":["Strike_R"],"score":315,"play_id":"5534a72d-4ece-4290-84aa-4602e2dd80eb","local_time":"20190510152352","is_ascension_mode":true,"campfire_choices":[{"data":"Flame Barrier","floor":6.0,"key":"SMITH"},{"floor":8.0,"key":"REST"},{"data":"Armaments","floor":11.0,"key":"SMITH"},{"data":"Inflame","floor":15.0,"key":"SMITH"}],"neow_cost":"TEN_PERCENT_HP_LOSS","seed_source_timestamp":478989029372168,"circlet_count":0,"master_deck":["AscendersBane","Strike_R","Strike_R","Strike_R","Strike_R","Defend_R","Defend_R","Defend_R","Defend_R","Bash","Flame Barrier+1","Bandage Up","True Grit","Spot Weakness","Armaments+1","Pommel Strike","Inflame+1","Reaper","True Grit","Flame Barrier","Rampage+1"],"special_seed":0,"relics":["Burning Blood","Membership Card","Happy Flower","Mercury Hourglass","Question Card","Mark of Pain","Shuriken"],"potions_floor_usage":[22,22],"damage_taken":[{"damage":6.0,"enemies":"Cultist","floor":1.0,"turns":3.0},{"damage":7.0,"enemies":"Jaw Worm","floor":3.0,"turns":5.0},{"damage":7.0,"enemies":"2 Louse","floor":4.0,"turns":4.0},{"damage":1.0,"enemies":"Looter","floor":5.0,"turns":4.0},{"damage":65.0,"enemies":"Gremlin Nob","floor":7.0,"turns":7.0},{"damage":20.0,"enemies":"Large Slime","floor":10.0,"turns":4.0},{"damage":11.0,"enemies":"Exordium Wildlife","floor":12.0,"turns":4.0},{"damage":3.0,"enemies":"Blue Slaver","floor":13.0,"turns":3.0},{"damage":3.0,"enemies":"Red Slaver","floor":14.0,"turns":3.0},{"damage":13.0,"enemies":"The Guardian","floor":16.0,"turns":9.0},{"damage":7.0,"enemies":"2 Thieves","floor":18.0,"turns":4.0},{"damage":18.0,"enemies":"3 Byrds","floor":19.0,"turns":5.0},{"damage":13.0,"enemies":"Centurion and Healer","floor":21.0,"turns":9.0},{"damage":24,"enemies":"Cultist and Chosen","floor":22,"turns":8},{"damage":43,"enemies":"Book of Stabbing","floor":23,"turns":5}],"seed_played":"8535619584229793579","potions_obtained":[{"floor":7.0,"key":"Explosive Potion"},{"floor":10.0,"key":"EssenceOfSteel"},{"floor":13.0,"key":"GamblersBrew"},{"floor":16.0,"key":"Swift Potion"},{"floor":21.0,"key":"Explosive Potion"}],"is_trial":false,"path_per_floor":["M","$","M","M","M","R","E","R","T","M","R","M","M","M","R","B",null,"M","M","$","M","M","E"],"character_chosen":"IRONCLAD","items_purchased":["Membership Card","Happy Flower","Flame Barrier","Bandage Up","Shuriken","Flame Barrier","Block Potion"],"campfire_rested":1,"item_purchase_floors":[2,2,2,2,20,20,20],"current_hp_per_floor":[72,72,72,71,72,72,17,38,38,28,28,27,36,45,45,42,65,68,71,71,69,55,16],"gold":45,"neow_bonus":"TWO_FIFTY_GOLD","is_prod":false,"is_daily":false,"chose_seed":false,"campfire_upgraded":3,"win_rate":0,"timestamp":1557519832,"path_taken":["M","$","M","M","M","R","E","R","T","M","R","M","M","?","R","BOSS","M","M","$","M","M","E"],"build_version":"2019-01-23","purchased_purges":1,"victory":false,"max_hp_per_floor":[72,72,72,72,72,72,72,72,72,72,72,72,72,72,72,72,72,72,72,72,72,72,72],"card_choices":[{"not_picked":["Cleave","Iron Wave"],"picked":"True Grit","floor":3.0},{"not_picked":["True Grit","Burning Pact","Sword Boomerang"],"picked":"SKIP","floor":4.0},{"not_picked":["Thunderclap","Anger","Hemokinesis"],"picked":"SKIP","floor":5.0},{"not_picked":["Cleave","Combust"],"picked":"Spot Weakness","floor":7.0},{"not_picked":["Combust","Bludgeon","Warcry"],"picked":"Armaments","floor":10.0},{"not_picked":["Blood for Blood","Clothesline","Flex"],"picked":"Pommel Strike","floor":12.0},{"not_picked":["Uppercut","Cleave","Clash"],"picked":"Inflame","floor":13.0},{"not_picked":["Anger","Body Slam","Flex","Sword Boomerang"],"picked":"SKIP","floor":14.0},{"not_picked":["Juggernaut","Brutality","Dark Embrace"],"picked":"Reaper","floor":16.0},{"not_picked":["Dual Wield","Headbutt","Wild Strike"],"picked":"True Grit","floor":18.0},{"not_picked":["Twin Strike","Thunderclap","True Grit","Power Through"],"picked":"SKIP","floor":19.0},{"not_picked":["Reckless Charge","Bloodletting","Body Slam","Flex"],"picked":"SKIP","floor":21.0},{"not_picked":["Twin Strike","Iron Wave+1","Burning Pact"],"picked":"Rampage+1","floor":22}],"player_experience":410318,"relics_obtained":[{"floor":7.0,"key":"Mercury Hourglass"},{"floor":9.0,"key":"Question Card"}],"event_choices":[],"is_beta":false,"boss_relics":[{"not_picked":["Velvet Choker","Runic Pyramid"],"picked":"Mark of Pain"}],"items_purged_floors":[20],"is_endless":false,"potions_floor_spawned":[7,10,13,16,21],"killed_by":"Book of Stabbing","ascension_level":12}