{"gold_per_floor":[210,224,224,10,85,85,119,69,69,69,86,86,140,150,150,150],"floor_reached":16,"playtime":496,"items_purged":[],"score":196,"play_id":"7f02a569-04df-4a25-8517-8f6616380f66","local_time":"20190219223902","is_ascension_mode":true,"campfire_choices":[{"data":"Zap","floor":6.0,"key":"SMITH"},{"data":"Seek","floor":12,"key":"SMITH"},{"data":"Reinforced Body","floor":15,"key":"SMITH"}],"neow_cost":"NONE","seed_source_timestamp":2379417804605214,"circlet_count":0,"master_deck":["AscendersBane","Strike_B","Strike_B","Strike_B","Defend_B","Defend_B","Defend_B","Defend_B","Zap+1","Dualcast","Undo","Ball Lightning","Seek+1","Capacitor","All For One","Gash","Hologram","Reinforced Body+1"],"special_seed":0,"relics":["Cracked Core","Bottled Lightning","Unceasing Top","Smiling Mask"],"potions_floor_usage":[16],"damage_taken":[{"damage":0.0,"enemies":"Small Slimes","floor":1.0,"turns":3.0},{"damage":1.0,"enemies":"Cultist","floor":2.0,"turns":4.0},{"damage":21.0,"enemies":"Lagavulin","floor":7.0,"turns":7.0},{"damage":0,"enemies":"Jaw Worm","floor":11,"turns":3},{"damage":8,"enemies":"3 Louse","floor":14,"turns":3},{"damage":27,"enemies":"Hexaghost","floor":16,"turns":9}],"seed_played":"-8313735730814016532","potions_obtained":[{"floor":1.0,"key":"Weak Potion"}],"is_trial":false,"path_per_floor":["M","M","?","$","?","R","E","$","T","?","M","R","T","M","R","B"],"character_chosen":"DEFECT","items_purchased":["Seek","Capacitor","Gash"],"campfire_rested":0,"item_purchase_floors":[4,4,8],"current_hp_per_floor":[64,63,63,63,52,52,31,31,31,31,31,31,31,23,23,0],"gold":150,"neow_bonus":"HUNDRED_GOLD","is_prod":false,"is_daily":false,"chose_seed":false,"campfire_upgraded":3,"win_rate":0,"timestamp":1550583542,"path_taken":["M","M","?","?","?","R","E","$","T","?","?","R","?","M","R","BOSS"],"build_version":"2019-01-23","purchased_purges":0,"victory":false,"max_hp_per_floor":[71,71,71,71,71,71,71,71,71,71,71,71,71,71,71,71],"card_choices":[{"not_picked":["Double Energy","Redo"],"picked":"Undo","floor":1.0},{"not_picked":["Sweeping Beam","Rebound"],"picked":"Ball Lightning","floor":2.0},{"not_picked":["FTL","Steam"],"picked":"All For One","floor":7.0},{"not_picked":["Rebound","Barrage"],"picked":"Hologram","floor":11},{"not_picked":["Redo","Compile Driver"],"picked":"Reinforced Body","floor":14}],"player_experience":570912,"relics_obtained":[{"floor":7.0,"key":"Bottled Lightning"},{"floor":9.0,"key":"Unceasing Top"},{"floor":13,"key":"Smiling Mask"}],"event_choices":[{"cards_removed":["Strike_B"],"damage_healed":0.0,"max_hp_gain":0.0,"max_hp_loss":0.0,"gold_gain":0.0,"event_name":"Bonfire Elementals","player_choice":"Offered Basic","floor":3.0,"gold_loss":0.0,"damage_taken":0.0},{"damage_healed":0.0,"max_hp_gain":0.0,"max_hp_loss":0.0,"gold_gain":75.0,"event_name":"World of Goop","player_choice":"Gather Gold","floor":5.0,"gold_loss":0.0,"damage_taken":11.0},{"damage_healed":0,"gold_gain":0,"player_choice":"Leave","damage_taken":0,"max_hp_gain":0,"max_hp_loss":0,"event_name":"FaceTrader","floor":10,"gold_loss":0}],"is_beta":false,"boss_relics":[],"items_purged_floors":[],"is_endless":false,"potions_floor_spawned":[1],"killed_by":"Hexaghost","ascension_level":20}