{"gold_per_floor":[110,110,75,40,52,52,52,52,125,149,149,164,200,215,215,311,311,335,351,351,301,301],"floor_reached":22,"playtime":866,"items_purged":[],"score":368,"play_id":"d649744f-9db2-47d0-aa03-d0a71f7723ba","local_time":"20190309213138","is_ascension_mode":true,"campfire_choices":[{"data":"Neutralize","floor":6,"key":"SMITH"},{"data":"Flying Knee","floor":8,"key":"SMITH"},{"data":"Terror","floor":11,"key":"SMITH"},{"data":"All Out Attack","floor":15,"key":"SMITH"}],"neow_cost":"NONE","seed_source_timestamp":232537881560761,"circlet_count":0,"master_deck":["AscendersBane","Defend_G","Defend_G+1","Defend_G","Defend_G","Defend_G","Strike_G","Strike_G","Strike_G","Strike_G","Strike_G","Survivor+1","Neutralize+1","Flying Knee+1","PiercingWail","Terror+1","All Out Attack+1","Die Die Die","Backflip","Cloak And Dagger","Backflip+1"],"relics":["Ring of the Snake","The Courier","Golden Idol","Shuriken","Oddly Smooth Stone","Philosopher\u0027s Stone"],"potions_floor_usage":[14,18,18],"damage_taken":[{"damage":3,"enemies":"Small Slimes","floor":1,"turns":7},{"damage":0,"enemies":"2 Louse","floor":5,"turns":5},{"damage":1,"enemies":"Jaw Worm","floor":10,"turns":3},{"damage":0,"enemies":"2 Fungi Beasts","floor":12,"turns":3},{"damage":26,"enemies":"3 Sentries","floor":13,"turns":9},{"damage":0,"enemies":"Large Slime","floor":14,"turns":4},{"damage":19,"enemies":"Hexaghost","floor":16,"turns":11},{"damage":24,"enemies":"3 Byrds","floor":18,"turns":6},{"damage":16,"enemies":"2 Thieves","floor":19,"turns":4},{"damage":44,"enemies":"Sentry and Sphere","floor":22,"turns":5}],"seed_played":"-4574378628513114133","potions_obtained":[{"floor":12,"key":"Fire Potion"},{"floor":14,"key":"Regen Potion"},{"floor":16,"key":"Weak Potion"},{"floor":18,"key":"Energy Potion"}],"is_trial":false,"path_per_floor":["M","?","?","?","M","R","?","R","T","M","R","M","E","M","R","B",null,"M","M","?","?","M"],"character_chosen":"THE_SILENT","items_purchased":[],"campfire_rested":0,"item_purchase_floors":[],"current_hp_per_floor":[62,36,54,54,54,54,54,54,54,53,53,53,27,27,27,8,51,41,25,38,38,0],"gold":301,"neow_bonus":"TEN_PERCENT_HP_BONUS","is_prod":false,"is_daily":false,"chose_seed":false,"campfire_upgraded":4,"win_rate":0,"timestamp":1552134698,"path_taken":["M","?","?","?","M","R","?","R","T","M","R","?","E","M","R","BOSS","M","M","?","?","?"],"build_version":"2019-01-23","purchased_purges":0,"victory":false,"max_hp_per_floor":[72,72,72,72,72,72,65,65,65,65,65,65,65,65,65,65,65,65,65,65,65,65],"card_choices":[{"not_picked":["Outmaneuver","Reflex"],"picked":"Flying Knee","floor":1},{"not_picked":["Bouncing Flask","Poisoned Stab"],"picked":"PiercingWail","floor":5},{"not_picked":["Footwork","Outmaneuver"],"picked":"Terror","floor":10},{"not_picked":["Deflect","Cloak And Dagger"],"picked":"All Out Attack","floor":12},{"not_picked":["Dagger Throw","Choke"],"picked":"Die Die Die","floor":13},{"not_picked":["Choke","Heel Hook"],"picked":"Backflip","floor":14},{"not_picked":["Prepared","Dagger Throw"],"picked":"Cloak And Dagger","floor":18},{"not_picked":["Well Laid Plans","Cloak And Dagger"],"picked":"Backflip+1","floor":19}],"player_experience":661811,"relics_obtained":[{"floor":9,"key":"Shuriken"},{"floor":13,"key":"Oddly Smooth Stone"}],"event_choices":[{"damage_healed":0,"gold_gain":0,"player_choice":"Success","damage_taken":26,"relics_obtained":["The Courier"],"max_hp_gain":0,"max_hp_loss":0,"event_name":"Scrap Ooze","floor":2,"gold_loss":0},{"damage_healed":18,"gold_gain":0,"player_choice":"Healed","damage_taken":0,"max_hp_gain":0,"max_hp_loss":0,"event_name":"The Cleric","floor":3,"gold_loss":35},{"damage_healed":0,"gold_gain":0,"player_choice":"Left Gold","damage_taken":0,"max_hp_gain":0,"max_hp_loss":0,"event_name":"World of Goop","floor":4,"gold_loss":35},{"damage_healed":0,"gold_gain":0,"player_choice":"Lose Max HP","damage_taken":0,"relics_obtained":["Golden Idol"],"max_hp_gain":0,"max_hp_loss":7,"event_name":"Golden Idol","floor":7,"gold_loss":0},{"damage_healed":13,"gold_gain":0,"player_choice":"Heal","damage_taken":0,"max_hp_gain":0,"max_hp_loss":0,"event_name":"The Library","floor":20,"gold_loss":0},{"damage_healed":0,"gold_gain":0,"player_choice":"Upgraded Two","damage_taken":0,"max_hp_gain":0,"max_hp_loss":0,"event_name":"Designer","floor":21,"gold_loss":50,"cards_upgraded":["Survivor","Defend_G"]}],"is_beta":false,"boss_relics":[{"not_picked":["HoveringKite","Lizard Tail"],"picked":"Philosopher\u0027s Stone"}],"items_purged_floors":[],"is_endless":false,"potions_floor_spawned":[12,14,16,18],"killed_by":"Sentry and Sphere","ascension_level":20}