{"gold_per_floor":[110,122,133,103,120,120,131,131,201,226,226,176,176,25,25,121,171,183,13,13,13,28,28,46,46,71,106,205,205,223,258,258,357,357,377,97,19,39,39,65,165,180,180,13,30,30,46,57,57,57],"floor_reached":51,"playtime":2002,"items_purged":["Strike_B","Strike_B","Defend_B","Defend_B"],"score":915,"play_id":"364811f9-b012-4928-9a5d-693e53627ff6","local_time":"20190219153949","is_ascension_mode":true,"campfire_choices":[{"data":"Dualcast","floor":6,"key":"SMITH"},{"data":"Defragment","floor":8,"key":"SMITH"},{"data":"Go for the Eyes","floor":11,"key":"SMITH"},{"data":"Storm","floor":13,"key":"SMITH"},{"floor":15,"key":"REST"},{"data":"Storm","floor":23,"key":"SMITH"},{"floor":25,"key":"REST"},{"floor":32,"key":"REST"},{"floor":46,"key":"REST"},{"floor":49,"key":"REST"}],"neow_cost":"NONE","seed_source_timestamp":518392638618839,"circlet_count":0,"master_deck":["Defend_B+1","Defend_B","Zap","Dualcast+1","Defragment+1","Cold Snap","Conserve Battery","Go for the Eyes+1","Ball Lightning","Storm+1","Defragment","Electrodynamics","Glacier","Storm+1","Steam+1","Capacitor","Leap","Glacier","Cold Snap+1","Steam+1","Force Field+1","Turbo","Chaos+1","Ball Lightning+1"],"relics":["Cracked Core","Shuriken","Prayer Wheel","Tiny House","Lantern","Blood Vial","Symbiotic Virus","Smiling Mask","Busted Crown","DataDisk","The Courier","Sundial","Cables","PreservedInsect"],"potions_floor_usage":[16,16,31,33,33,38,38,50,50],"damage_taken":[{"damage":3,"enemies":"Small Slimes","floor":1,"turns":3},{"damage":8,"enemies":"2 Louse","floor":2,"turns":4},{"damage":0,"enemies":"Cultist","floor":3,"turns":3},{"damage":6,"enemies":"Looter","floor":4,"turns":4},{"damage":6,"enemies":"Blue Slaver","floor":5,"turns":3},{"damage":1,"enemies":"Red Slaver","floor":7,"turns":4},{"damage":12,"enemies":"Lagavulin","floor":10,"turns":5},{"damage":8,"enemies":"The Guardian","floor":16,"turns":8},{"damage":15,"enemies":"2 Thieves","floor":18,"turns":4},{"damage":10,"enemies":"Shell Parasite","floor":22,"turns":4},{"damage":17,"enemies":"Shelled Parasite and Fungi","floor":24,"turns":5},{"damage":10,"enemies":"Book of Stabbing","floor":27,"turns":6},{"damage":6,"enemies":"Snake Plant","floor":30,"turns":3},{"damage":24,"enemies":"Gremlin Leader","floor":31,"turns":5},{"damage":29,"enemies":"Champ","floor":33,"turns":17},{"damage":10,"enemies":"3 Darklings","floor":35,"turns":4},{"damage":17,"enemies":"3 Shapes","floor":38,"turns":2},{"damage":10,"enemies":"Nemesis","floor":40,"turns":13},{"damage":14,"enemies":"3 Darklings","floor":42,"turns":4},{"damage":4,"enemies":"Spire Growth","floor":45,"turns":4},{"damage":0,"enemies":"Sphere and 2 Shapes","floor":47,"turns":2},{"damage":9,"enemies":"3 Darklings","floor":48,"turns":2},{"damage":19,"enemies":"Donu and Deca","floor":50,"turns":8}],"seed_played":"430493877031580685","potions_obtained":[{"floor":1,"key":"AttackPotion"},{"floor":2,"key":"SmokeBomb"},{"floor":10,"key":"Dexterity Potion"},{"floor":16,"key":"EssenceOfSteel"},{"floor":17,"key":"Weak Potion"},{"floor":21,"key":"Dexterity Potion"},{"floor":31,"key":"Energy Potion"},{"floor":33,"key":"Energy Potion"},{"floor":35,"key":"Regen Potion"},{"floor":42,"key":"AttackPotion"},{"floor":47,"key":"SkillPotion"}],"is_trial":false,"path_per_floor":["M","M","M","M","M","R","M","R","T","E","R","?","R","$","R","B",null,"M","$","?","?","M","R","M","R","T","E","?","T","M","E","R","B",null,"M","$","?","M","?","E","?","M","T","$","M","R","M","M","R","B",null],"character_chosen":"DEFECT","items_purchased":["Defragment","Capacitor","DataDisk","Regen Potion","PreservedInsect"],"campfire_rested":5,"item_purchase_floors":[14,19,36,36,44],"current_hp_per_floor":[65,57,57,51,45,45,44,44,44,32,32,32,32,32,54,46,73,58,58,58,58,48,48,31,55,55,45,45,45,41,19,43,16,64,56,56,56,51,51,43,43,31,31,31,29,51,53,46,68,51],"gold":57,"neow_bonus":"REMOVE_CARD","is_prod":false,"is_daily":false,"chose_seed":false,"campfire_upgraded":5,"win_rate":0,"timestamp":1550587189,"path_taken":["M","M","M","M","M","R","M","R","T","E","R","?","R","$","R","BOSS","M","$","?","?","?","R","M","R","T","E","?","?","M","E","R","BOSS","M","$","?","?","?","E","?","?","T","$","M","R","M","M","R","BOSS"],"build_version":"2019-01-23","purchased_purges":4,"victory":true,"max_hp_per_floor":[75,75,75,75,75,75,75,75,75,75,75,75,75,75,75,75,80,80,80,80,80,80,80,80,80,80,80,80,80,80,80,80,80,80,80,80,80,80,76,76,76,76,76,76,76,76,76,76,76,76],"card_choices":[{"not_picked":["Lockon","White Noise"],"picked":"Defragment","floor":1},{"not_picked":["Steam","Double Energy"],"picked":"Cold Snap","floor":2},{"not_picked":["Rip and Tear","Rebound"],"picked":"Conserve Battery","floor":3},{"not_picked":["Reboot","Rebound"],"picked":"Go for the Eyes","floor":4},{"not_picked":["Self Repair","Coolheaded"],"picked":"Ball Lightning","floor":5},{"not_picked":["Fusion","Ball Lightning","Sweeping Beam"],"picked":"SKIP","floor":7},{"not_picked":["Go for the Eyes","Doom and Gloom"],"picked":"Storm","floor":10},{"not_picked":["Machine Learning","Biased Cognition"],"picked":"Electrodynamics","floor":16},{"not_picked":["Hologram","Lockon"],"picked":"Glacier","floor":17},{"not_picked":["Force Field","Go for the Eyes+1"],"picked":"Storm","floor":18},{"not_picked":["Hello World","Force Field"],"picked":"Steam+1","floor":18},{"not_picked":["Sweeping Beam","Barrage"],"picked":"Leap","floor":22},{"not_picked":["Rip and Tear","Heatsinks","Go for the Eyes"],"picked":"SKIP","floor":22},{"not_picked":["Beam Cell","Sweeping Beam","Hologram+1"],"picked":"SKIP","floor":24},{"not_picked":["Fission","Storm","Rebound+1"],"picked":"SKIP","floor":24},{"not_picked":["Sunder","Gash"],"picked":"Glacier","floor":27},{"not_picked":["Rip and Tear+1","Beam Cell"],"picked":"Cold Snap+1","floor":30},{"not_picked":["Doom and Gloom","Rebound","FTL+1"],"picked":"SKIP","floor":30},{"not_picked":["Rip and Tear","Compile Driver"],"picked":"Steam+1","floor":31},{"not_picked":["Compile Driver+1"],"picked":"SKIP","floor":35},{"not_picked":["Compile Driver"],"picked":"SKIP","floor":35},{"not_picked":["Rebound"],"picked":"SKIP","floor":38},{"not_picked":["Rip and Tear"],"picked":"SKIP","floor":38},{"not_picked":[],"picked":"Force Field+1","floor":40},{"not_picked":[],"picked":"Turbo","floor":42},{"not_picked":["Leap"],"picked":"SKIP","floor":42},{"not_picked":[],"picked":"Chaos+1","floor":45},{"not_picked":["Cold Snap+1"],"picked":"SKIP","floor":45},{"not_picked":[],"picked":"Ball Lightning+1","floor":47},{"not_picked":["Turbo"],"picked":"SKIP","floor":47},{"not_picked":["Sweeping Beam+1"],"picked":"SKIP","floor":48},{"not_picked":["Sweeping Beam+1"],"picked":"SKIP","floor":48}],"player_experience":332367,"relics_obtained":[{"floor":9,"key":"Shuriken"},{"floor":10,"key":"Prayer Wheel"},{"floor":26,"key":"Lantern"},{"floor":27,"key":"Blood Vial"},{"floor":29,"key":"Symbiotic Virus"},{"floor":31,"key":"Smiling Mask"},{"floor":40,"key":"Sundial"},{"floor":43,"key":"Cables"}],"event_choices":[{"cards_removed":["Strike_B"],"damage_healed":0,"gold_gain":0,"player_choice":"Card Removal","damage_taken":0,"max_hp_gain":0,"max_hp_loss":0,"event_name":"The Cleric","floor":12,"gold_loss":50},{"damage_healed":0,"gold_gain":0,"player_choice":"Ignored","damage_taken":0,"max_hp_gain":0,"max_hp_loss":0,"event_name":"Vampires","floor":20,"gold_loss":0},{"damage_healed":0,"gold_gain":0,"player_choice":"Got Potions","damage_taken":0,"max_hp_gain":0,"max_hp_loss":0,"event_name":"Lab","floor":21,"gold_loss":0},{"damage_healed":0,"gold_gain":99,"player_choice":"Stole From Cult","damage_taken":0,"max_hp_gain":0,"max_hp_loss":0,"event_name":"Nest","floor":28,"gold_loss":0},{"damage_healed":0,"gold_gain":0,"player_choice":"Paid Gold","damage_taken":0,"relics_obtained":["The Courier"],"max_hp_gain":0,"max_hp_loss":0,"event_name":"WeMeetAgain","floor":37,"gold_loss":78},{"damage_healed":0,"gold_gain":0,"player_choice":"Max HP","damage_taken":0,"max_hp_gain":0,"max_hp_loss":4,"event_name":"Winding Halls","floor":39,"gold_loss":0},{"damage_healed":0,"gold_gain":100,"player_choice":"Pray","damage_taken":0,"max_hp_gain":0,"max_hp_loss":0,"event_name":"Golden Shrine","floor":41,"gold_loss":0}],"is_beta":false,"boss_relics":[{"not_picked":["Runic Pyramid","White Beast Statue"],"picked":"Tiny House"},{"not_picked":["Astrolabe","Inserter"],"picked":"Busted Crown"}],"items_purged_floors":[14,19,36,44],"is_endless":false,"potions_floor_spawned":[1,2,10,16,24,31,33,35,42,47],"ascension_level":6}