{"gold_per_floor":[109,127,127,23,39,39,73,73,73,101,23,54,54,74,74,149,149,169,185,201,6,23,23,23],"floor_reached":24,"playtime":1346,"items_purged":["Strike_B"],"score":412,"play_id":"37a090cc-7899-4668-ab08-bdd3cd57da4c","local_time":"20190419215815","is_ascension_mode":true,"campfire_choices":[{"data":"Streamline","floor":6,"key":"SMITH"},{"floor":8,"key":"REST"},{"data":"Sweeping Beam","floor":13,"key":"SMITH"},{"floor":15,"key":"REST"},{"floor":23,"key":"REST"}],"neow_cost":"NONE","seed_source_timestamp":48517516383900,"circlet_count":0,"master_deck":["AscendersBane","Defend_B","Defend_B","Defend_B","Defend_B","Zap+1","Dualcast","Rebound","Cold Snap","Conserve Battery","Streamline+1","Undo","Conserve Battery","Sweeping Beam+1","Go for the Eyes","Self Repair","All For One","Lockon+1","All For One+1","Amplify+1","Cold Snap","FTL","Hologram","Doom and Gloom+1"],"relics":["Cracked Core","Emotion Chip","Odd Mushroom","Juzu Bracelet","Astrolabe"],"potions_floor_usage":[16,16,18,20,22,24],"damage_taken":[{"damage":0,"enemies":"2 Louse","floor":1,"turns":3},{"damage":7,"enemies":"Jaw Worm","floor":2,"turns":3},{"damage":2,"enemies":"Small Slimes","floor":5,"turns":3},{"damage":18,"enemies":"3 Sentries","floor":7,"turns":8},{"damage":7,"enemies":"The Mushroom Lair","floor":10,"turns":4},{"damage":19,"enemies":"Lagavulin","floor":12,"turns":7},{"damage":1,"enemies":"2 Fungi Beasts","floor":14,"turns":3},{"damage":26,"enemies":"Slime Boss","floor":16,"turns":12},{"damage":15,"enemies":"Chosen","floor":18,"turns":5},{"damage":20,"enemies":"Spheric Guardian","floor":19,"turns":6},{"damage":18,"enemies":"3 Cultists","floor":20,"turns":5},{"damage":33,"enemies":"Snake Plant","floor":22,"turns":4},{"damage":46,"enemies":"Book of Stabbing","floor":24,"turns":4}],"seed_played":"-166825670745318284","potions_obtained":[{"floor":10,"key":"EssenceOfSteel"},{"floor":16,"key":"FearPotion"},{"floor":19,"key":"EssenceOfSteel"},{"floor":20,"key":"LiquidBronze"}],"is_trial":false,"path_per_floor":["M","M","?","$","M","R","E","R","T","?","$","E","R","M","R","B",null,"M","M","M","$","M","R","E"],"character_chosen":"DEFECT","items_purchased":["Conserve Battery","Sweeping Beam","Strength Potion","Regen Potion","PowerPotion","Hologram"],"campfire_rested":3,"item_purchase_floors":[4,11,11,21,21,21],"current_hp_per_floor":[71,64,64,64,62,62,44,67,67,60,60,41,41,40,63,44,70,55,42,31,31,17,40,0],"gold":23,"neow_bonus":"TEN_PERCENT_HP_BONUS","is_prod":false,"is_daily":false,"chose_seed":false,"campfire_upgraded":2,"win_rate":0,"timestamp":1555678695,"path_taken":["M","M","?","$","M","R","E","R","T","?","$","E","R","M","R","BOSS","M","M","M","$","M","R","E"],"build_version":"2019-01-23","purchased_purges":1,"victory":false,"max_hp_per_floor":[78,78,78,78,78,78,78,78,78,78,78,78,78,78,78,78,78,78,78,78,78,78,78,78],"card_choices":[{"not_picked":["Leap","Hello World"],"picked":"Rebound","floor":1},{"not_picked":["Streamline","Stack"],"picked":"Cold Snap","floor":2},{"not_picked":["Storm","Go for the Eyes"],"picked":"Streamline","floor":5},{"not_picked":["Compile Driver","Heatsinks"],"picked":"Undo","floor":7},{"not_picked":["Turbo","Rebound"],"picked":"Conserve Battery","floor":10},{"not_picked":["Double Energy","Compile Driver"],"picked":"Go for the Eyes","floor":12},{"not_picked":["Beam Cell","Coolheaded"],"picked":"Self Repair","floor":14},{"not_picked":["Rainbow","Fission"],"picked":"All For One","floor":16},{"not_picked":["Barrage","Leap","Hologram"],"picked":"SKIP","floor":18},{"not_picked":["Tempest","BootSequence"],"picked":"Cold Snap","floor":19},{"not_picked":["Melter","Aggregate"],"picked":"FTL","floor":20},{"not_picked":["Barrage","Sweeping Beam"],"picked":"Doom and Gloom+1","floor":22}],"player_experience":999271,"relics_obtained":[{"floor":7,"key":"Emotion Chip"},{"floor":10,"key":"Odd Mushroom"},{"floor":12,"key":"Juzu Bracelet"}],"event_choices":[{"damage_healed":0,"gold_gain":0,"player_choice":"Grow","damage_taken":0,"max_hp_gain":0,"max_hp_loss":0,"event_name":"Living Wall","floor":3,"gold_loss":0,"cards_upgraded":["Zap"]},{"damage_healed":0,"gold_gain":0,"player_choice":"Fought Mushrooms","damage_taken":0,"max_hp_gain":0,"max_hp_loss":0,"event_name":"Mushrooms","floor":10,"gold_loss":0}],"is_beta":false,"boss_relics":[{"not_picked":["Philosopher\u0027s Stone","Lizard Tail"],"picked":"Astrolabe"}],"items_purged_floors":[4],"is_endless":false,"potions_floor_spawned":[10,16,19,20],"killed_by":"Book of Stabbing","ascension_level":20}