{"gold_per_floor":[116,266,283,293,293,293,6,25,25,25,44,78,78,91,91,91],"floor_reached":16,"playtime":404,"items_purged":["Doubt"],"score":199,"play_id":"47418904-d508-48be-bac6-3222ff197ef3","local_time":"20190218000327","is_ascension_mode":true,"campfire_choices":[{"data":"Zap","floor":6,"key":"SMITH"},{"data":"Go for the Eyes","floor":10,"key":"SMITH"},{"floor":13,"key":"REST"},{"floor":15,"key":"REST"}],"neow_cost":"NONE","seed_source_timestamp":2211783531053002,"circlet_count":0,"master_deck":["AscendersBane","Strike_B","Strike_B","Strike_B","Strike_B","Defend_B","Defend_B","Defend_B","Defend_B","Zap+1","Dualcast","Go for the Eyes+1","Ball Lightning","Hologram","Reboot"],"relics":["Cracked Core","NeowsBlessing","Golden Idol","OrangePellets","Strawberry","Cables"],"potions_floor_usage":[12,16],"damage_taken":[{"damage":0,"enemies":"Small Slimes","floor":1,"turns":1},{"damage":0,"enemies":"Jaw Worm","floor":3,"turns":1},{"damage":0,"enemies":"Cultist","floor":4,"turns":1},{"damage":16,"enemies":"3 Louse","floor":8,"turns":3},{"damage":11,"enemies":"Large Slime","floor":11,"turns":5},{"damage":38,"enemies":"Gremlin Nob","floor":12,"turns":5},{"damage":4,"enemies":"Blue Slaver","floor":14,"turns":2},{"damage":48,"enemies":"Slime Boss","floor":16,"turns":7}],"seed_played":"-6003221967809090985","potions_obtained":[{"floor":8,"key":"Swift Potion"},{"floor":11,"key":"LiquidBronze"},{"floor":12,"key":"PowerPotion"}],"is_trial":false,"path_per_floor":["M","?","M","M","?","R","$","M","T","R","M","E","R","M","R","B"],"character_chosen":"DEFECT","items_purchased":["OrangePellets"],"campfire_rested":2,"item_purchase_floors":[7],"current_hp_per_floor":[64,64,64,64,64,64,64,48,55,55,44,6,27,23,44,0],"gold":91,"neow_bonus":"THREE_ENEMY_KILL","is_prod":false,"is_daily":false,"chose_seed":false,"campfire_upgraded":2,"win_rate":0,"timestamp":1550415807,"path_taken":["M","?","M","M","?","R","$","?","T","R","M","E","R","M","R","BOSS"],"build_version":"2019-01-23","purchased_purges":1,"victory":false,"max_hp_per_floor":[71,71,71,71,64,64,64,64,71,71,71,71,71,71,71,71],"card_choices":[{"not_picked":["Stack","Steam Power"],"picked":"Go for the Eyes","floor":1},{"not_picked":["Compile Driver","Loop","Turbo"],"picked":"SKIP","floor":3},{"not_picked":["Rebound","Capacitor"],"picked":"Ball Lightning","floor":4},{"not_picked":["Conserve Battery","Scrape"],"picked":"Hologram","floor":8},{"not_picked":["Reprogram","Coolheaded"],"picked":"Reboot","floor":11},{"not_picked":["Sweeping Beam","Rebound","Coolheaded"],"picked":"SKIP","floor":12},{"not_picked":["Gash","Blizzard","Compile Driver"],"picked":"SKIP","floor":14}],"player_experience":556871,"relics_obtained":[{"floor":9,"key":"Strawberry"},{"floor":12,"key":"Cables"}],"event_choices":[{"damage_healed":0,"gold_gain":150,"player_choice":"AGREE","damage_taken":0,"max_hp_gain":0,"max_hp_loss":0,"event_name":"Liars Game","floor":2,"gold_loss":0,"cards_obtained":["Doubt"]},{"damage_healed":0,"gold_gain":0,"player_choice":"Lose Max HP","damage_taken":0,"relics_obtained":["Golden Idol"],"max_hp_gain":0,"max_hp_loss":7,"event_name":"Golden Idol","floor":5,"gold_loss":0}],"is_beta":false,"boss_relics":[],"items_purged_floors":[7],"is_endless":false,"potions_floor_spawned":[8,11,12],"killed_by":"Slime Boss","ascension_level":19}