{"gold_per_floor":[365,3,3,18,34,61,61,94,174,204,204,354,384,196,196,267,267,278,135,152,67,79,79,105,105,105,117,136,167,180,180,180,253,253,264,54,73,73,93,93,93],"floor_reached":41,"playtime":1543,"items_purged":["Regret"],"score":968,"play_id":"b5c71792-12db-4c68-899e-df086b876cc0","local_time":"20190330001943","is_ascension_mode":true,"campfire_choices":[{"floor":7,"key":"REST"},{"floor":11,"key":"REST"},{"floor":15,"key":"REST"},{"floor":23,"key":"REST"},{"floor":32,"key":"REST"},{"floor":40,"key":"REST"}],"neow_cost":"CURSE","seed_source_timestamp":9747310229020,"circlet_count":0,"master_deck":["AscendersBane","Strike_B","Strike_B","Strike_B","Strike_B","Defend_B","Defend_B","Defend_B","Defend_B","Zap","Dualcast","Ball Lightning","Sweeping Beam","Doom and Gloom","Go for the Eyes","FTL","Storm","Heatsinks","Go for the Eyes","Machine Learning","Conserve Battery","Coolheaded","Self Repair","Leap","Ball Lightning","Cold Snap","Ball Lightning","Biased Cognition","Self Repair","Panache","Static Discharge"],"relics":["Cracked Core","Cables","Prayer Wheel","Omamori","Sundial","Mummified Hand","Regal Pillow","Busted Crown","DataDisk","Mercury Hourglass","Bottled Flame","Centennial Puzzle","Letter Opener","Inserter"],"potions_floor_usage":[6,8,16,16,28,33,33],"damage_taken":[{"damage":8,"enemies":"2 Louse","floor":1,"turns":3},{"damage":0,"enemies":"Small Slimes","floor":4,"turns":3},{"damage":7,"enemies":"Jaw Worm","floor":5,"turns":2},{"damage":25,"enemies":"Lagavulin","floor":6,"turns":5},{"damage":6,"enemies":"Gremlin Nob","floor":8,"turns":3},{"damage":25,"enemies":"Lagavulin","floor":10,"turns":6},{"damage":11,"enemies":"Gremlin Nob","floor":13,"turns":3},{"damage":34,"enemies":"Hexaghost","floor":16,"turns":8},{"damage":25,"enemies":"Shell Parasite","floor":18,"turns":5},{"damage":22,"enemies":"3 Byrds","floor":20,"turns":3},{"damage":7,"enemies":"Cultist and Chosen","floor":22,"turns":5},{"damage":0,"enemies":"Gremlin Leader","floor":24,"turns":7},{"damage":0,"enemies":"Centurion and Healer","floor":27,"turns":5},{"damage":2,"enemies":"3 Cultists","floor":28,"turns":3},{"damage":38,"enemies":"Book of Stabbing","floor":29,"turns":5},{"damage":16,"enemies":"Cultist and Chosen","floor":30,"turns":6},{"damage":59,"enemies":"Collector","floor":33,"turns":8},{"damage":36,"enemies":"3 Darklings","floor":35,"turns":4},{"damage":17,"enemies":"3 Shapes","floor":37,"turns":4},{"damage":10,"enemies":"Sphere and 2 Shapes","floor":39,"turns":3},{"damage":75,"enemies":"Nemesis","floor":41,"turns":5}],"seed_played":"1335559742513298606","potions_obtained":[{"floor":1,"key":"Ancient Potion"},{"floor":4,"key":"AttackPotion"},{"floor":13,"key":"LiquidBronze"},{"floor":24,"key":"LiquidBronze"},{"floor":27,"key":"SteroidPotion"},{"floor":28,"key":"Dexterity Potion"},{"floor":30,"key":"LiquidBronze"},{"floor":35,"key":"SteroidPotion"},{"floor":37,"key":"Strength Potion"}],"is_trial":false,"path_per_floor":["M","$","?","M","M","E","R","E","T","E","R","?","E","$","R","B",null,"M","$","M","?","M","R","E","?","T","M","M","E","M","?","R","B",null,"M","$","M","?","M","R","E"],"character_chosen":"DEFECT","items_purchased":["Cables","Heatsinks","AttackPotion","Go for the Eyes","Self Repair","Leap","Panache"],"campfire_rested":6,"item_purchase_floors":[2,14,14,14,19,19,36],"current_hp_per_floor":[56,56,56,56,49,24,45,39,39,14,35,35,24,24,60,26,60,35,35,20,20,20,56,63,63,63,70,71,40,24,24,60,8,55,26,26,23,23,13,49,0],"gold":93,"neow_bonus":"TWO_FIFTY_GOLD","is_prod":false,"is_daily":false,"chose_seed":false,"campfire_upgraded":0,"win_rate":0,"timestamp":1553923183,"path_taken":["M","$","?","M","M","E","R","E","T","E","R","?","E","$","R","BOSS","M","$","M","?","M","R","E","?","T","M","M","E","M","?","R","BOSS","M","$","M","?","M","R","E"],"build_version":"2019-01-23","purchased_purges":1,"victory":false,"max_hp_per_floor":[71,71,71,71,71,71,71,71,71,71,71,71,71,71,71,71,71,71,71,71,71,71,71,71,71,71,71,71,71,71,71,71,71,71,71,71,71,71,71,71,71],"card_choices":[{"not_picked":["Conserve Battery","Steam"],"picked":"Ball Lightning","floor":1},{"not_picked":["Compile Driver","Streamline"],"picked":"Sweeping Beam","floor":4},{"not_picked":["Streamline","Sunder"],"picked":"Doom and Gloom","floor":5},{"not_picked":["Scrape","Sweeping Beam"],"picked":"Go for the Eyes","floor":6},{"not_picked":["Gash","Go for the Eyes"],"picked":"FTL","floor":8},{"not_picked":["Darkness","Redo"],"picked":"Storm","floor":10},{"not_picked":["Redo","Reprogram","Rip and Tear"],"picked":"SKIP","floor":13},{"not_picked":["All For One","Reboot"],"picked":"Machine Learning","floor":16},{"not_picked":[],"picked":"Conserve Battery","floor":18},{"not_picked":[],"picked":"Coolheaded","floor":18},{"not_picked":[],"picked":"Ball Lightning","floor":20},{"not_picked":["Barrage+1"],"picked":"SKIP","floor":20},{"not_picked":["Streamline"],"picked":"SKIP","floor":22},{"not_picked":["All For One"],"picked":"SKIP","floor":22},{"not_picked":["Scrape"],"picked":"SKIP","floor":24},{"not_picked":["Beam Cell"],"picked":"SKIP","floor":27},{"not_picked":["Reprogram"],"picked":"SKIP","floor":27},{"not_picked":[],"picked":"Cold Snap","floor":28},{"not_picked":[],"picked":"Ball Lightning","floor":28},{"not_picked":["Genetic Algorithm+1"],"picked":"SKIP","floor":29},{"not_picked":["Consume"],"picked":"SKIP","floor":30},{"not_picked":["Hologram"],"picked":"SKIP","floor":30},{"not_picked":[],"picked":"Biased Cognition","floor":33},{"not_picked":[],"picked":"Self Repair","floor":35},{"not_picked":["Go for the Eyes"],"picked":"SKIP","floor":35},{"not_picked":["Streamline+1"],"picked":"SKIP","floor":37},{"not_picked":["Turbo+1"],"picked":"SKIP","floor":37},{"not_picked":[],"picked":"Static Discharge","floor":39},{"not_picked":["Gash"],"picked":"SKIP","floor":39}],"player_experience":1195281,"relics_obtained":[{"floor":6,"key":"Prayer Wheel"},{"floor":8,"key":"Omamori"},{"floor":9,"key":"Sundial"},{"floor":10,"key":"Mummified Hand"},{"floor":13,"key":"Regal Pillow"},{"floor":24,"key":"Mercury Hourglass"},{"floor":26,"key":"Bottled Flame"},{"floor":29,"key":"Centennial Puzzle"}],"event_choices":[{"damage_healed":0,"gold_gain":0,"player_choice":"Ignored","damage_taken":0,"max_hp_gain":0,"max_hp_loss":0,"event_name":"Golden Wing","floor":3,"gold_loss":0},{"damage_healed":0,"gold_gain":150,"player_choice":"AGREE","damage_taken":0,"max_hp_gain":0,"max_hp_loss":0,"event_name":"Liars Game","floor":12,"gold_loss":0,"cards_obtained":["Doubt"]},{"damage_healed":0,"gold_gain":0,"player_choice":"Obtained Relic","damage_taken":0,"relics_obtained":["DataDisk"],"max_hp_gain":0,"max_hp_loss":0,"event_name":"Addict","floor":21,"gold_loss":85},{"damage_healed":0,"gold_gain":0,"player_choice":"Ignored","damage_taken":0,"max_hp_gain":0,"max_hp_loss":0,"event_name":"Beggar","floor":25,"gold_loss":0},{"damage_healed":0,"gold_gain":0,"player_choice":"Opened","damage_taken":0,"relics_obtained":["Letter Opener"],"max_hp_gain":0,"max_hp_loss":0,"event_name":"The Mausoleum","floor":31,"gold_loss":0,"cards_obtained":["Writhe"]},{"damage_healed":0,"gold_gain":0,"player_choice":"Ignored","damage_taken":0,"max_hp_gain":0,"max_hp_loss":0,"event_name":"Mysterious Sphere","floor":38,"gold_loss":0}],"is_beta":false,"boss_relics":[{"not_picked":["Snecko Eye","Astrolabe"],"picked":"Busted Crown"},{"not_picked":["Pandora\u0027s Box","Velvet Choker"],"picked":"Inserter"}],"items_purged_floors":[2],"is_endless":false,"potions_floor_spawned":[1,4,13,24,27,28,29,30,35,37],"killed_by":"Nemesis","ascension_level":20}