{"gold_per_floor":[110,185,185,201,216,216,234,254,279,55,55],"floor_reached":11,"playtime":242,"items_purged":[],"score":65,"play_id":"be460020-3bd8-417c-9a0b-6c7d531bd2f2","local_time":"20190504213844","is_ascension_mode":false,"campfire_choices":[{"data":"Defragment","floor":6,"key":"SMITH"}],"neow_cost":"NONE","seed_source_timestamp":100841263423000,"circlet_count":0,"master_deck":["Strike_B","Strike_B","Strike_B","Strike_B","Defend_B","Defend_B","Defend_B","Defend_B","Zap","Dualcast","Coolheaded","Defragment+1","Darkness","Streamline","Echo Form"],"relics":["Cracked Core","Bag of Preparation","Boot","Orichalcum"],"potions_floor_usage":[11],"damage_taken":[{"damage":0,"enemies":"Small Slimes","floor":1,"turns":3},{"damage":9,"enemies":"2 Louse","floor":4,"turns":3},{"damage":9,"enemies":"Jaw Worm","floor":5,"turns":4},{"damage":8,"enemies":"3 Louse","floor":7,"turns":5},{"damage":26,"enemies":"Large Slime","floor":8,"turns":4},{"damage":16,"enemies":"Lagavulin","floor":11,"turns":3}],"seed_played":"-6870046925191098303","potions_obtained":[{"floor":4,"key":"Dexterity Potion"},{"floor":7,"key":"SteroidPotion"}],"is_trial":false,"path_per_floor":["M","?","?","M","M","R","M","M","T","$","E"],"character_chosen":"DEFECT","items_purchased":["Echo Form","Orichalcum"],"campfire_rested":0,"item_purchase_floors":[10,10],"current_hp_per_floor":[82,71,68,59,50,50,42,16,16,16,0],"gold":55,"neow_bonus":"TEN_PERCENT_HP_BONUS","is_prod":false,"is_daily":false,"chose_seed":false,"campfire_upgraded":1,"win_rate":0,"timestamp":1557020324,"path_taken":["M","?","?","M","M","R","M","M","T","$","E"],"build_version":"2019-01-23","purchased_purges":0,"victory":false,"max_hp_per_floor":[82,82,82,82,82,82,82,82,82,82,82],"card_choices":[{"not_picked":["Rebound","Gash","Stack"],"picked":"SKIP","floor":1},{"not_picked":["Auto Shields","Heatsinks"],"picked":"Coolheaded","floor":4},{"not_picked":["Leap","Compile Driver"],"picked":"Defragment","floor":5},{"not_picked":["Steam","Chill"],"picked":"Darkness","floor":7},{"not_picked":["Redo","Gash"],"picked":"Streamline","floor":8}],"player_experience":95640,"relics_obtained":[{"floor":9,"key":"Boot"}],"event_choices":[{"damage_healed":0,"gold_gain":75,"player_choice":"Gather Gold","damage_taken":11,"max_hp_gain":0,"max_hp_loss":0,"event_name":"World of Goop","floor":2,"gold_loss":0},{"damage_healed":0,"gold_gain":0,"player_choice":"Success","damage_taken":3,"relics_obtained":["Bag of Preparation"],"max_hp_gain":0,"max_hp_loss":0,"event_name":"Scrap Ooze","floor":3,"gold_loss":0}],"is_beta":false,"boss_relics":[],"items_purged_floors":[],"is_endless":false,"potions_floor_spawned":[4,7],"killed_by":"Lagavulin","ascension_level":0}