{"gold_per_floor":[116,133,133,133,149,149,168,193,243,253,271,271],"floor_reached":12,"playtime":514,"items_purged":[],"score":164,"play_id":"5498a074-2872-46f4-a2d2-b9a0eec207e6","local_time":"20190428230908","is_ascension_mode":true,"campfire_choices":[{"data":"Zap","floor":6,"key":"SMITH"}],"neow_cost":"NONE","seed_source_timestamp":18802174453800,"circlet_count":0,"master_deck":["AscendersBane","Strike_B","Strike_B","Strike_B","Defend_B","Defend_B","Defend_B","Defend_B","Zap+1","Dualcast","Rebound","Sweeping Beam","Leap","Ball Lightning","Biased Cognition","Conserve Battery"],"relics":["Cracked Core","NeowsBlessing","Singing Bowl","Bag of Preparation"],"potions_floor_usage":[7,7,8],"damage_taken":[{"damage":0,"enemies":"2 Louse","floor":1,"turns":1},{"damage":0,"enemies":"Small Slimes","floor":2,"turns":1},{"damage":0,"enemies":"Cultist","floor":5,"turns":1},{"damage":14,"enemies":"Exordium Thugs","floor":7,"turns":4},{"damage":27,"enemies":"Gremlin Nob","floor":8,"turns":4},{"damage":15,"enemies":"Gremlin Gang","floor":10,"turns":3},{"damage":8,"enemies":"Blue Slaver","floor":11,"turns":2},{"damage":8,"enemies":"Lots of Slimes","floor":12,"turns":2}],"seed_played":"6868451821725063180","potions_obtained":[{"floor":1,"key":"SteroidPotion"},{"floor":5,"key":"FearPotion"},{"floor":7,"key":"Fruit Juice"}],"is_trial":false,"path_per_floor":["M","M","?","?","M","R","M","E","T","M","M","M"],"character_chosen":"DEFECT","items_purchased":[],"campfire_rested":0,"item_purchase_floors":[],"current_hp_per_floor":[64,64,64,64,64,64,55,28,28,13,7,0],"gold":271,"neow_bonus":"THREE_ENEMY_KILL","is_prod":false,"is_daily":false,"chose_seed":false,"campfire_upgraded":1,"win_rate":0,"timestamp":1556460548,"path_taken":["M","M","?","?","?","R","M","E","T","M","M","M"],"build_version":"2019-01-23","purchased_purges":0,"victory":false,"max_hp_per_floor":[71,71,71,71,71,71,76,76,76,76,78,78],"card_choices":[{"not_picked":["Lockon","Melter"],"picked":"Rebound","floor":1},{"not_picked":["Gash","Redo"],"picked":"Sweeping Beam","floor":2},{"not_picked":["Turbo","Double Energy"],"picked":"Leap","floor":5},{"not_picked":["Scrape","Sweeping Beam"],"picked":"Ball Lightning","floor":7},{"not_picked":["Steam","Blizzard"],"picked":"Biased Cognition","floor":8},{"not_picked":["Beam Cell","Ball Lightning"],"picked":"Conserve Battery","floor":10},{"not_picked":["Tempest","Stack","Beam Cell"],"picked":"Singing Bowl","floor":11}],"player_experience":1139114,"relics_obtained":[{"floor":8,"key":"Singing Bowl"},{"floor":9,"key":"Bag of Preparation"}],"event_choices":[{"damage_healed":0,"gold_gain":0,"player_choice":"Ignored","damage_taken":0,"max_hp_gain":0,"max_hp_loss":0,"event_name":"Liars Game","floor":3,"gold_loss":0},{"cards_removed":["Strike_B"],"damage_healed":0,"gold_gain":0,"player_choice":"Offered Basic","damage_taken":0,"max_hp_gain":0,"max_hp_loss":0,"event_name":"Bonfire Elementals","floor":4,"gold_loss":0}],"is_beta":false,"boss_relics":[],"items_purged_floors":[],"is_endless":false,"potions_floor_spawned":[1,5,7],"killed_by":"Lots of Slimes","ascension_level":20}