{"gold_per_floor":[119,119,130,148,148,148,210,242,242,273,273,288,288,314,314,391,391,407,407,425,440,463,463,481,481,481,492,492,508,139,164,164,243,243,262,42,58,70,84,115,115,134,134,134,148,158,188,236,236,236,236,236,236,104,136,136],"floor_reached":57,"playtime":4529,"items_purged":["Strike_G","Strike_G"],"score":2838,"play_id":"8e5a93ba-cab0-480c-a3ab-507f4305391d","local_time":"20190418131429","is_ascension_mode":true,"campfire_choices":[{"data":"Dagger Spray","floor":6,"key":"SMITH"},{"data":"Leg Sweep","floor":11,"key":"SMITH"},{"data":"Neutralize","floor":13,"key":"SMITH"},{"data":"Deadly Poison","floor":15,"key":"SMITH"},{"data":"Dagger Spray","floor":23,"key":"SMITH"},{"data":"Footwork","floor":25,"key":"SMITH"},{"data":"Well Laid Plans","floor":28,"key":"SMITH"},{"data":"Noxious Fumes","floor":32,"key":"SMITH"},{"floor":41,"key":"RECALL"},{"floor":44,"key":"REST"},{"floor":49,"key":"REST"},{"floor":53,"key":"REST"}],"neow_cost":"NONE","seed_source_timestamp":1740951211119156,"circlet_count":0,"master_deck":["AscendersBane","Defend_G","Defend_G","Defend_G","Defend_G","Defend_G","Strike_G","Strike_G","Strike_G","Survivor","Neutralize+1","Dagger Spray+1","PiercingWail","Leg Sweep+1","Backstab","Dagger Spray+1","Deadly Poison+1","Cloak And Dagger","Bullet Time","Backflip+1","Cloak And Dagger+1","Footwork+1","Well Laid Plans+1","Backflip","Noxious Fumes+1","Poisoned Stab","After Image","Catalyst","Footwork","Calculated Gamble","Caltrops","Dash","Venomology","Dash","Skewer","PiercingWail","Backflip+1"],"relics":["Ring of the Snake","Mercury Hourglass","Anchor","Meat on the Bone","Matryoshka","Odd Mushroom","Snecko Eye","PreservedInsect","Snake Skull","Pear","Pantograph","Lantern","Ancient Tea Set","Fusion Hammer","Dream Catcher","Vajra","Ice Cream","StoneCalendar"],"potions_floor_usage":[0,8,10,10,18,45,47,51,51,55,56,56,56],"damage_taken":[{"damage":6,"enemies":"Cultist","floor":1,"turns":6},{"damage":4,"enemies":"Small Slimes","floor":3,"turns":4},{"damage":0,"enemies":"2 Louse","floor":4,"turns":2},{"damage":17,"enemies":"3 Sentries","floor":7,"turns":5},{"damage":3,"enemies":"3 Sentries","floor":8,"turns":4},{"damage":30,"enemies":"Gremlin Nob","floor":10,"turns":4},{"damage":0,"enemies":"Exordium Wildlife","floor":12,"turns":4},{"damage":0,"enemies":"The Mushroom Lair","floor":14,"turns":4},{"damage":15,"enemies":"The Guardian","floor":16,"turns":12},{"damage":5,"enemies":"Chosen","floor":18,"turns":5},{"damage":1,"enemies":"Shell Parasite","floor":20,"turns":6},{"damage":4,"enemies":"Centurion and Healer","floor":21,"turns":6},{"damage":0,"enemies":"Snake Plant","floor":24,"turns":5},{"damage":1,"enemies":"Shelled Parasite and Fungi","floor":27,"turns":6},{"damage":0,"enemies":"Centurion and Healer","floor":29,"turns":7},{"damage":0,"enemies":"Slavers","floor":31,"turns":4},{"damage":0,"enemies":"Champ","floor":33,"turns":11},{"damage":0,"enemies":"3 Shapes","floor":35,"turns":5},{"damage":0,"enemies":"Orb Walker","floor":37,"turns":2},{"damage":0,"enemies":"Maw","floor":38,"turns":8},{"damage":17,"enemies":"Transient","floor":39,"turns":6},{"damage":4,"enemies":"Giant Head","floor":40,"turns":9},{"damage":0,"enemies":"Jaw Worm Horde","floor":42,"turns":6},{"damage":13,"enemies":"Sphere and 2 Shapes","floor":45,"turns":5},{"damage":0,"enemies":"Spire Growth","floor":46,"turns":7},{"damage":0,"enemies":"Nemesis","floor":47,"turns":9},{"damage":9,"enemies":"2 Orb Walkers","floor":48,"turns":6},{"damage":14,"enemies":"Time Eater","floor":50,"turns":14},{"damage":39,"enemies":"Awakened One","floor":51,"turns":19},{"damage":35,"enemies":"Shield and Spear","floor":55,"turns":6},{"damage":58,"enemies":"The Heart","floor":56,"turns":9}],"seed_played":"6332930380930448996","potions_obtained":[{"floor":0,"key":"SteroidPotion"},{"floor":0,"key":"Fruit Juice"},{"floor":0,"key":"Swift Potion"},{"floor":8,"key":"LiquidBronze"},{"floor":12,"key":"Dexterity Potion"},{"floor":14,"key":"Explosive Potion"},{"floor":18,"key":"Ancient Potion"},{"floor":21,"key":"GhostInAJar"}],"is_trial":false,"path_per_floor":["M","?","M","M","?","R","?","E","T","E","R","M","R","?","R","B",null,"M","?","M","M","T","R","M","R","T","M","R","M","$","E","R","B",null,"M","$","M","M","M","E","R","M","T","R","M","M","E","?","R","B","B",null,"R","$","E","B",null],"character_chosen":"THE_SILENT","items_purchased":["Noxious Fumes","Poisoned Stab","Lantern","Catalyst","Footwork","LiquidBronze","Weak Potion"],"campfire_rested":3,"item_purchase_floors":[30,30,30,36,36,54,54],"current_hp_per_floor":[58,58,54,54,59,59,42,39,39,21,21,33,33,45,45,42,68,63,63,62,58,58,58,58,58,68,67,67,67,67,67,67,86,86,86,86,86,86,69,65,65,65,65,86,73,73,73,64,86,72,47,76,86,86,51,30],"gold":136,"neow_bonus":"THREE_SMALL_POTIONS","is_prod":false,"is_daily":false,"chose_seed":false,"campfire_upgraded":8,"win_rate":0,"timestamp":1555560869,"path_taken":["M","?","M","M","?","R","?","E","T","E","R","M","R","?","R","BOSS","M","?","M","M","?","R","M","R","T","M","R","?","$","E","R","BOSS","M","$","?","M","?","E","R","M","T","R","M","M","E","?","R","BOSS","BOSS","R","$","E","BOSS"],"build_version":"2019-01-23","purchased_purges":2,"victory":true,"max_hp_per_floor":[71,71,71,71,76,76,76,76,76,76,76,76,76,76,76,76,76,76,76,76,76,76,76,76,76,86,86,86,86,86,86,86,86,86,86,86,86,86,86,86,86,86,86,86,86,86,86,86,86,86,86,86,86,86,86,86],"card_choices":[{"not_picked":["Bane","Accuracy"],"picked":"Dagger Spray","floor":1},{"not_picked":["Outmaneuver","Slice"],"picked":"PiercingWail","floor":3},{"not_picked":["Underhanded Strike","Bullet Time","Acrobatics"],"picked":"SKIP","floor":4},{"not_picked":["Dagger Throw","Outmaneuver"],"picked":"Leg Sweep","floor":7},{"not_picked":["Acrobatics","Distraction"],"picked":"Backstab","floor":8},{"not_picked":["Infinite Blades","Outmaneuver"],"picked":"Dagger Spray","floor":10},{"not_picked":["Flying Knee","Escape Plan"],"picked":"Deadly Poison","floor":12},{"not_picked":["Blade Dance","Bane"],"picked":"Cloak And Dagger","floor":14},{"not_picked":["Die Die Die","Tools of the Trade"],"picked":"Bullet Time","floor":16},{"not_picked":["Dagger Throw","Blade Dance+1"],"picked":"Backflip+1","floor":18},{"not_picked":["Endless Agony","Backflip","Underhanded Strike"],"picked":"SKIP","floor":20},{"not_picked":["Setup+1","Quick Slash+1"],"picked":"Cloak And Dagger+1","floor":21},{"not_picked":["Blade Dance","Catalyst"],"picked":"Footwork","floor":24},{"not_picked":["Dagger Spray","Predator"],"picked":"Well Laid Plans","floor":27},{"not_picked":["Flying Knee","All Out Attack"],"picked":"Backflip","floor":29},{"not_picked":["Outmaneuver","Deadly Poison","Prepared"],"picked":"SKIP","floor":31},{"not_picked":["Burst","Corpse Explosion"],"picked":"After Image","floor":33},{"not_picked":["Dagger Spray","Underhanded Strike","Acrobatics+1"],"picked":"SKIP","floor":35},{"not_picked":["Choke","Bane","Eviscerate+1"],"picked":"SKIP","floor":37},{"not_picked":["Blade Dance","Dagger Throw"],"picked":"Calculated Gamble","floor":38},{"not_picked":["All Out Attack","Concentrate","Poisoned Stab"],"picked":"SKIP","floor":39},{"not_picked":["Bouncing Flask+1","Poisoned Stab+1"],"picked":"Caltrops","floor":40},{"not_picked":["Flechettes","Underhanded Strike"],"picked":"Dash","floor":42},{"not_picked":["Poisoned Stab+1","Slice"],"picked":"Venomology","floor":44},{"not_picked":["Deflect","Riddle With Holes","Acrobatics"],"picked":"SKIP","floor":45},{"not_picked":["Reflex","Backstab"],"picked":"Dash","floor":46},{"not_picked":["Cloak And Dagger","Sucker Punch","Bane"],"picked":"SKIP","floor":47},{"not_picked":["Underhanded Strike","Setup"],"picked":"Skewer","floor":49},{"not_picked":["Backflip","Blade Dance"],"picked":"PiercingWail","floor":53},{"not_picked":["Endless Agony","Setup"],"picked":"Backflip+1","floor":55}],"player_experience":962046,"relics_obtained":[{"floor":8,"key":"Anchor"},{"floor":9,"key":"Meat on the Bone"},{"floor":10,"key":"Matryoshka"},{"floor":14,"key":"Odd Mushroom"},{"floor":22,"key":"PreservedInsect"},{"floor":22,"key":"Snake Skull"},{"floor":26,"key":"Pear"},{"floor":26,"key":"Pantograph"},{"floor":31,"key":"Ancient Tea Set"},{"floor":40,"key":"Dream Catcher"},{"floor":47,"key":"Vajra"},{"floor":48,"key":"Ice Cream"},{"floor":55,"key":"StoneCalendar"}],"event_choices":[{"damage_healed":0,"gold_gain":0,"player_choice":"Ignored","damage_taken":0,"max_hp_gain":0,"max_hp_loss":0,"event_name":"Liars Game","floor":2,"gold_loss":0},{"damage_healed":0,"gold_gain":0,"player_choice":"Donut","damage_taken":0,"max_hp_gain":5,"max_hp_loss":0,"event_name":"Big Fish","floor":5,"gold_loss":0},{"damage_healed":0,"gold_gain":0,"player_choice":"Searched \u00272\u0027 times","damage_taken":0,"relics_obtained":["Mercury Hourglass"],"max_hp_gain":0,"max_hp_loss":0,"event_name":"Dead Adventurer","floor":7,"gold_loss":0},{"damage_healed":0,"gold_gain":0,"player_choice":"Fought Mushrooms","damage_taken":0,"max_hp_gain":0,"max_hp_loss":0,"event_name":"Mushrooms","floor":14,"gold_loss":0},{"damage_healed":0,"gold_gain":0,"player_choice":"Ignored","damage_taken":0,"max_hp_gain":0,"max_hp_loss":0,"event_name":"Ghosts","floor":19,"gold_loss":0},{"damage_healed":0,"gold_gain":0,"player_choice":"Fight","damage_taken":0,"max_hp_gain":0,"max_hp_loss":0,"event_name":"Mysterious Sphere","floor":48,"gold_loss":0}],"is_beta":false,"boss_relics":[{"not_picked":["Philosopher\u0027s Stone","Pandora\u0027s Box"],"picked":"Snecko Eye"},{"not_picked":["Astrolabe","HoveringKite"],"picked":"Fusion Hammer"}],"items_purged_floors":[30,36],"is_endless":false,"potions_floor_spawned":[7,8,12,14,16,18,21,27,33,39,40,42,48],"ascension_level":20}