{"gold_per_floor":[99,99,99,99,99,99,99,61,61,61,21,21,21,21,21,21,21,21,0,0,0,0,0,0,0,0,0,0,0,0,0,0,0,0,0,0,0,0,0,0,0,0,0,0,0,0,0,0,0,0],"floor_reached":50,"playtime":3790,"items_purged":[],"score":948,"play_id":"a0ce3fa3-c988-400f-b819-5912bdf3a2b0","local_time":"20190428212559","is_ascension_mode":true,"campfire_choices":[{"data":"Shockwave","floor":7.0,"key":"SMITH"},{"data":"Armaments","floor":15.0,"key":"SMITH"},{"data":"True Grit","floor":24,"key":"SMITH"},{"data":"Pommel Strike","floor":28,"key":"SMITH"},{"floor":30,"key":"REST"},{"data":"Pummel","floor":32,"key":"SMITH"},{"floor":40,"key":"REST"},{"data":"Limit Break","floor":47,"key":"SMITH"},{"floor":49,"key":"REST"}],"neow_cost":"NONE","seed_source_timestamp":0,"circlet_count":0,"master_deck":["Strike_R","Strike_R","Strike_R","Strike_R","Strike_R","Defend_R","Defend_R","Defend_R","Defend_R","Bash+1","Headbutt","Shrug It Off","Pommel Strike+1","Shockwave+1","Pummel+1","True Grit+1","Pummel","Armaments+1","Immolate","Thunderclap+1","Flex+1","True Grit+1","Offering","Dual Wield+1","Limit Break+1","Spot Weakness+1"],"special_seed":0,"relics":["Ectoplasm","Boot","Red Skull","Strawberry","Kunai","Runic Cube","PreservedInsect","Bird Faced Urn","Lantern","Regal Pillow","Runic Pyramid","Shovel","Orichalcum","Happy Flower","Red Mask","Charon\u0027s Ashes"],"potions_floor_usage":[23,31,33,33,33,41,46,50,50],"damage_taken":[{"damage":2.0,"enemies":"2 Louse","floor":1.0,"turns":2.0},{"damage":0.0,"enemies":"Cultist","floor":2.0,"turns":2.0},{"damage":0.0,"enemies":"Jaw Worm","floor":3.0,"turns":4.0},{"damage":14.0,"enemies":"Red Slaver","floor":5.0,"turns":2.0},{"damage":0.0,"enemies":"Lagavulin","floor":6.0,"turns":7.0},{"damage":14.0,"enemies":"3 Sentries","floor":10.0,"turns":7.0},{"damage":16.0,"enemies":"Gremlin Nob","floor":12.0,"turns":3.0},{"damage":1.0,"enemies":"Exordium Wildlife","floor":13.0,"turns":2.0},{"damage":1.0,"enemies":"3 Louse","floor":14.0,"turns":2.0},{"damage":1.0,"enemies":"The Guardian","floor":16.0,"turns":11.0},{"damage":0.0,"enemies":"Chosen","floor":18.0,"turns":3.0},{"damage":27,"enemies":"Book of Stabbing","floor":23,"turns":6},{"damage":17,"enemies":"Gremlin Leader","floor":25,"turns":3},{"damage":3,"enemies":"2 Thieves","floor":29,"turns":3},{"damage":7,"enemies":"Slavers","floor":31,"turns":4},{"damage":31,"enemies":"Collector","floor":33,"turns":9},{"damage":6,"enemies":"Orb Walker","floor":35,"turns":4},{"damage":30,"enemies":"3 Darklings","floor":36,"turns":3},{"damage":16,"enemies":"2 Orb Walkers","floor":38,"turns":3},{"damage":17,"enemies":"Nemesis","floor":41,"turns":5},{"damage":0,"enemies":"4 Shapes","floor":42,"turns":5},{"damage":14,"enemies":"Giant Head","floor":44,"turns":6},{"damage":6,"enemies":"Reptomancer","floor":46,"turns":3},{"damage":9,"enemies":"Transient","floor":48,"turns":5},{"damage":52,"enemies":"Awakened One","floor":50,"turns":6}],"seed_played":"8676213717393495496","potions_obtained":[{"floor":2.0,"key":"PowerPotion"},{"floor":3.0,"key":"Dexterity Potion"},{"floor":10.0,"key":"Ancient Potion"},{"floor":11.0,"key":"Energy Potion"},{"floor":11.0,"key":"Regen Potion"},{"floor":14.0,"key":"LiquidBronze"},{"floor":16.0,"key":"SpeedPotion"},{"floor":23,"key":"Energy Potion"},{"floor":25,"key":"Weak Potion"},{"floor":31,"key":"Fire Potion"},{"floor":38,"key":"AttackPotion"},{"floor":42,"key":"SkillPotion"},{"floor":44,"key":"Swift Potion"},{"floor":46,"key":"SteroidPotion"}],"is_trial":false,"path_per_floor":["M","M","M","?","M","E","R","$","T","E","?","E","M","M","R","B",null,"M","?","?","?","?","E","R","E","T","?","R","M","R","E","R","B",null,"M","M","?","?","?","R","E","M","T","E","?","E","R","M","R","B"],"character_chosen":"IRONCLAD","items_purchased":["Pummel"],"campfire_rested":3,"item_purchase_floors":[8],"current_hp_per_floor":[70,70,70,70,56,56,56,56,56,49,49,33,32,31,31,45,77,77,77,77,77,77,50,50,33,33,33,33,30,56,49,49,18,70,64,34,34,18,18,57,40,40,40,26,26,20,20,11,50,0],"gold":0,"neow_bonus":"BOSS_RELIC","is_prod":false,"is_daily":false,"chose_seed":false,"campfire_upgraded":6,"win_rate":0,"timestamp":1556504759,"path_taken":["M","M","M","?","M","E","R","?","T","E","?","E","M","?","R","BOSS","M","?","?","?","?","E","R","E","T","?","R","M","R","E","R","BOSS","M","M","?","?","?","R","E","M","T","E","?","E","R","M","R","BOSS"],"build_version":"2019-01-23","purchased_purges":0,"victory":false,"max_hp_per_floor":[80,80,80,80,80,80,80,80,80,87,87,87,87,87,87,87,87,87,87,87,87,87,87,87,87,87,87,87,87,87,87,87,87,87,87,87,87,87,83,83,83,83,83,83,83,83,83,83,83,83],"card_choices":[{"not_picked":["Pommel Strike","Disarm"],"picked":"Headbutt","floor":1.0},{"not_picked":["Searing Blow","Twin Strike"],"picked":"Shrug It Off","floor":2.0},{"not_picked":["Anger","Thunderclap"],"picked":"Pommel Strike","floor":3.0},{"not_picked":["Corruption","Blood for Blood","Twin Strike"],"picked":"SKIP","floor":5.0},{"not_picked":["Clash","Body Slam"],"picked":"Shockwave","floor":6.0},{"not_picked":["Headbutt","Disarm"],"picked":"True Grit","floor":10.0},{"not_picked":["Shockwave","Searing Blow"],"picked":"Pummel","floor":12.0},{"not_picked":["Heavy Blade","True Grit","Twin Strike"],"picked":"SKIP","floor":13.0},{"not_picked":["Cleave","Thunderclap"],"picked":"Armaments","floor":14.0},{"not_picked":["Double Tap","Impervious"],"picked":"Immolate","floor":16.0},{"not_picked":["Havoc+1","Flame Barrier"],"picked":"Thunderclap+1","floor":18.0},{"not_picked":["Havoc","Second Wind","Bloodletting"],"picked":"SKIP","floor":23},{"not_picked":["Shockwave","Power Through+1"],"picked":"Flex+1","floor":25},{"not_picked":["Perfected Strike","Wild Strike+1","Clash+1"],"picked":"SKIP","floor":29},{"not_picked":["Feed","Flex"],"picked":"True Grit+1","floor":31},{"not_picked":["Reaper","Exhume"],"picked":"Offering","floor":33},{"not_picked":["Clash+1","Fire Breathing","Clothesline"],"picked":"SKIP","floor":35},{"not_picked":["Sword Boomerang+1","Bloodletting","Burning Pact+1"],"picked":"SKIP","floor":36},{"not_picked":["Infernal Blade+1","Body Slam+1","Disarm"],"picked":"SKIP","floor":41},{"not_picked":["Clothesline+1","Headbutt+1"],"picked":"Dual Wield+1","floor":42},{"not_picked":["Pommel Strike","Metallicize+1","Immolate"],"picked":"SKIP","floor":44},{"not_picked":["Rampage","Havoc+1"],"picked":"Limit Break","floor":46},{"not_picked":["Thunderclap+1","Second Wind+1"],"picked":"Spot Weakness+1","floor":48}],"player_experience":354695,"relics_obtained":[{"floor":6.0,"key":"Boot"},{"floor":9.0,"key":"Red Skull"},{"floor":10.0,"key":"Strawberry"},{"floor":12.0,"key":"Kunai"},{"floor":23,"key":"PreservedInsect"},{"floor":25,"key":"Bird Faced Urn"},{"floor":26,"key":"Lantern"},{"floor":31,"key":"Regal Pillow"},{"floor":38,"key":"Shovel"},{"floor":41,"key":"Orichalcum"},{"floor":44,"key":"Happy Flower"},{"floor":46,"key":"Charon\u0027s Ashes"}],"event_choices":[{"damage_healed":0.0,"max_hp_gain":0.0,"max_hp_loss":0.0,"gold_gain":0.0,"event_name":"Upgrade Shrine","player_choice":"Upgraded","floor":4.0,"gold_loss":0.0,"damage_taken":0.0,"cards_upgraded":["Bash"]},{"damage_healed":0.0,"max_hp_gain":0.0,"max_hp_loss":0.0,"gold_gain":0.0,"event_name":"The Woman in Blue","player_choice":"Bought 3 Potions","floor":11.0,"gold_loss":0.0,"damage_taken":0.0},{"damage_healed":0.0,"max_hp_gain":0.0,"max_hp_loss":0.0,"gold_gain":0.0,"event_name":"Masked Bandits","player_choice":"Paid Fearfully","floor":19.0,"gold_loss":21.0,"damage_taken":0.0},{"damage_healed":0.0,"max_hp_gain":0.0,"max_hp_loss":0.0,"gold_gain":0.0,"event_name":"Beggar","player_choice":"Ignored","floor":20.0,"gold_loss":0.0,"damage_taken":0.0},{"damage_healed":0.0,"max_hp_gain":0.0,"max_hp_loss":0.0,"gold_gain":0.0,"event_name":"Ghosts","player_choice":"Ignored","floor":22.0,"gold_loss":0.0,"damage_taken":0.0},{"damage_healed":0,"gold_gain":0,"player_choice":"Ignored","damage_taken":0,"max_hp_gain":0,"max_hp_loss":0,"event_name":"Vampires","floor":27,"gold_loss":0},{"damage_healed":0,"gold_gain":0,"player_choice":"Ignored","damage_taken":0,"max_hp_gain":0,"max_hp_loss":0,"event_name":"The Moai Head","floor":37,"gold_loss":0},{"damage_healed":0,"gold_gain":0,"player_choice":"Fight","damage_taken":0,"max_hp_gain":0,"max_hp_loss":0,"event_name":"Mysterious Sphere","floor":38,"gold_loss":0},{"damage_healed":0,"gold_gain":0,"player_choice":"Max HP","damage_taken":0,"max_hp_gain":0,"max_hp_loss":4,"event_name":"Winding Halls","floor":39,"gold_loss":0},{"damage_healed":0,"gold_gain":0,"player_choice":"Paid","damage_taken":0,"relics_obtained":["Red Mask"],"max_hp_gain":0,"max_hp_loss":0,"event_name":"Tomb of Lord Red Mask","floor":45,"gold_loss":0}],"is_beta":false,"boss_relics":[{"not_picked":["Calling Bell","Tiny House"],"picked":"Runic Cube"},{"not_picked":["Lizard Tail","Velvet Choker"],"picked":"Runic Pyramid"}],"items_purged_floors":[],"is_endless":false,"potions_floor_spawned":[2,3,10,14,16,23,25,31,38,42,44,46],"killed_by":"Awakened One","ascension_level":9}