{"gold_per_floor":[110,125,152,152,168,208,167,167,167,11,11,11,26,26,26,122,122,138,163,163],"floor_reached":20,"playtime":583,"items_purged":["Strike_B"],"score":344,"play_id":"2e28dc87-6936-47a7-939b-0aefd037f0ed","local_time":"20190220195554","is_ascension_mode":true,"campfire_choices":[{"floor":8,"key":"REST"},{"data":"Zap","floor":11,"key":"SMITH"},{"data":"Doom and Gloom","floor":15,"key":"SMITH"}],"neow_cost":"NONE","seed_source_timestamp":2455953304196590,"circlet_count":0,"master_deck":["AscendersBane","Strike_B","Strike_B","Strike_B","Defend_B","Defend_B","Defend_B","Defend_B","Zap+1","Dualcast","Double Energy","Doom and Gloom+1","Reinforced Body","Auto Shields","Biased Cognition","Reinforced Body"],"relics":["Cracked Core","Blood Vial","Golden Idol","Art of War","Sundial","Runic Dome"],"potions_floor_usage":[6,16,16,19],"damage_taken":[{"damage":0,"enemies":"Cultist","floor":1,"turns":3},{"damage":7,"enemies":"Small Slimes","floor":2,"turns":3},{"damage":2,"enemies":"Jaw Worm","floor":5,"turns":3},{"damage":45,"enemies":"3 Sentries","floor":6,"turns":10},{"damage":9,"enemies":"2 Fungi Beasts","floor":13,"turns":3},{"damage":55,"enemies":"Hexaghost","floor":16,"turns":9},{"damage":29,"enemies":"3 Byrds","floor":18,"turns":5},{"damage":33,"enemies":"2 Thieves","floor":19,"turns":4},{"damage":13,"enemies":"Cultist and Chosen","floor":20,"turns":2}],"seed_played":"-5498202852076670900","potions_obtained":[{"floor":2,"key":"Fire Potion"},{"floor":6,"key":"GamblersBrew"},{"floor":13,"key":"Poison Potion"},{"floor":18,"key":"SteroidPotion"}],"is_trial":false,"path_per_floor":["M","M","T","?","M","E","?","R","T","$","R","$","M","?","R","B",null,"M","M","M"],"character_chosen":"DEFECT","items_purchased":["Reinforced Body"],"campfire_rested":1,"item_purchase_floors":[10],"current_hp_per_floor":[64,57,57,57,57,14,14,33,33,33,33,33,26,74,74,19,60,33,2,0],"gold":163,"neow_bonus":"ONE_RANDOM_RARE_CARD","is_prod":false,"is_daily":false,"chose_seed":false,"campfire_upgraded":2,"win_rate":0,"timestamp":1550660154,"path_taken":["M","M","?","?","M","E","?","R","T","$","R","?","M","?","R","BOSS","M","?","M"],"build_version":"2019-01-23","purchased_purges":1,"victory":false,"max_hp_per_floor":[71,71,71,64,64,64,64,64,64,64,64,64,64,74,74,74,74,74,74,74],"card_choices":[{"not_picked":["Turbo","Scrape","Redo"],"picked":"SKIP","floor":1},{"not_picked":["Rebound","Chaos","Beam Cell"],"picked":"SKIP","floor":2},{"not_picked":["Blizzard","Aggregate"],"picked":"Double Energy","floor":5},{"not_picked":["Auto Shields","Streamline"],"picked":"Doom and Gloom","floor":6},{"not_picked":["Streamline","Hello World"],"picked":"Auto Shields","floor":13},{"not_picked":["Fission","Amplify"],"picked":"Biased Cognition","floor":16},{"not_picked":["Force Field","Turbo","Conserve Battery"],"picked":"SKIP","floor":18},{"not_picked":["Leap","Compile Driver"],"picked":"Reinforced Body","floor":19}],"player_experience":572424,"relics_obtained":[{"floor":3,"key":"Blood Vial"},{"floor":6,"key":"Art of War"},{"floor":9,"key":"Sundial"}],"event_choices":[{"damage_healed":0,"gold_gain":0,"player_choice":"Lose Max HP","damage_taken":0,"relics_obtained":["Golden Idol"],"max_hp_gain":0,"max_hp_loss":7,"event_name":"Golden Idol","floor":4,"gold_loss":0},{"damage_healed":0,"gold_gain":0,"player_choice":"Left Gold","damage_taken":0,"max_hp_gain":0,"max_hp_loss":0,"event_name":"World of Goop","floor":7,"gold_loss":41},{"cards_removed":["Creative AI"],"damage_healed":38,"gold_gain":0,"player_choice":"Offered Rare","damage_taken":0,"max_hp_gain":10,"max_hp_loss":0,"event_name":"Bonfire Elementals","floor":14,"gold_loss":0}],"is_beta":false,"boss_relics":[{"not_picked":["Calling Bell","Eternal Feather"],"picked":"Runic Dome"}],"items_purged_floors":[10],"is_endless":false,"potions_floor_spawned":[2,6,13,18],"killed_by":"Cultist and Chosen","ascension_level":20}