{"gold_per_floor":[116,135,135,152,166,166,195,195,219,47,47,47,80,99,99,202,202,219,219,219,63,77,105,105,105],"floor_reached":25,"playtime":1666,"items_purged":["Strike_G"],"score":394,"play_id":"f63524fe-0308-45a8-a229-d697a8fd1f80","local_time":"20190426211413","is_ascension_mode":true,"campfire_choices":[{"data":"Neutralize","floor":6,"key":"SMITH"},{"data":"Dagger Spray","floor":8,"key":"SMITH"},{"floor":15,"key":"REST"},{"data":"Footwork","floor":24,"key":"SMITH"}],"neow_cost":"PERCENT_DAMAGE","seed_source_timestamp":4011297143562,"circlet_count":0,"master_deck":["AscendersBane","Defend_G","Defend_G","Defend_G","Defend_G","Defend_G","Strike_G","Strike_G","Survivor","Neutralize+1","Dagger Throw","Dagger Spray+1","Caltrops","Dash","Leg Sweep","Footwork+1","Deadly Poison","Noxious Fumes","Bane","After Image","Well Laid Plans","Blur","Outmaneuver+1"],"relics":["Ring of the Snake","Prayer Wheel","Snake Skull","PreservedInsect","Pen Nib","White Beast Statue","Bronze Scales","The Courier"],"potions_floor_usage":[7,16,23,23,25],"damage_taken":[{"damage":1,"enemies":"Cultist","floor":1,"turns":5},{"damage":0,"enemies":"2 Louse","floor":2,"turns":3},{"damage":3,"enemies":"Jaw Worm","floor":4,"turns":7},{"damage":1,"enemies":"Blue Slaver","floor":5,"turns":4},{"damage":14,"enemies":"3 Sentries","floor":7,"turns":8},{"damage":22,"enemies":"Gremlin Nob","floor":13,"turns":4},{"damage":4,"enemies":"Looter","floor":14,"turns":3},{"damage":23,"enemies":"Slime Boss","floor":16,"turns":11},{"damage":4,"enemies":"Shell Parasite","floor":18,"turns":9},{"damage":3,"enemies":"3 Byrds","floor":22,"turns":3},{"damage":0,"enemies":"Gremlin Leader","floor":23,"turns":6},{"damage":39,"enemies":"Slavers","floor":25,"turns":3}],"seed_played":"1885502254893110788","potions_obtained":[{"floor":2,"key":"EssenceOfSteel"},{"floor":7,"key":"LiquidBronze"},{"floor":13,"key":"Explosive Potion"},{"floor":18,"key":"SkillPotion"},{"floor":22,"key":"GhostInAJar"},{"floor":23,"key":"PowerPotion"}],"is_trial":false,"path_per_floor":["M","M","?","M","M","R","E","R","T","$","?","?","E","M","R","B",null,"M","?","?","$","M","E","R","E"],"character_chosen":"THE_SILENT","items_purchased":["Footwork","Deadly Poison","Bronze Scales"],"campfire_rested":1,"item_purchase_floors":[10,10,21],"current_hp_per_floor":[44,44,44,41,40,40,26,26,26,26,19,42,20,16,37,14,56,52,39,39,39,36,36,36,0],"gold":105,"neow_bonus":"ONE_RARE_RELIC","is_prod":false,"is_daily":false,"chose_seed":false,"campfire_upgraded":3,"win_rate":0,"timestamp":1556306053,"path_taken":["M","M","?","M","?","R","E","R","T","$","?","?","E","M","R","BOSS","M","?","?","$","M","E","R","E"],"build_version":"2019-01-23","purchased_purges":1,"victory":false,"max_hp_per_floor":[70,70,70,70,70,70,70,70,70,70,70,70,70,70,70,70,70,70,75,75,75,75,75,75,75],"card_choices":[{"not_picked":["Acrobatics","Tactician"],"picked":"Dagger Throw","floor":1},{"not_picked":["Flying Knee","Prepared","Bane"],"picked":"SKIP","floor":1},{"not_picked":["Backflip","Underhanded Strike"],"picked":"Dagger Spray","floor":2},{"not_picked":["Terror","Deadly Poison"],"picked":"Caltrops","floor":2},{"not_picked":["Eviscerate","Sucker Punch"],"picked":"Dash","floor":4},{"not_picked":["Prepared","Blade Dance","Riddle With Holes"],"picked":"SKIP","floor":4},{"not_picked":["Bane","Blade Dance"],"picked":"Leg Sweep","floor":5},{"not_picked":["Prepared","Leg Sweep","Dagger Throw"],"picked":"SKIP","floor":5},{"not_picked":["Poisoned Stab","Outmaneuver","Deflect"],"picked":"SKIP","floor":7},{"not_picked":["Slice","Dodge and Roll"],"picked":"Noxious Fumes","floor":13},{"not_picked":["Dodge and Roll","Glass Knife"],"picked":"Bane","floor":14},{"not_picked":["Endless Agony","Backflip","Distraction"],"picked":"SKIP","floor":14},{"not_picked":["Malaise","Die Die Die"],"picked":"After Image","floor":16},{"not_picked":["Blade Dance","Crippling Poison"],"picked":"Well Laid Plans","floor":18},{"not_picked":["Acrobatics","Accuracy+1","Distraction+1"],"picked":"SKIP","floor":18},{"not_picked":["Escape Plan","Outmaneuver"],"picked":"Blur","floor":22},{"not_picked":["Distraction","Underhanded Strike","PiercingWail"],"picked":"SKIP","floor":22},{"not_picked":["Slice","Prepared"],"picked":"Outmaneuver+1","floor":23}],"player_experience":490493,"relics_obtained":[{"floor":7,"key":"Snake Skull"},{"floor":9,"key":"PreservedInsect"},{"floor":13,"key":"Pen Nib"},{"floor":23,"key":"The Courier"}],"event_choices":[{"cards_removed":["Strike_G"],"damage_healed":0,"gold_gain":0,"player_choice":"Purged","damage_taken":0,"max_hp_gain":0,"max_hp_loss":0,"event_name":"Purifier","floor":3,"gold_loss":0},{"cards_removed":["Strike_G"],"damage_healed":0,"gold_gain":0,"player_choice":"Card Removal","damage_taken":7,"max_hp_gain":0,"max_hp_loss":0,"event_name":"Golden Wing","floor":11,"gold_loss":0},{"damage_healed":23,"gold_gain":0,"player_choice":"Banana","damage_taken":0,"max_hp_gain":0,"max_hp_loss":0,"event_name":"Big Fish","floor":12,"gold_loss":0},{"damage_healed":0,"gold_gain":0,"player_choice":"Shed Blood","damage_taken":18,"max_hp_gain":5,"max_hp_loss":0,"event_name":"Forgotten Altar","floor":19,"gold_loss":0},{"damage_healed":0,"gold_gain":0,"player_choice":"Leave","damage_taken":0,"max_hp_gain":0,"max_hp_loss":0,"event_name":"FaceTrader","floor":20,"gold_loss":0}],"is_beta":false,"boss_relics":[{"not_picked":["Calling Bell","Tiny House"],"picked":"White Beast Statue"}],"items_purged_floors":[10],"is_endless":false,"potions_floor_spawned":[2,7,13,18,22,23],"killed_by":"Slavers","ascension_level":11}