{"gold_per_floor":[116,133,133,10,29,29,43,76,76,76,90,119,137,158,158,253,253,267,267,15,15,215,215,241,241,541,573,573,573,80,99,99,203,203,223,223,223,223,49,49,60,78,78,93,93,93,93,108,108,108],"floor_reached":50,"playtime":2903,"items_purged":["Strike_B","Strike_B","Decay","Strike_B"],"score":633,"play_id":"4ccbc98f-df9b-4c59-b960-ec19256f2d3e","local_time":"20190309202214","is_ascension_mode":true,"campfire_choices":[{"data":"Go for the Eyes","floor":6,"key":"SMITH"},{"floor":10,"key":"REST"},{"floor":15,"key":"REST"},{"floor":23,"key":"REST"},{"floor":25,"key":"REST"},{"floor":32,"key":"REST"},{"data":"Madness","floor":40,"key":"SMITH"},{"data":"Redo","floor":47,"key":"SMITH"},{"floor":49,"key":"RECALL"}],"neow_cost":"NONE","seed_source_timestamp":1895012467733550,"circlet_count":0,"master_deck":["Strike_B+1","Defend_B","Defend_B+1","Defend_B","Zap+1","Dualcast+1","Compile Driver","Conserve Battery","Go for the Eyes+1","Cold Snap","Beam Cell","Hologram","Doom and Gloom","Ball Lightning","Echo Form","Sunder","Redo+1","Redo+1","Self Repair","Glacier","Core Surge","Leap","Madness+1","Madness","Cold Snap","Undo+1"],"relics":["Cracked Core","Juzu Bracelet","Pear","Odd Mushroom","Nuclear Battery","Lantern","Enchiridion","Cables","Old Coin","Singing Bowl","FossilizedHelix","Sozu","Blue Candle"],"potions_floor_usage":[14,14,16,27,50,50],"damage_taken":[{"damage":7,"enemies":"Jaw Worm","floor":1,"turns":3},{"damage":0,"enemies":"Small Slimes","floor":2,"turns":2},{"damage":0,"enemies":"2 Louse","floor":5,"turns":1},{"damage":4,"enemies":"Exordium Thugs","floor":7,"turns":3},{"damage":24,"enemies":"Gremlin Nob","floor":8,"turns":4},{"damage":4,"enemies":"3 Louse","floor":11,"turns":2},{"damage":9,"enemies":"Lagavulin","floor":12,"turns":5},{"damage":9,"enemies":"Lots of Slimes","floor":13,"turns":2},{"damage":18,"enemies":"The Mushroom Lair","floor":14,"turns":2},{"damage":15,"enemies":"Hexaghost","floor":16,"turns":7},{"damage":4,"enemies":"3 Byrds","floor":18,"turns":3},{"damage":18,"enemies":"Colosseum Slavers","floor":19,"turns":3},{"damage":29,"enemies":"Slavers","floor":24,"turns":4},{"damage":33,"enemies":"Book of Stabbing","floor":27,"turns":4},{"damage":0,"enemies":"Chosen","floor":31,"turns":3},{"damage":30,"enemies":"Champ","floor":33,"turns":14},{"damage":0,"enemies":"Orb Walker","floor":35,"turns":2},{"damage":0,"enemies":"3 Shapes","floor":41,"turns":2},{"damage":35,"enemies":"Jaw Worm Horde","floor":42,"turns":4},{"damage":26,"enemies":"Sphere and 2 Shapes","floor":44,"turns":6},{"damage":46,"enemies":"Transient","floor":48,"turns":5},{"damage":48,"enemies":"Donu and Deca","floor":50,"turns":6}],"seed_played":"-7005835472430770641","potions_obtained":[{"floor":11,"key":"Explosive Potion"},{"floor":12,"key":"SteroidPotion"},{"floor":13,"key":"Strength Potion"},{"floor":14,"key":"LiquidBronze"},{"floor":24,"key":"FocusPotion"},{"floor":31,"key":"Block Potion"},{"floor":33,"key":"Block Potion"}],"is_trial":false,"path_per_floor":["M","M","?","$","M","R","M","E","T","R","M","E","M","?","R","B",null,"M","?","$","?","?","R","E","R","T","E","?","?","$","M","R","B",null,"M","?","?","?","$","R","M","M","T","M","?","?","R","M","R","B"],"character_chosen":"DEFECT","items_purchased":["Go for the Eyes","Lantern","FossilizedHelix","Self Repair","Cold Snap"],"campfire_rested":5,"item_purchase_floors":[4,20,30,30,39],"current_hp_per_floor":[68,68,53,53,53,53,49,25,25,47,43,44,35,17,42,27,71,67,49,49,33,33,58,29,54,54,21,21,21,21,28,53,30,71,78,78,67,67,67,67,69,43,43,31,78,78,78,41,41,0],"gold":108,"neow_bonus":"UPGRADE_CARD","is_prod":false,"is_daily":false,"chose_seed":false,"campfire_upgraded":3,"win_rate":0,"timestamp":1552180934,"path_taken":["M","M","?","$","M","R","M","E","T","R","M","E","M","?","R","BOSS","M","?","$","?","?","R","E","R","T","E","?","?","$","M","R","BOSS","M","?","?","?","?","R","M","M","T","M","?","?","R","M","R","BOSS"],"build_version":"2019-01-23","purchased_purges":4,"victory":false,"max_hp_per_floor":[75,75,75,75,75,75,75,75,75,75,75,85,85,85,85,85,85,85,85,85,85,85,85,85,85,85,85,85,85,85,85,85,85,85,85,85,85,85,85,85,87,89,89,89,78,78,78,80,80,80],"card_choices":[{"not_picked":["Beam Cell","Leap"],"picked":"Compile Driver","floor":1},{"not_picked":["Hologram","Redo"],"picked":"Conserve Battery","floor":2},{"not_picked":["Reprogram","Consume"],"picked":"Sweeping Beam","floor":5},{"not_picked":["Leap","Barrage"],"picked":"Cold Snap","floor":7},{"not_picked":["Conserve Battery","Darkness"],"picked":"Beam Cell","floor":8},{"not_picked":["Tempest","Steam Power"],"picked":"Hologram","floor":11},{"not_picked":["Hologram","Beam Cell"],"picked":"Doom and Gloom","floor":12},{"not_picked":["Tempest","Lockon","Recycle"],"picked":"SKIP","floor":13},{"not_picked":["Rebound","Stack"],"picked":"Ball Lightning","floor":14},{"not_picked":["Machine Learning","Biased Cognition"],"picked":"Echo Form","floor":16},{"not_picked":["Steam+1","Reinforced Body"],"picked":"Sunder","floor":18},{"not_picked":["Chaos","Storm"],"picked":"Redo","floor":24},{"not_picked":["Turbo","Hello World+1"],"picked":"Redo+1","floor":27},{"not_picked":["Consume","Ball Lightning"],"picked":"Glacier","floor":31},{"not_picked":["Biased Cognition","Creative AI"],"picked":"Core Surge","floor":33},{"not_picked":["Streamline+1","Beam Cell"],"picked":"Leap","floor":35},{"not_picked":["Barrage","Redo","Scrape+1"],"picked":"Singing Bowl","floor":41},{"not_picked":["Chaos","Self Repair","Leap"],"picked":"Singing Bowl","floor":42},{"not_picked":["Beam Cell+1","Sweeping Beam+1"],"picked":"Undo+1","floor":44},{"not_picked":["Chill","Go for the Eyes","Compile Driver"],"picked":"Singing Bowl","floor":48}],"player_experience":139273,"relics_obtained":[{"floor":8,"key":"Juzu Bracelet"},{"floor":12,"key":"Pear"},{"floor":14,"key":"Odd Mushroom"},{"floor":21,"key":"Enchiridion"},{"floor":24,"key":"Cables"},{"floor":26,"key":"Old Coin"},{"floor":27,"key":"Singing Bowl"},{"floor":43,"key":"Blue Candle"}],"event_choices":[{"damage_healed":0,"gold_gain":0,"player_choice":"Entered Light","damage_taken":15,"max_hp_gain":0,"max_hp_loss":0,"event_name":"Shining Light","floor":3,"gold_loss":0,"cards_upgraded":["Defend_B","Strike_B"]},{"damage_healed":0,"gold_gain":0,"player_choice":"Fought Mushrooms","damage_taken":0,"max_hp_gain":0,"max_hp_loss":0,"event_name":"Mushrooms","floor":14,"gold_loss":0},{"damage_healed":0,"gold_gain":0,"player_choice":"Fight","damage_taken":0,"max_hp_gain":0,"max_hp_loss":0,"event_name":"Colosseum","floor":19,"gold_loss":0},{"damage_healed":0,"gold_gain":0,"player_choice":"Fled From Nobs","damage_taken":0,"max_hp_gain":0,"max_hp_loss":0,"event_name":"Colosseum","floor":19,"gold_loss":0},{"damage_healed":0,"gold_gain":0,"player_choice":"Obtained Book","damage_taken":16,"max_hp_gain":0,"max_hp_loss":0,"event_name":"Cursed Tome","floor":21,"gold_loss":0},{"damage_healed":0,"gold_gain":200,"player_choice":"Gold","damage_taken":0,"max_hp_gain":0,"max_hp_loss":0,"event_name":"Wheel of Change","floor":22,"gold_loss":0},{"damage_healed":0,"gold_gain":0,"player_choice":"Smashed Altar","damage_taken":0,"max_hp_gain":0,"max_hp_loss":0,"event_name":"Forgotten Altar","floor":28,"gold_loss":0,"cards_obtained":["Decay"]},{"damage_healed":0,"gold_gain":0,"player_choice":"Forge","damage_taken":0,"max_hp_gain":0,"max_hp_loss":0,"event_name":"Accursed Blacksmith","floor":29,"gold_loss":0,"cards_upgraded":["Dualcast"]},{"damage_healed":0,"gold_gain":0,"player_choice":"Ignored","damage_taken":0,"max_hp_gain":0,"max_hp_loss":0,"event_name":"Tomb of Lord Red Mask","floor":36,"gold_loss":0},{"damage_healed":0,"gold_gain":0,"player_choice":"Embrace Madness","damage_taken":11,"max_hp_gain":0,"max_hp_loss":0,"event_name":"Winding Halls","floor":37,"gold_loss":0,"cards_obtained":["Madness","Madness"]},{"cards_removed":["Defend_B"],"damage_healed":0,"gold_gain":0,"player_choice":"Removed Skill","damage_taken":0,"max_hp_gain":0,"max_hp_loss":0,"event_name":"Falling","floor":38,"gold_loss":0},{"damage_healed":78,"gold_gain":0,"player_choice":"Heal","damage_taken":0,"max_hp_gain":0,"max_hp_loss":11,"event_name":"The Moai Head","floor":45,"gold_loss":0},{"cards_removed":["Sweeping Beam"],"damage_healed":0,"gold_gain":0,"player_choice":"Purged","damage_taken":0,"max_hp_gain":0,"max_hp_loss":0,"event_name":"Purifier","floor":46,"gold_loss":0}],"is_beta":false,"boss_relics":[{"not_picked":["Tiny House","FrozenCore"],"picked":"Nuclear Battery"},{"not_picked":["Calling Bell","Coffee Dripper"],"picked":"Sozu"}],"items_purged_floors":[4,20,30,39],"is_endless":false,"potions_floor_spawned":[11,12,13,14,24,31,33,35,42],"killed_by":"Donu and Deca","ascension_level":5}