{"gold_per_floor":[119,134,44,55,67,67,77,77,131,191,191,191,203,219,219,297,297,297,297,217,217,37,37,37,37,37,37,37,37,37,37,37,37,37,37,37,37,37,37,37,37,37,37,37,37,37,37,37,37,37],"floor_reached":51,"playtime":2261,"items_purged":["Decay"],"score":1273,"play_id":"61a42bf1-ed4d-491a-ac8a-b95bbe61249d","local_time":"20190216020557","is_ascension_mode":true,"campfire_choices":[{"data":"Zap","floor":6.0,"key":"SMITH"},{"data":"Sunder","floor":8.0,"key":"SMITH"},{"data":"Reinforced Body","floor":12.0,"key":"SMITH"},{"data":"Go for the Eyes","floor":15.0,"key":"SMITH"},{"data":"Static Discharge","floor":23.0,"key":"SMITH"},{"data":"Fission","floor":25.0,"key":"SMITH"},{"floor":28.0,"key":"REST"},{"data":"Barrage","floor":30.0,"key":"SMITH"},{"floor":32.0,"key":"REST"},{"data":"Defragment","floor":40.0,"key":"SMITH"},{"floor":42.0,"key":"REST"},{"floor":46,"key":"REST"},{"floor":49,"key":"REST"}],"neow_cost":"NONE","seed_source_timestamp":2044324781906090,"circlet_count":0,"master_deck":["AscendersBane","Strike_B","Defend_B","Defend_B","Defend_B","Defend_B","Zap+1","Dualcast","Undo","Sunder+1","Go for the Eyes+1","Glacier","Reinforced Body+1","Self Repair","Fission+1","Barrage+1","Static Discharge+1","Finesse","Cold Snap+1","Ball Lightning","Biased Cognition","Consume","Defragment+1","Core Surge","Hologram"],"special_seed":0,"relics":["Cracked Core","Tiny Chest","Dream Catcher","Meat on the Bone","Ectoplasm","Bottled Flame","Inserter","PreservedInsect","Darkstone Periapt"],"potions_floor_usage":[45,50],"damage_taken":[{"damage":0.0,"enemies":"Cultist","floor":1.0,"turns":3.0},{"damage":0.0,"enemies":"2 Louse","floor":2.0,"turns":2.0},{"damage":13.0,"enemies":"Jaw Worm","floor":4.0,"turns":4.0},{"damage":9.0,"enemies":"2 Fungi Beasts","floor":5.0,"turns":2.0},{"damage":0.0,"enemies":"Red Slaver","floor":7.0,"turns":3.0},{"damage":14.0,"enemies":"Gremlin Nob","floor":10.0,"turns":4.0},{"damage":13.0,"enemies":"Large Slime","floor":13.0,"turns":6.0},{"damage":4.0,"enemies":"Exordium Wildlife","floor":14.0,"turns":6.0},{"damage":23.0,"enemies":"Hexaghost","floor":16.0,"turns":16.0},{"damage":7.0,"enemies":"Chosen","floor":18.0,"turns":5.0},{"damage":30.0,"enemies":"2 Thieves","floor":20.0,"turns":5.0},{"damage":16.0,"enemies":"Snake Plant","floor":21.0,"turns":6.0},{"damage":37.0,"enemies":"Shelled Parasite and Fungi","floor":27.0,"turns":7.0},{"damage":20.0,"enemies":"Centurion and Healer","floor":31.0,"turns":4.0},{"damage":88.0,"enemies":"Champ","floor":33.0,"turns":17.0},{"damage":16.0,"enemies":"Orb Walker","floor":35.0,"turns":3.0},{"damage":0.0,"enemies":"3 Shapes","floor":38.0,"turns":5.0},{"damage":22.0,"enemies":"3 Darklings","floor":39.0,"turns":5.0},{"damage":40.0,"enemies":"Maw","floor":41.0,"turns":8.0},{"damage":32,"enemies":"Transient","floor":45,"turns":6},{"damage":7,"enemies":"3 Darklings","floor":48,"turns":7},{"damage":54,"enemies":"Time Eater","floor":50,"turns":11}],"seed_played":"5860433058020139111","potions_obtained":[{"floor":5.0,"key":"Energy Potion"},{"floor":7.0,"key":"GamblersBrew"},{"floor":13.0,"key":"SteroidPotion"},{"floor":27.0,"key":"Dexterity Potion"},{"floor":31.0,"key":"FairyPotion"},{"floor":33.0,"key":"Poison Potion"},{"floor":39.0,"key":"Energy Potion"},{"floor":41.0,"key":"Fire Potion"},{"floor":45,"key":"PowerPotion"}],"is_trial":false,"path_per_floor":["M","M","$","M","M","R","M","R","T","?","T","R","M","M","R","B",null,"M","?","M","M","$","R","$","R","T","M","R","?","R","M","R","B",null,"M","?","?","M","M","R","M","R","T","T","M","R","?","M","R","B",null],"character_chosen":"DEFECT","items_purchased":["Glacier","Finesse"],"campfire_rested":5,"item_purchase_floors":[3,22],"current_hp_per_floor":[64,64,64,51,42,42,42,42,42,28,28,28,27,42,42,38,63,63,63,52,43,43,43,43,43,43,25,46,46,46,45,66,26,60,51,51,51,58,43,43,22,43,43,43,23,44,44,44,65,30],"gold":37,"neow_bonus":"TRANSFORM_CARD","is_prod":false,"is_daily":false,"chose_seed":false,"campfire_upgraded":8,"win_rate":0,"timestamp":1550250357,"path_taken":["M","M","$","?","M","R","M","R","T","?","?","R","M","M","R","BOSS","M","?","?","M","$","R","?","R","T","M","R","?","R","M","R","BOSS","M","?","?","M","?","R","M","R","T","?","M","R","?","M","R","BOSS"],"build_version":"2019-01-23","purchased_purges":1,"victory":true,"max_hp_per_floor":[71,71,71,71,71,71,71,71,71,71,71,71,71,71,71,71,71,71,71,71,71,71,71,71,71,71,71,71,71,71,71,71,71,71,71,71,71,71,71,71,71,71,71,71,71,71,71,71,71,71],"card_choices":[{"not_picked":["Sweeping Beam","Aggregate"],"picked":"Sunder","floor":1.0},{"not_picked":["Compile Driver","Rebound"],"picked":"Go for the Eyes","floor":2.0},{"not_picked":["Redo","Cold Snap","Streamline"],"picked":"SKIP","floor":4.0},{"not_picked":["Rebound","Heatsinks","Amplify"],"picked":"SKIP","floor":5.0},{"not_picked":["Sweeping Beam","Chill","Streamline"],"picked":"SKIP","floor":7.0},{"not_picked":["Force Field","Steam Power"],"picked":"Reinforced Body","floor":10.0},{"not_picked":["Gash","Beam Cell"],"picked":"Self Repair","floor":13.0},{"not_picked":["Undo","Scrape","Melter"],"picked":"SKIP","floor":14.0},{"not_picked":["Creative AI","Reboot"],"picked":"Fission","floor":16.0},{"not_picked":["Compile Driver","Redo"],"picked":"Barrage","floor":18.0},{"not_picked":["Barrage","Go for the Eyes","Steam Power"],"picked":"SKIP","floor":20.0},{"not_picked":["Barrage","Sweeping Beam"],"picked":"Static Discharge","floor":21.0},{"not_picked":["Rip and Tear+1","Streamline","Cold Snap"],"picked":"SKIP","floor":27.0},{"not_picked":["Gash","Steam"],"picked":"Cold Snap+1","floor":28.0},{"not_picked":["Beam Cell","Self Repair","Sunder"],"picked":"SKIP","floor":31.0},{"not_picked":["Sunder","Hyperbeam"],"picked":"Ball Lightning","floor":32.0},{"not_picked":["Rainbow","Buffer"],"picked":"Biased Cognition","floor":33.0},{"not_picked":["Loop","Stack"],"picked":"Consume","floor":35.0},{"not_picked":["Stack","Reprogram","Heatsinks+1"],"picked":"SKIP","floor":38.0},{"not_picked":["BootSequence","Double Energy"],"picked":"Defragment","floor":39.0},{"not_picked":["Ball Lightning","Barrage","Coolheaded"],"picked":"SKIP","floor":41.0},{"not_picked":["Storm","Stack+1"],"picked":"Core Surge","floor":45},{"not_picked":["Scrape+1","Heatsinks"],"picked":"Hologram","floor":48}],"player_experience":546197,"relics_obtained":[{"floor":9.0,"key":"Tiny Chest"},{"floor":10.0,"key":"Dream Catcher"},{"floor":11.0,"key":"Meat on the Bone"},{"floor":26.0,"key":"Bottled Flame"},{"floor":43.0,"key":"PreservedInsect"},{"floor":44.0,"key":"Darkstone Periapt"}],"event_choices":[{"damage_healed":0.0,"max_hp_gain":0.0,"max_hp_loss":0.0,"gold_gain":0.0,"event_name":"Dead Adventurer","player_choice":"Searched \u00271\u0027 times","floor":10.0,"gold_loss":0.0,"damage_taken":0.0},{"damage_healed":0.0,"max_hp_gain":0.0,"max_hp_loss":0.0,"gold_gain":0.0,"event_name":"Wheel of Change","player_choice":"Cursed","floor":19.0,"gold_loss":0.0,"damage_taken":0.0,"cards_obtained":["Decay"]},{"damage_healed":0.0,"max_hp_gain":0.0,"max_hp_loss":0.0,"gold_gain":50.0,"event_name":"Nest","player_choice":"Stole From Cult","floor":29.0,"gold_loss":0.0,"damage_taken":0.0},{"damage_healed":0.0,"max_hp_gain":0.0,"max_hp_loss":0.0,"gold_gain":0.0,"event_name":"Mysterious Sphere","player_choice":"Ignored","floor":36.0,"gold_loss":0.0,"damage_taken":0.0},{"cards_removed":["Strike_B"],"damage_healed":0.0,"max_hp_gain":0.0,"max_hp_loss":0.0,"gold_gain":0.0,"event_name":"Purifier","player_choice":"Purged","floor":37.0,"gold_loss":0.0,"damage_taken":0.0},{"cards_removed":["Strike_B"],"damage_healed":0,"gold_gain":0,"player_choice":"Purged","damage_taken":0,"max_hp_gain":0,"max_hp_loss":0,"event_name":"Purifier","floor":47,"gold_loss":0}],"is_beta":false,"boss_relics":[{"not_picked":["Lizard Tail","Tiny House"],"picked":"Ectoplasm"},{"not_picked":["Snecko Eye","Busted Crown"],"picked":"Inserter"}],"items_purged_floors":[22],"is_endless":false,"potions_floor_spawned":[5,7,13,27,31,33,39,41,45],"ascension_level":18}