{"gold_per_floor":[113,127,127,127,146,146,146,146,146,178,190,115,115,127,127,199,199,211,261,211,231,251,251,251,251,251,281,294,294,294,82,82,157,157,167,1166,1179,1199,1199,1230,1230,1256,1268,1297,1328,748,748,760,760,760,760,760,760,236,236],"floor_reached":55,"playtime":2476,"items_purged":["Bite","Normality","Bite"],"score":1890,"play_id":"a4b3d57a-af32-4c04-a025-85488771cf95","local_time":"20190420090218","is_ascension_mode":true,"campfire_choices":[{"data":"Whirlwind","floor":6,"key":"SMITH"},{"floor":8,"key":"REST"},{"data":"Bash","floor":15,"key":"SMITH"},{"data":"Demon Form","floor":23,"key":"SMITH"},{"floor":25,"key":"REST"},{"data":"Flame Barrier","floor":29,"key":"SMITH"},{"floor":32,"key":"REST"},{"floor":41,"key":"REST"},{"floor":49,"key":"RECALL"},{"data":"Shockwave","floor":53,"key":"SMITH"}],"neow_cost":"NONE","seed_source_timestamp":87229372504880,"circlet_count":0,"master_deck":["AscendersBane","Defend_R","Defend_R+1","Defend_R+1","Defend_R","Bash+1","Thunderclap","Whirlwind+1","Disarm","Ghostly Armor","Demon Form+1","Pommel Strike","Clothesline+1","Armaments+1","Bite","Bite","Bite","Flame Barrier+1","Ghostly Armor","Warcry","Double Tap","Shrug It Off+1","Heavy Blade","Impervious","Metallicize+1","Corruption","Shrug It Off","Heavy Blade","Shockwave+1","Corruption","Blind","Havoc","Warcry","Blood for Blood"],"relics":["Burning Blood","NeowsBlessing","War Paint","Paper Frog","Omamori","Art of War","Sozu","Singing Bowl","Bottled Tornado","Anchor","Snecko Eye","Regal Pillow","MawBank","Membership Card","Oddly Smooth Stone","Shovel","Ornamental Fan","Unceasing Top"],"potions_floor_usage":[5,10,10,33,33],"damage_taken":[{"damage":0,"enemies":"Small Slimes","floor":1,"turns":1},{"damage":0,"enemies":"2 Louse","floor":2,"turns":1},{"damage":0,"enemies":"Cultist","floor":5,"turns":1},{"damage":21,"enemies":"3 Sentries","floor":10,"turns":7},{"damage":5,"enemies":"2 Fungi Beasts","floor":11,"turns":4},{"damage":4,"enemies":"Looter","floor":14,"turns":4},{"damage":23,"enemies":"The Guardian","floor":16,"turns":15},{"damage":9,"enemies":"Chosen","floor":18,"turns":4},{"damage":32,"enemies":"Shell Parasite","floor":21,"turns":4},{"damage":10,"enemies":"Centurion and Healer","floor":22,"turns":6},{"damage":21,"enemies":"Book of Stabbing","floor":27,"turns":4},{"damage":29,"enemies":"Snake Plant","floor":28,"turns":4},{"damage":35,"enemies":"Automaton","floor":33,"turns":8},{"damage":3,"enemies":"Orb Walker","floor":35,"turns":4},{"damage":13,"enemies":"3 Shapes","floor":37,"turns":8},{"damage":37,"enemies":"3 Darklings","floor":38,"turns":4},{"damage":35,"enemies":"Giant Head","floor":40,"turns":6},{"damage":66,"enemies":"Reptomancer","floor":42,"turns":4},{"damage":2,"enemies":"Writhing Mass","floor":44,"turns":5},{"damage":10,"enemies":"Transient","floor":45,"turns":6},{"damage":0,"enemies":"Jaw Worm Horde","floor":48,"turns":2},{"damage":14,"enemies":"Time Eater","floor":50,"turns":7},{"damage":26,"enemies":"Donu and Deca","floor":51,"turns":8},{"damage":78,"enemies":"Shield and Spear","floor":55,"turns":5}],"seed_played":"-3045188962224162787","potions_obtained":[{"floor":2,"key":"EntropicBrew"},{"floor":5,"key":"EntropicBrew"}],"is_trial":false,"path_per_floor":["M","M","?","?","M","R","?","R","T","E","M","?","T","M","R","B",null,"M","?","?","M","M","R","?","R","T","E","M","R","?","$","R","B",null,"M","?","M","M","?","E","R","E","T","M","M","$","?","M","R","B","B",null,"R","$","E"],"character_chosen":"IRONCLAD","items_purchased":["Ghostly Armor","Warcry","Membership Card","Corruption","Shrug It Off","Oddly Smooth Stone","Shovel","Heavy Blade","Corruption","Blind","Havoc","Warcry","Ornamental Fan","Unceasing Top","Blood for Blood"],"campfire_rested":4,"item_purchase_floors":[31,31,46,46,46,46,46,46,54,54,54,54,54,54,54],"current_hp_per_floor":[74,75,64,64,72,72,49,71,71,58,61,61,61,65,65,50,69,68,68,68,44,42,42,42,64,64,58,44,44,44,44,67,44,69,79,79,81,52,52,33,72,16,16,30,40,40,40,48,48,51,45,74,74,74,0],"gold":236,"neow_bonus":"THREE_ENEMY_KILL","is_prod":false,"is_daily":false,"chose_seed":false,"campfire_upgraded":5,"win_rate":0,"timestamp":1555718538,"path_taken":["M","M","?","?","?","R","?","R","T","E","M","?","?","M","R","BOSS","M","?","?","?","M","R","?","R","T","E","M","R","?","?","R","BOSS","M","?","M","M","?","E","R","E","T","M","M","$","?","M","R","BOSS","BOSS","R","$","E"],"build_version":"2019-01-23","purchased_purges":3,"victory":false,"max_hp_per_floor":[75,75,75,75,75,75,75,75,75,75,75,75,75,75,75,75,75,75,75,75,75,75,75,75,75,75,75,77,77,77,77,77,77,77,79,79,81,81,81,81,81,81,81,83,83,83,83,83,83,83,83,83,83,83,83],"card_choices":[{"not_picked":["Warcry","Armaments"],"picked":"Thunderclap","floor":1},{"not_picked":["Rampage","Thunderclap"],"picked":"Whirlwind","floor":2},{"not_picked":["Ghostly Armor","Clash"],"picked":"Disarm","floor":5},{"not_picked":["Havoc","Heavy Blade"],"picked":"Metallicize","floor":10},{"not_picked":["Wild Strike","Fire Breathing"],"picked":"Ghostly Armor","floor":11},{"not_picked":["Cleave","Anger","Havoc"],"picked":"SKIP","floor":14},{"not_picked":["Limit Break","Fiend Fire"],"picked":"Demon Form","floor":16},{"not_picked":["Metallicize","Sword Boomerang"],"picked":"Pommel Strike","floor":18},{"not_picked":["Combust","Headbutt"],"picked":"Clothesline+1","floor":21},{"not_picked":["Warcry","Metallicize"],"picked":"Armaments+1","floor":22},{"not_picked":["Pummel","Berserk"],"picked":"Flame Barrier","floor":27},{"not_picked":["Evolve","Body Slam+1","Wild Strike"],"picked":"Singing Bowl","floor":28},{"not_picked":["Brutality","Barricade"],"picked":"Double Tap","floor":33},{"not_picked":["Anger","Havoc","Twin Strike"],"picked":"Singing Bowl","floor":35},{"not_picked":["Perfected Strike+1","Warcry","Wild Strike"],"picked":"Singing Bowl","floor":37},{"not_picked":["Corruption","Clothesline"],"picked":"Shrug It Off+1","floor":38},{"not_picked":["Dual Wield","Burning Pact"],"picked":"Heavy Blade","floor":40},{"not_picked":["Sentinel","Rage"],"picked":"Impervious","floor":42},{"not_picked":["Pommel Strike+1","Wild Strike+1","Dual Wield"],"picked":"Singing Bowl","floor":44},{"not_picked":["Searing Blow","Sentinel"],"picked":"Metallicize+1","floor":45},{"not_picked":["Flex","Clothesline"],"picked":"Shockwave","floor":48}],"player_experience":1000826,"relics_obtained":[{"floor":4,"key":"War Paint"},{"floor":9,"key":"Paper Frog"},{"floor":10,"key":"Omamori"},{"floor":13,"key":"Art of War"},{"floor":26,"key":"Singing Bowl"},{"floor":27,"key":"Bottled Tornado"},{"floor":40,"key":"Regal Pillow"},{"floor":42,"key":"MawBank"}],"event_choices":[{"damage_healed":0,"gold_gain":0,"player_choice":"Success","damage_taken":11,"relics_obtained":["Blood Vial"],"max_hp_gain":0,"max_hp_loss":0,"event_name":"Scrap Ooze","floor":3,"gold_loss":0},{"damage_healed":0,"gold_gain":0,"player_choice":"Relic","damage_taken":0,"max_hp_gain":0,"max_hp_loss":0,"event_name":"Wheel of Change","floor":4,"gold_loss":0},{"damage_healed":0,"gold_gain":0,"player_choice":"Entered Light","damage_taken":23,"max_hp_gain":0,"max_hp_loss":0,"event_name":"Shining Light","floor":7,"gold_loss":0,"cards_upgraded":["Strike_R","Strike_R"]},{"cards_removed":["Strike_R"],"damage_healed":0,"gold_gain":0,"player_choice":"Card Removal","damage_taken":0,"max_hp_gain":0,"max_hp_loss":0,"event_name":"The Cleric","floor":12,"gold_loss":75},{"damage_healed":0,"gold_gain":50,"player_choice":"Stole From Cult","damage_taken":0,"max_hp_gain":0,"max_hp_loss":0,"event_name":"Nest","floor":19,"gold_loss":0},{"damage_healed":0,"gold_gain":0,"player_choice":"Bet on Murderer","damage_taken":0,"max_hp_gain":0,"max_hp_loss":0,"event_name":"The Joust","floor":20,"gold_loss":50},{"damage_healed":0,"gold_gain":0,"player_choice":"Became a vampire (Vial)","damage_taken":0,"max_hp_gain":0,"max_hp_loss":0,"event_name":"Vampires","floor":24,"relics_lost":["Blood Vial"],"gold_loss":0,"cards_obtained":["Bite","Bite","Bite","Bite","Bite"]},{"damage_healed":0,"gold_gain":0,"player_choice":"Opened","damage_taken":0,"relics_obtained":["Anchor"],"max_hp_gain":0,"max_hp_loss":0,"event_name":"The Mausoleum","floor":30,"gold_loss":0,"cards_obtained":["Writhe"]},{"damage_healed":0,"gold_gain":999,"player_choice":"Gold","damage_taken":0,"max_hp_gain":0,"max_hp_loss":0,"event_name":"MindBloom","floor":36,"gold_loss":0,"cards_obtained":["Normality","Normality"]},{"cards_removed":["Metallicize"],"damage_healed":0,"gold_gain":0,"player_choice":"Removed Power","damage_taken":0,"max_hp_gain":0,"max_hp_loss":0,"event_name":"Falling","floor":39,"gold_loss":0},{"damage_healed":0,"gold_gain":0,"player_choice":"Ignored","damage_taken":0,"max_hp_gain":0,"max_hp_loss":0,"event_name":"SecretPortal","floor":47,"gold_loss":0}],"is_beta":false,"boss_relics":[{"not_picked":["Lizard Tail","Black Blood"],"picked":"Sozu"},{"not_picked":["Calling Bell","Runic Cube"],"picked":"Snecko Eye"}],"items_purged_floors":[31,46,54],"is_endless":false,"potions_floor_spawned":[2,5,21,27,28,33,37,38,44,45],"killed_by":"Shield and Spear","ascension_level":20}