{"gold_per_floor":[366,441,10,27,27,27,86,86,110,110,140,157,212,212,212,212],"floor_reached":16,"playtime":1352,"items_purged":["Strike_G"],"score":159,"play_id":"ff0b7713-4315-4bb2-bc98-b106b97e5190","local_time":"20181215214736","is_ascension_mode":true,"campfire_choices":[{"data":"Neutralize","floor":6,"key":"SMITH"},{"floor":8,"key":"REST"},{"floor":10,"key":"REST"},{"data":"Cloak And Dagger","floor":15,"key":"SMITH"}],"neow_cost":"CURSE","seed_source_timestamp":186548881447921,"circlet_count":0,"master_deck":["AscendersBane","Defend_G","Defend_G","Defend_G","Defend_G","Defend_G","Strike_G","Strike_G","Strike_G","Survivor","Neutralize+1","Parasite","Quick Slash","Endless Agony","Cloak And Dagger+1","Cloak And Dagger","Bane"],"relics":["Ring of the Snake","Sling","Boot","Tiny Chest","Smiling Mask","Art of War","Juzu Bracelet"],"potions_floor_usage":[16],"damage_taken":[{"damage":4,"enemies":"Jaw Worm","floor":1,"turns":6},{"damage":3,"enemies":"Small Slimes","floor":4,"turns":4},{"damage":20,"enemies":"Gremlin Nob","floor":7,"turns":4},{"damage":20,"enemies":"3 Sentries","floor":11,"turns":11},{"damage":1,"enemies":"2 Louse","floor":12,"turns":2},{"damage":52,"enemies":"The Guardian","floor":16,"turns":21}],"seed_played":"5053346308109700919","potions_obtained":[{"floor":12,"key":"EssenceOfSteel"}],"is_trial":false,"path_per_floor":["M","?","$","M","?","R","E","R","T","R","E","M","T","?","R","B"],"character_chosen":"THE_SILENT","items_purchased":["Sling","Boot"],"campfire_rested":2,"item_purchase_floors":[3,3],"current_hp_per_floor":[59,48,48,45,45,45,25,46,46,67,47,46,46,46,46,0],"gold":212,"neow_bonus":"TWO_FIFTY_GOLD","is_prod":false,"is_daily":false,"chose_seed":false,"campfire_upgraded":2,"win_rate":0,"timestamp":1544932056,"path_taken":["M","?","$","M","?","R","E","R","T","R","E","M","?","?","R","BOSS"],"build_version":"2018-12-13","purchased_purges":1,"victory":false,"max_hp_per_floor":[70,70,70,70,70,70,70,70,70,70,70,70,70,70,70,70],"card_choices":[{"not_picked":["Deflect","Slice"],"picked":"Quick Slash","floor":1},{"not_picked":["Underhanded Strike","Blade Dance","Deadly Poison"],"picked":"SKIP","floor":4},{"not_picked":["Bouncing Flask","Skewer"],"picked":"Endless Agony","floor":7},{"not_picked":["Concentrate","Sucker Punch"],"picked":"Cloak And Dagger","floor":11},{"not_picked":["Reflex","Flying Knee"],"picked":"Cloak And Dagger","floor":12}],"player_experience":318769,"relics_obtained":[{"floor":7,"key":"Tiny Chest"},{"floor":9,"key":"Smiling Mask"},{"floor":11,"key":"Art of War"},{"floor":13,"key":"Juzu Bracelet"}],"event_choices":[{"damage_healed":0,"gold_gain":75,"player_choice":"Gather Gold","damage_taken":11,"max_hp_gain":0,"max_hp_loss":0,"event_name":"World of Goop","floor":2,"gold_loss":0},{"damage_healed":0,"gold_gain":0,"player_choice":"Leave","damage_taken":0,"max_hp_gain":0,"max_hp_loss":0,"event_name":"The Cleric","floor":5,"gold_loss":0},{"damage_healed":0,"gold_gain":0,"cards_transformed":["Strike_G"],"player_choice":"Transformed","damage_taken":0,"max_hp_gain":0,"max_hp_loss":0,"event_name":"Transmorgrifier","floor":14,"gold_loss":0,"cards_obtained":["Bane"]}],"is_beta":false,"boss_relics":[],"items_purged_floors":[3],"is_endless":false,"potions_floor_spawned":[12],"killed_by":"The Guardian","ascension_level":10}