{"gold_per_floor":[114,132,63,63,80,80,90,109,109,109,128,128,53,68,68,172,172,191,205,58,72,72,72,92,112,112,112],"floor_reached":27,"playtime":1030,"items_purged":["Strike_R"],"score":251,"play_id":"fccf399d-32d7-4047-81e7-014f2a2ff74e","local_time":"20181225154735","is_ascension_mode":true,"campfire_choices":[{"data":"Armaments","floor":6.0,"key":"SMITH"},{"data":"Searing Blow","floor":10.0,"key":"SMITH"},{"data":"Searing Blow+1","floor":15.0,"key":"SMITH"},{"data":"Searing Blow+2","floor":23,"key":"SMITH"}],"neow_cost":"NONE","seed_source_timestamp":2298417758385707,"circlet_count":0,"master_deck":["Strike_R","Strike_R","Strike_R","Defend_R","Defend_R","Defend_R","Defend_R","Bash","Body Slam","Armaments+1","Searing Blow+3","Shockwave","Offering","Flex+1"],"special_seed":0,"relics":["Burning Blood","NeowsBlessing","Darkstone Periapt","Bag of Marbles","Eternal Feather","Ancient Tea Set","Matryoshka"],"potions_floor_usage":[25,27,27],"damage_taken":[{"damage":0.0,"enemies":"Cultist","floor":1.0,"turns":1.0},{"damage":0.0,"enemies":"Small Slimes","floor":2.0,"turns":1.0},{"damage":0.0,"enemies":"2 Louse","floor":5.0,"turns":1.0},{"damage":13.0,"enemies":"Red Slaver","floor":7.0,"turns":3.0},{"damage":15.0,"enemies":"2 Fungi Beasts","floor":8.0,"turns":4.0},{"damage":12.0,"enemies":"Looter","floor":11.0,"turns":3.0},{"damage":39.0,"enemies":"Exordium Thugs","floor":14.0,"turns":7.0},{"damage":27.0,"enemies":"The Guardian","floor":16.0,"turns":11.0},{"damage":8.0,"enemies":"Chosen","floor":18.0,"turns":3.0},{"damage":26.0,"enemies":"2 Thieves","floor":19.0,"turns":4.0},{"damage":30.0,"enemies":"Snake Plant","floor":21.0,"turns":4.0},{"damage":19,"enemies":"Centurion and Healer","floor":24,"turns":7},{"damage":18,"enemies":"3 Cultists","floor":25,"turns":5},{"damage":21,"enemies":"Gremlin Leader","floor":27,"turns":2}],"seed_played":"7438314172814666132","potions_obtained":[{"floor":1.0,"key":"Fruit Juice"},{"floor":2.0,"key":"GamblersBrew"},{"floor":16.0,"key":"EssenceOfSteel"},{"floor":18.0,"key":"LiquidBronze"}],"is_trial":false,"path_per_floor":["M","M","$","?","M","R","M","M","T","R","M","T","$","M","R","B",null,"M","M","$","M","?","R","M","M","T","E"],"character_chosen":"IRONCLAD","items_purchased":["Searing Blow","Ancient Tea Set"],"campfire_rested":0,"item_purchase_floors":[3,20],"current_hp_per_floor":[80,80,80,80,80,80,73,64,64,64,58,58,58,25,25,9,85,83,63,63,39,39,45,32,20,20,0],"gold":112,"neow_bonus":"THREE_ENEMY_KILL","is_prod":false,"is_daily":false,"chose_seed":false,"campfire_upgraded":4,"win_rate":0,"timestamp":1545720455,"path_taken":["M","M","$","?","M","R","M","M","T","R","?","?","?","M","R","BOSS","M","M","$","M","?","R","M","?","T","E"],"build_version":"2018-12-20","purchased_purges":1,"victory":false,"max_hp_per_floor":[80,80,80,80,80,80,80,80,80,80,80,80,80,80,80,85,85,85,85,85,85,85,85,85,85,85,85],"card_choices":[{"not_picked":["Hemokinesis","Sever Soul"],"picked":"Body Slam","floor":1.0},{"not_picked":["True Grit","Flex"],"picked":"Armaments","floor":2.0},{"not_picked":["Twin Strike","Thunderclap","Shrug It Off"],"picked":"SKIP","floor":5.0},{"not_picked":["Hemokinesis","Clothesline","Burning Pact"],"picked":"SKIP","floor":7.0},{"not_picked":["Evolve","Carnage"],"picked":"Shockwave","floor":8.0},{"not_picked":["Pummel","Carnage","Anger"],"picked":"SKIP","floor":11.0},{"not_picked":["Clash","Barricade","Corruption"],"picked":"SKIP","floor":14.0},{"not_picked":["Barricade","Dark Embrace"],"picked":"Offering","floor":16.0},{"not_picked":["Anger","Hemokinesis","Sword Boomerang"],"picked":"SKIP","floor":18.0},{"not_picked":["Headbutt","Combust","Anger"],"picked":"SKIP","floor":19.0},{"not_picked":["Metallicize","Havoc","Rupture"],"picked":"SKIP","floor":21.0},{"not_picked":["Clothesline+1","Wild Strike"],"picked":"Flex+1","floor":24},{"not_picked":["Evolve","Intimidate","Rupture"],"picked":"SKIP","floor":25}],"player_experience":238177,"relics_obtained":[{"floor":9.0,"key":"Darkstone Periapt"},{"floor":12.0,"key":"Bag of Marbles"},{"floor":26,"key":"Matryoshka"}],"event_choices":[{"cards_removed":["Strike_R"],"damage_healed":0.0,"max_hp_gain":0.0,"max_hp_loss":0.0,"gold_gain":0.0,"event_name":"Wheel of Change","player_choice":"Card Removal","floor":4.0,"gold_loss":0.0,"damage_taken":0.0},{"damage_healed":0,"gold_gain":0,"player_choice":"Leave","damage_taken":0,"max_hp_gain":0,"max_hp_loss":0,"event_name":"FaceTrader","floor":22,"gold_loss":0}],"is_beta":false,"boss_relics":[{"not_picked":["Astrolabe","Runic Dome"],"picked":"Eternal Feather"}],"items_purged_floors":[13],"is_endless":false,"potions_floor_spawned":[1,2,16,18],"killed_by":"Gremlin Leader","ascension_level":4}