{"gold_per_floor":[115,115,130,130,141,176,176,211,258,258,283,283,302,16,16,116,116,133,63,83,83,83,83,110,120,147,72,87,99,99,114,114,114],"floor_reached":33,"playtime":2962,"items_purged":["Defend_R"],"score":314,"play_id":"a1ff8030-75e5-4ad4-8d12-985f5e43180d","local_time":"20190425112433","is_ascension_mode":true,"campfire_choices":[{"floor":7,"key":"REST"},{"floor":10,"key":"REST"},{"data":"Bash","floor":12,"key":"SMITH"},{"floor":15,"key":"REST"},{"data":"Double Tap","floor":23,"key":"SMITH"},{"floor":30,"key":"RECALL"},{"data":"Uppercut","floor":32,"key":"SMITH"}],"neow_cost":"PERCENT_DAMAGE","seed_source_timestamp":132839396767464,"circlet_count":0,"master_deck":["Strike_R+1","Strike_R","Strike_R","Strike_R","Defend_R","Defend_R","Defend_R","Bash+1","Flame Barrier","Shrug It Off","Rupture","Battle Trance","Uppercut+1","Inflame","Rupture","Reaper+1","Inflame","Ghostly Armor","Double Tap+1","Flex+1"],"relics":["Burning Blood","Pocketwatch","Mummified Hand","Dream Catcher","Boot","Meat on the Bone","Paper Frog","Philosopher\u0027s Stone","Whetstone"],"potions_floor_usage":[6,11,18,33,33,33],"damage_taken":[{"damage":4,"enemies":"Small Slimes","floor":1,"turns":4},{"damage":0,"enemies":"2 Louse","floor":3,"turns":3},{"damage":0,"enemies":"Jaw Worm","floor":5,"turns":3},{"damage":28,"enemies":"Gremlin Nob","floor":6,"turns":5},{"damage":45,"enemies":"Lagavulin","floor":8,"turns":13},{"damage":24,"enemies":"Gremlin Nob","floor":11,"turns":5},{"damage":9,"enemies":"Red Slaver","floor":13,"turns":4},{"damage":41,"enemies":"The Guardian","floor":16,"turns":8},{"damage":88,"enemies":"3 Byrds","floor":18,"turns":5},{"damage":18,"enemies":"Shell Parasite","floor":20,"turns":5},{"damage":53,"enemies":"Slavers","floor":24,"turns":5},{"damage":45,"enemies":"3 Cultists","floor":25,"turns":6},{"damage":24,"enemies":"Shelled Parasite and Fungi","floor":28,"turns":4},{"damage":11,"enemies":"Centurion and Healer","floor":29,"turns":5},{"damage":28,"enemies":"Cultist and Chosen","floor":31,"turns":5},{"damage":76,"enemies":"Champ","floor":33,"turns":10}],"seed_played":"8423143399451534798","potions_obtained":[{"floor":1,"key":"Energy Potion"},{"floor":8,"key":"Explosive Potion"},{"floor":13,"key":"LiquidBronze"},{"floor":20,"key":"Swift Potion"},{"floor":24,"key":"FearPotion"},{"floor":28,"key":"Explosive Potion"}],"is_trial":false,"path_per_floor":["M","?","M","?","M","E","R","E","T","R","E","R","M","$","R","B",null,"M","$","M","?","?","R","E","M","T","$","M","M","R","M","R","B"],"character_chosen":"IRONCLAD","items_purchased":["Inflame","Paper Frog","Inflame"],"campfire_rested":3,"item_purchase_floors":[14,14,19],"current_hp_per_floor":[58,51,57,62,68,46,71,32,32,57,39,39,48,48,73,50,85,30,30,33,33,85,85,62,56,56,56,52,71,71,63,63,0],"gold":114,"neow_bonus":"ONE_RARE_RELIC","is_prod":false,"is_daily":false,"chose_seed":false,"campfire_upgraded":3,"win_rate":0,"timestamp":1556205873,"path_taken":["M","?","M","?","M","E","R","E","T","R","E","R","M","$","R","BOSS","M","$","M","?","?","R","E","M","T","$","M","?","R","M","R","BOSS"],"build_version":"2019-01-23","purchased_purges":1,"victory":false,"max_hp_per_floor":[80,80,80,85,85,85,85,85,85,85,85,85,85,85,85,85,85,85,85,85,85,85,85,85,85,85,85,85,85,85,85,85,85],"card_choices":[{"not_picked":["Clothesline","Cleave"],"picked":"Flame Barrier","floor":1},{"not_picked":["Headbutt","Anger"],"picked":"Shrug It Off","floor":3},{"not_picked":["Burning Pact","Armaments"],"picked":"Rupture","floor":5},{"not_picked":["Clash","Disarm"],"picked":"Battle Trance","floor":6},{"not_picked":["Sword Boomerang","Barricade"],"picked":"Uppercut","floor":8},{"not_picked":["Anger","Rage","Clash"],"picked":"SKIP","floor":11},{"not_picked":["Havoc","Dual Wield","Bloodletting"],"picked":"SKIP","floor":13},{"not_picked":["Disarm","Clash"],"picked":"Rupture","floor":15},{"not_picked":["Impervious","Bludgeon"],"picked":"Reaper","floor":16},{"not_picked":["True Grit","Havoc","Body Slam"],"picked":"SKIP","floor":18},{"not_picked":["Battle Trance","Heavy Blade"],"picked":"Ghostly Armor","floor":20},{"not_picked":["Flame Barrier","Anger","Sentinel"],"picked":"SKIP","floor":24},{"not_picked":["Wild Strike+1","Evolve","Warcry+1"],"picked":"SKIP","floor":25},{"not_picked":["Thunderclap","Reckless Charge","Ghostly Armor"],"picked":"SKIP","floor":28},{"not_picked":["Juggernaut","Havoc+1"],"picked":"Flex+1","floor":29},{"not_picked":["Bloodletting","Anger","Twin Strike+1"],"picked":"SKIP","floor":31}],"player_experience":44700,"relics_obtained":[{"floor":6,"key":"Mummified Hand"},{"floor":8,"key":"Dream Catcher"},{"floor":9,"key":"Boot"},{"floor":11,"key":"Meat on the Bone"},{"floor":24,"key":"Whetstone"}],"event_choices":[{"cards_removed":["Strike_R"],"damage_healed":0,"gold_gain":0,"player_choice":"Card Removal","damage_taken":7,"max_hp_gain":0,"max_hp_loss":0,"event_name":"Golden Wing","floor":2,"gold_loss":0},{"damage_healed":0,"gold_gain":0,"player_choice":"Donut","damage_taken":0,"max_hp_gain":5,"max_hp_loss":0,"event_name":"Big Fish","floor":4,"gold_loss":0},{"damage_healed":0,"gold_gain":0,"player_choice":"Read","damage_taken":0,"max_hp_gain":0,"max_hp_loss":0,"event_name":"The Library","floor":21,"gold_loss":0,"cards_obtained":["Double Tap"]},{"damage_healed":52,"gold_gain":0,"player_choice":"Full Heal","damage_taken":0,"max_hp_gain":0,"max_hp_loss":0,"event_name":"Wheel of Change","floor":22,"gold_loss":0}],"is_beta":false,"boss_relics":[{"not_picked":["Velvet Choker","Mark of Pain"],"picked":"Philosopher\u0027s Stone"}],"items_purged_floors":[27],"is_endless":false,"potions_floor_spawned":[1,8,13,20,24,28],"killed_by":"Champ","ascension_level":2}