{"gold_per_floor":[118,118,43,57,57,57,95,108,108,108,151,151,176,216,216,307,307,322,322,346,367,642,642,109,148,173,196,39,39,83,97,97,191,191,207,207,540,23,0,0,30,30,30,48,48,68,98,117,117,117,117,117,117,43,76,76],"floor_reached":56,"playtime":2334,"items_purged":["Regret","Strike_R"],"score":2147,"play_id":"32b2a0e0-1c4e-4ce3-85bc-520b952b93c1","local_time":"20190406103744","is_ascension_mode":true,"campfire_choices":[{"data":"Bash","floor":6.0,"key":"SMITH"},{"data":"Blood for Blood","floor":10.0,"key":"SMITH"},{"data":"Immolate","floor":15.0,"key":"SMITH"},{"data":"Offering","floor":23.0,"key":"SMITH"},{"data":"Double Tap","floor":29.0,"key":"SMITH"},{"floor":32.0,"key":"REST"},{"floor":40.0,"key":"REST"},{"floor":45.0,"key":"RECALL"},{"floor":49.0,"key":"REST"},{"floor":53.0,"key":"REST"}],"neow_cost":"NONE","seed_source_timestamp":696829454993575,"circlet_count":0,"master_deck":["AscendersBane","Strike_R","Strike_R","Strike_R","Strike_R","Defend_R","Defend_R","Defend_R","Bash+1","Pommel Strike","Feed","Seeing Red","Blood for Blood+1","Clothesline","Immolate+1","Offering+1","Warcry","Double Tap+1","Demon Form","Second Wind","Uppercut","Apotheosis","Metallicize","True Grit","Finesse","Disarm+1","Disarm","Evolve"],"special_seed":0,"relics":["Burning Blood","NeowsBlessing","FaceOfCleric","Meat on the Bone","Kunai","PreservedInsect","StoneCalendar","Sozu","Shuriken","Strawberry","Happy Flower","Pen Nib","Torii","Fusion Hammer","Red Mask","Gremlin Horn","Bronze Scales","Mercury Hourglass"],"potions_floor_usage":[],"damage_taken":[{"damage":0.0,"enemies":"Jaw Worm","floor":1.0,"turns":1.0},{"damage":0.0,"enemies":"Cultist","floor":4.0,"turns":3.0},{"damage":0.0,"enemies":"Gremlin Nob","floor":7.0,"turns":2.0},{"damage":12.0,"enemies":"2 Louse","floor":8.0,"turns":5.0},{"damage":52.0,"enemies":"3 Sentries","floor":11.0,"turns":11.0},{"damage":5.0,"enemies":"Looter","floor":13.0,"turns":4.0},{"damage":28.0,"enemies":"Lagavulin","floor":14.0,"turns":5.0},{"damage":32.0,"enemies":"Slime Boss","floor":16.0,"turns":6.0},{"damage":31.0,"enemies":"Shell Parasite","floor":18.0,"turns":3.0},{"damage":28.0,"enemies":"3 Byrds","floor":20.0,"turns":4.0},{"damage":12.0,"enemies":"Snecko","floor":21.0,"turns":3.0},{"damage":0.0,"enemies":"Slavers","floor":25.0,"turns":1.0},{"damage":28.0,"enemies":"Sentry and Sphere","floor":27.0,"turns":4.0},{"damage":6.0,"enemies":"Gremlin Leader","floor":30.0,"turns":4.0},{"damage":34.0,"enemies":"Centurion and Healer","floor":31.0,"turns":7.0},{"damage":71.0,"enemies":"Collector","floor":33.0,"turns":5.0},{"damage":24.0,"enemies":"3 Shapes","floor":35.0,"turns":7.0},{"damage":8.0,"enemies":"Giant Head","floor":41.0,"turns":4.0},{"damage":6.0,"enemies":"Orb Walker","floor":44.0,"turns":3.0},{"damage":22.0,"enemies":"Writhing Mass","floor":46.0,"turns":5.0},{"damage":13.0,"enemies":"Reptomancer","floor":47.0,"turns":3.0},{"damage":36.0,"enemies":"Transient","floor":48.0,"turns":6.0},{"damage":81.0,"enemies":"Donu and Deca","floor":50.0,"turns":7.0},{"damage":17.0,"enemies":"Awakened One","floor":51.0,"turns":10.0},{"damage":42.0,"enemies":"Shield and Spear","floor":55.0,"turns":5.0},{"damage":114,"enemies":"The Heart","floor":56,"turns":6}],"seed_played":"-4754921885847265931","potions_obtained":[{"floor":7.0,"key":"Energy Potion"},{"floor":8.0,"key":"AttackPotion"},{"floor":16.0,"key":"FearPotion"}],"is_trial":false,"path_per_floor":["M","?","$","M","?","R","E","M","T","R","E","?","M","E","R","B",null,"M","?","M","M","?","R","$","E","T","M","$","R","E","M","R","B",null,"M","?","?","$","?","R","E","$","T","M","R","M","E","M","R","B","B",null,"R","$","E","B"],"character_chosen":"IRONCLAD","items_purchased":["Feed","Shuriken","Double Tap","Pen Nib","Apotheosis","Metallicize","True Grit","Finesse","Evolve"],"campfire_rested":4,"item_purchase_floors":[3,24,24,28,38,38,38,38,54],"current_hp_per_floor":[74,74,74,79,72,72,76,74,74,74,44,49,63,57,57,47,85,64,64,58,65,65,65,65,79,79,70,70,70,71,59,95,43,102,85,85,85,85,85,121,120,120,120,121,121,110,104,75,114,52,54,114,134,134,103,0],"gold":76,"neow_bonus":"THREE_ENEMY_KILL","is_prod":false,"is_daily":false,"chose_seed":false,"campfire_upgraded":5,"win_rate":0,"timestamp":1554514664,"path_taken":["M","?","$","?","?","R","E","M","T","R","E","?","M","E","R","BOSS","M","?","M","M","?","R","$","E","T","?","$","R","E","M","R","BOSS","M","?","?","$","?","R","E","?","T","M","R","M","E","M","R","BOSS","BOSS","R","$","E","BOSS"],"build_version":"2019-01-23","purchased_purges":2,"victory":false,"max_hp_per_floor":[75,75,75,79,72,72,76,80,80,80,84,89,90,94,94,98,98,102,102,106,107,107,107,107,115,115,116,116,116,117,121,121,122,122,123,123,123,123,123,123,124,124,124,125,125,130,131,132,132,133,134,134,134,134,139,139],"card_choices":[{"not_picked":["Flex","Twin Strike"],"picked":"Pommel Strike","floor":1.0},{"not_picked":["Iron Wave","Body Slam"],"picked":"Seeing Red","floor":4.0},{"not_picked":["Sentinel","Rampage","Iron Wave"],"picked":"SKIP","floor":7.0},{"not_picked":["Thunderclap","Entrench"],"picked":"Blood for Blood","floor":8.0},{"not_picked":["Fire Breathing","Anger"],"picked":"Clothesline","floor":11.0},{"not_picked":["Heavy Blade","Wild Strike","Thunderclap"],"picked":"SKIP","floor":13.0},{"not_picked":["Feel No Pain","Sword Boomerang"],"picked":"Immolate","floor":14.0},{"not_picked":["Brutality","Feed"],"picked":"Offering","floor":16.0},{"not_picked":["Seeing Red","Havoc","Flex"],"picked":"SKIP","floor":18.0},{"not_picked":["Perfected Strike","Clothesline"],"picked":"Warcry","floor":20.0},{"not_picked":["Flex","Thunderclap","Heavy Blade"],"picked":"SKIP","floor":21.0},{"not_picked":["Intimidate","Twin Strike","Iron Wave+1"],"picked":"SKIP","floor":25.0},{"not_picked":["Thunderclap","Sword Boomerang","Dropkick"],"picked":"SKIP","floor":27.0},{"not_picked":["Warcry","Armaments"],"picked":"Demon Form","floor":30.0},{"not_picked":["Body Slam","Power Through+1"],"picked":"Second Wind","floor":31.0},{"not_picked":["Anger","Armaments"],"picked":"Uppercut","floor":35.0},{"not_picked":["Burning Pact+1","Carnage"],"picked":"Disarm+1","floor":41.0},{"not_picked":["Clothesline","Headbutt","Bludgeon"],"picked":"SKIP","floor":44.0},{"not_picked":["Sword Boomerang","Clothesline+1"],"picked":"Disarm","floor":46.0},{"not_picked":["Anger","Sentinel+1","Fire Breathing"],"picked":"SKIP","floor":47.0},{"not_picked":["Clash","Intimidate+1","Havoc"],"picked":"SKIP","floor":48.0},{"not_picked":["Flex","Twin Strike","Reckless Charge"],"picked":"SKIP","floor":55.0}],"player_experience":837809,"relics_obtained":[{"floor":7.0,"key":"Meat on the Bone"},{"floor":9.0,"key":"Kunai"},{"floor":11.0,"key":"PreservedInsect"},{"floor":14.0,"key":"StoneCalendar"},{"floor":25.0,"key":"Strawberry"},{"floor":26.0,"key":"Happy Flower"},{"floor":30.0,"key":"Torii"},{"floor":41.0,"key":"Gremlin Horn"},{"floor":47.0,"key":"Bronze Scales"},{"floor":55.0,"key":"Mercury Hourglass"}],"event_choices":[{"damage_healed":0.0,"max_hp_gain":0.0,"max_hp_loss":0.0,"gold_gain":0.0,"event_name":"FaceTrader","player_choice":"Trade","floor":2.0,"gold_loss":0.0,"damage_taken":0.0,"relics_obtained":["FaceOfCleric"]},{"damage_healed":0.0,"max_hp_gain":0.0,"max_hp_loss":7.0,"gold_gain":0.0,"event_name":"Golden Idol","player_choice":"Lose Max HP","floor":5.0,"gold_loss":0.0,"damage_taken":0.0,"relics_obtained":["Golden Idol"]},{"damage_healed":0.0,"max_hp_gain":5.0,"max_hp_loss":0.0,"gold_gain":0.0,"event_name":"Big Fish","player_choice":"Donut","floor":12.0,"gold_loss":0.0,"damage_taken":0.0},{"damage_healed":0.0,"max_hp_gain":0.0,"max_hp_loss":0.0,"gold_gain":0.0,"event_name":"Vampires","player_choice":"Ignored","floor":19.0,"gold_loss":0.0,"damage_taken":0.0},{"damage_healed":0.0,"max_hp_gain":0.0,"max_hp_loss":0.0,"gold_gain":275.0,"event_name":"Golden Shrine","player_choice":"Desecrate","floor":22.0,"gold_loss":0.0,"damage_taken":0.0,"cards_obtained":["Regret"]},{"cards_removed":["Defend_R"],"damage_healed":0.0,"max_hp_gain":0.0,"max_hp_loss":0.0,"gold_gain":0.0,"event_name":"Falling","player_choice":"Removed Skill","floor":36.0,"gold_loss":0.0,"damage_taken":0.0},{"damage_healed":0.0,"max_hp_gain":0.0,"max_hp_loss":0.0,"gold_gain":333.0,"event_name":"The Moai Head","player_choice":"Gave Idol","floor":37.0,"relics_lost":["Golden Idol"],"gold_loss":0.0,"damage_taken":0.0},{"damage_healed":0.0,"max_hp_gain":0.0,"max_hp_loss":0.0,"gold_gain":0.0,"event_name":"Tomb of Lord Red Mask","player_choice":"Paid","floor":39.0,"gold_loss":23.0,"damage_taken":0.0,"relics_obtained":["Red Mask"]}],"is_beta":false,"boss_relics":[{"not_picked":["Calling Bell","Orrery"],"picked":"Sozu"},{"not_picked":["Busted Crown","White Beast Statue"],"picked":"Fusion Hammer"}],"items_purged_floors":[24,38],"is_endless":false,"potions_floor_spawned":[7,8,16,25,31,33,35,41,47],"killed_by":"The Heart","ascension_level":20}