{"gold_per_floor":[118,134,2,2,12,40,52,52,130,130,150,160,177,4,4,83,83,103,103,103,3,3,3,38,38,111,111,125,143,68,0,0,0],"floor_reached":33,"playtime":1249,"items_purged":["Strike_B","Strike_B"],"score":530,"play_id":"197f1384-b5a1-41b3-ae39-a05b5c9889bd","local_time":"20190411191358","is_ascension_mode":true,"campfire_choices":[{"data":"Zap","floor":8,"key":"SMITH"},{"floor":10,"key":"REST"},{"data":"Go for the Eyes","floor":15,"key":"SMITH"},{"floor":23,"key":"REST"},{"floor":27,"key":"REST"},{"floor":32,"key":"REST"}],"neow_cost":"NONE","seed_source_timestamp":1160986579577576,"circlet_count":0,"master_deck":["AscendersBane","Strike_B","Defend_B","Defend_B","Defend_B","Defend_B","Zap+1","Dualcast","Genetic Algorithm","Cold Snap","Go for the Eyes+1","Gash","Steam","Gash+1","Coolheaded","Scrape+1","Swift Strike+1","Core Surge+1","Steam","RitualDagger+1","Hyperbeam+1"],"special_seed":0,"relics":["Cracked Core","NeowsBlessing","Unceasing Top","Molten Egg 2","Runic Dome","Pen Nib"],"potions_floor_usage":[11,28,29,33],"damage_taken":[{"damage":0.0,"enemies":"2 Louse","floor":1.0,"turns":1.0},{"damage":0.0,"enemies":"Cultist","floor":2.0,"turns":1.0},{"damage":0.0,"enemies":"Jaw Worm","floor":5.0,"turns":1.0},{"damage":29.0,"enemies":"Gremlin Nob","floor":6.0,"turns":5.0},{"damage":15,"enemies":"Exordium Wildlife","floor":7,"turns":6},{"damage":4,"enemies":"Large Slime","floor":11,"turns":6},{"damage":3,"enemies":"Looter","floor":12,"turns":4},{"damage":7,"enemies":"Blue Slaver","floor":13,"turns":3},{"damage":9,"enemies":"The Guardian","floor":16,"turns":10},{"damage":0,"enemies":"Chosen","floor":18,"turns":3},{"damage":42,"enemies":"Gremlin Leader","floor":24,"turns":9},{"damage":1,"enemies":"Shell Parasite","floor":28,"turns":4},{"damage":24,"enemies":"Snake Plant","floor":29,"turns":3},{"damage":32,"enemies":"Collector","floor":33,"turns":6}],"seed_played":"-8031766838718100600","potions_obtained":[{"floor":1.0,"key":"Fire Potion"},{"floor":2.0,"key":"Weak Potion"},{"floor":7,"key":"PowerPotion"},{"floor":18,"key":"SpeedPotion"},{"floor":28,"key":"PowerPotion"},{"floor":29,"key":"FocusPotion"}],"is_trial":false,"path_per_floor":["M","M","$","?","M","E","M","R","T","R","M","M","M","$","R","B",null,"M","?","?","$","?","R","E","$","T","R","M","M","?","?","R","B"],"character_chosen":"DEFECT","items_purchased":["Go for the Eyes","Scrape+1","Swift Strike+1"],"campfire_rested":4,"item_purchase_floors":[3,14,14],"current_hp_per_floor":[64,64,64,64,64,35,20,20,20,41,37,34,27,27,27,18,58,58,52,32,32,32,54,12,12,12,34,33,9,9,9,31,0],"gold":0,"neow_bonus":"THREE_ENEMY_KILL","is_prod":false,"is_daily":false,"chose_seed":false,"campfire_upgraded":2,"win_rate":0,"timestamp":1554977638,"path_taken":["M","M","$","?","?","E","M","R","T","R","M","M","?","?","R","BOSS","M","?","?","?","?","R","E","?","T","R","M","?","?","?","R","BOSS"],"build_version":"2019-01-23","purchased_purges":2,"victory":false,"max_hp_per_floor":[71,71,71,71,71,71,71,71,71,71,71,71,71,71,71,71,71,71,71,76,76,76,76,76,76,76,76,76,76,76,76,76,76],"card_choices":[{"not_picked":["Hello World","Recycle"],"picked":"Genetic Algorithm","floor":1.0},{"not_picked":["Blizzard","Hologram"],"picked":"Cold Snap","floor":2.0},{"not_picked":["Streamline","Go for the Eyes"],"picked":"Gash","floor":5.0},{"not_picked":["Aggregate","Conserve Battery"],"picked":"Steam","floor":6.0},{"not_picked":["Turbo","Streamline","Steam"],"picked":"SKIP","floor":7},{"not_picked":["Darkness","Heatsinks","Hello World"],"picked":"SKIP","floor":11},{"not_picked":["Turbo","Amplify"],"picked":"Gash+1","floor":12},{"not_picked":["Barrage+1","Melter+1"],"picked":"Coolheaded","floor":13},{"not_picked":["Rainbow","Creative AI"],"picked":"Core Surge+1","floor":16},{"not_picked":["Turbo","Heatsinks"],"picked":"Steam","floor":18},{"not_picked":["Leap","Compile Driver+1"],"picked":"Hyperbeam+1","floor":24},{"not_picked":["Sweeping Beam+1","Undo","Sunder+1"],"picked":"SKIP","floor":28},{"not_picked":["Redo","Turbo","Capacitor"],"picked":"SKIP","floor":29}],"player_experience":896547,"relics_obtained":[{"floor":6.0,"key":"Unceasing Top"},{"floor":9,"key":"Molten Egg 2"},{"floor":24,"key":"Pen Nib"}],"event_choices":[{"damage_healed":0.0,"max_hp_gain":0.0,"max_hp_loss":0.0,"gold_gain":0.0,"event_name":"Match and Keep!","player_choice":"0 cards matched","floor":4.0,"gold_loss":0.0,"damage_taken":0.0,"cards_obtained":[]},{"damage_healed":0,"gold_gain":0,"player_choice":"Joined the Cult","damage_taken":6,"max_hp_gain":0,"max_hp_loss":0,"event_name":"Nest","floor":19,"gold_loss":0,"cards_obtained":["RitualDagger"]},{"damage_healed":0,"gold_gain":0,"player_choice":"Shed Blood","damage_taken":25,"max_hp_gain":5,"max_hp_loss":0,"event_name":"Forgotten Altar","floor":20,"gold_loss":0},{"cards_removed":["Strike_B"],"damage_healed":0,"gold_gain":0,"player_choice":"Gave Gold","damage_taken":0,"max_hp_gain":0,"max_hp_loss":0,"event_name":"Beggar","floor":30,"gold_loss":75},{"damage_healed":0,"gold_gain":0,"player_choice":"Paid Fearfully","damage_taken":0,"max_hp_gain":0,"max_hp_loss":0,"event_name":"Masked Bandits","floor":31,"gold_loss":68}],"is_beta":false,"boss_relics":[{"not_picked":["Black Star","Eternal Feather"],"picked":"Runic Dome"}],"items_purged_floors":[3,21],"is_endless":false,"potions_floor_spawned":[1,2,5,7,18,28,29],"killed_by":"Collector","ascension_level":20}