{"gold_per_floor":[111,127,127,127,127,92,92,110,110,125,144,144,165,179,179,305,305,320,320,320,11,11,11,21,32,57,57,90,105,120,130,130,234,234,251,170,220,220,220,235,249,249,249,249,269,269,369,387,387,387],"floor_reached":51,"playtime":1866,"items_purged":[],"score":711,"play_id":"612f0c9f-596f-4dbd-aca3-396c5d18734e","local_time":"20190210075559","is_ascension_mode":false,"campfire_choices":[{"data":"Perfected Strike","floor":7,"key":"SMITH"},{"data":"Bash","floor":12,"key":"SMITH"},{"data":"Perfected Strike","floor":15,"key":"SMITH"},{"data":"Double Tap","floor":23,"key":"SMITH"},{"data":"Ghostly Armor","floor":27,"key":"SMITH"},{"data":"Cleave","floor":32,"key":"SMITH"},{"data":"Shockwave","floor":42,"key":"SMITH"},{"floor":49,"key":"REST"}],"neow_cost":"NONE","seed_source_timestamp":1547449996386747,"circlet_count":0,"master_deck":["Strike_R","Strike_R+1","Strike_R+1","Strike_R","Strike_R","Defend_R","Defend_R+1","Defend_R","Defend_R","Bash+1","Feed+1","Perfected Strike+1","Battle Trance","Ghostly Armor+1","Perfected Strike+1","Double Tap+1","Cleave+1","Evolve","Inflame","Madness","Madness","Corruption","Shockwave+1","Armaments+1","Dual Wield","Seeing Red"],"special_seed":0,"relics":["Burning Blood","Bloody Idol","Pear","Busted Crown","Matryoshka","Strawberry","Boot","Orichalcum","Whetstone","Paper Frog","White Beast Statue","Magic Flower","Mercury Hourglass","Pocketwatch"],"potions_floor_usage":[18,18,30,33,40,41,47,48,50,50,50],"damage_taken":[{"damage":0.0,"enemies":"2 Louse","floor":1.0,"turns":3.0},{"damage":0.0,"enemies":"Small Slimes","floor":2.0,"turns":3.0},{"damage":1,"enemies":"Jaw Worm","floor":8,"turns":3},{"damage":11,"enemies":"Red Slaver","floor":10,"turns":3},{"damage":20,"enemies":"Exordium Thugs","floor":11,"turns":5},{"damage":6,"enemies":"Blue Slaver","floor":13,"turns":3},{"damage":6,"enemies":"Exordium Wildlife","floor":14,"turns":4},{"damage":27,"enemies":"The Guardian","floor":16,"turns":15},{"damage":0,"enemies":"3 Byrds","floor":18,"turns":4},{"damage":0,"enemies":"Chosen","floor":24,"turns":4},{"damage":18,"enemies":"Snake Plant","floor":25,"turns":3},{"damage":32,"enemies":"Book of Stabbing","floor":28,"turns":5},{"damage":14,"enemies":"Sentry and Sphere","floor":29,"turns":4},{"damage":4,"enemies":"3 Cultists","floor":30,"turns":4},{"damage":2,"enemies":"Chosen and Byrds","floor":31,"turns":4},{"damage":63,"enemies":"Collector","floor":33,"turns":8},{"damage":12,"enemies":"3 Shapes","floor":35,"turns":4},{"damage":39,"enemies":"2 Orb Walkers","floor":37,"turns":4},{"damage":20,"enemies":"Orb Walker","floor":40,"turns":4},{"damage":15,"enemies":"Transient","floor":41,"turns":5},{"damage":37,"enemies":"Writhing Mass","floor":45,"turns":5},{"damage":54,"enemies":"Mind Bloom Boss Battle","floor":47,"turns":6},{"damage":5,"enemies":"4 Shapes","floor":48,"turns":5},{"damage":106,"enemies":"Awakened One","floor":50,"turns":14}],"seed_played":"6206527060489264289","potions_obtained":[{"floor":2.0,"key":"AttackPotion"},{"floor":10,"key":"GamblersBrew"},{"floor":13,"key":"Regen Potion"},{"floor":16,"key":"Fire Potion"},{"floor":18,"key":"Dexterity Potion"},{"floor":35,"key":"Dexterity Potion"},{"floor":37,"key":"Dexterity Potion"},{"floor":40,"key":"BloodPotion"},{"floor":41,"key":"SpeedPotion"},{"floor":45,"key":"Regen Potion"},{"floor":47,"key":"Block Potion"},{"floor":48,"key":"Explosive Potion"}],"is_trial":false,"path_per_floor":["M","M","?","?","?","?","R","M","T","M","M","R","M","M","R","B",null,"M","?","?","$","T","R","M","M","T","R","E","M","M","M","R","B",null,"M","$","?","?","$","M","M","R","T","$","M","$","?","M","R","B",null],"character_chosen":"IRONCLAD","items_purchased":["Matryoshka","AttackPotion","Inflame"],"campfire_rested":1,"item_purchase_floors":[21,21,36],"current_hp_per_floor":[83,86,80,85,68,85,85,89,99,98,88,88,92,96,96,75,115,115,115,115,115,122,122,126,119,124,124,107,108,119,128,128,76,138,141,141,117,99,99,112,132,132,132,132,109,109,88,103,148,57],"gold":387,"neow_bonus":"ONE_RANDOM_RARE_CARD","is_prod":false,"is_daily":false,"chose_seed":false,"campfire_upgraded":7,"win_rate":0,"timestamp":1549752959,"path_taken":["M","M","?","?","?","?","R","M","T","M","M","R","M","M","R","BOSS","M","?","?","$","?","R","M","?","T","R","E","M","M","M","R","BOSS","M","$","?","?","?","M","M","R","T","?","M","$","?","M","R","BOSS"],"build_version":"2019-01-23","purchased_purges":0,"victory":true,"max_hp_per_floor":[83,86,80,85,85,85,85,89,99,103,107,107,111,115,115,115,115,115,115,115,115,122,122,126,126,126,126,130,134,138,138,138,138,138,142,142,146,146,146,146,146,146,146,146,146,146,146,150,150,154],"card_choices":[{"not_picked":["Feel No Pain","Anger"],"picked":"Perfected Strike","floor":1.0},{"not_picked":["Blood for Blood","Headbutt"],"picked":"Battle Trance","floor":2.0},{"not_picked":["Power Through","Body Slam","Flex"],"picked":"SKIP","floor":8},{"not_picked":["Entrench","Flex","Havoc"],"picked":"SKIP","floor":10},{"not_picked":["Wild Strike","Battle Trance","Fire Breathing"],"picked":"SKIP","floor":11},{"not_picked":["Feed","Headbutt"],"picked":"Ghostly Armor","floor":13},{"not_picked":["Infernal Blade","Clash"],"picked":"Perfected Strike","floor":14},{"not_picked":["Reaper","Brutality"],"picked":"Double Tap","floor":16},{"not_picked":["Headbutt"],"picked":"SKIP","floor":18},{"not_picked":["Corruption"],"picked":"SKIP","floor":24},{"not_picked":["Wild Strike+1"],"picked":"SKIP","floor":25},{"not_picked":[],"picked":"Cleave","floor":28},{"not_picked":["Wild Strike"],"picked":"SKIP","floor":29},{"not_picked":["Searing Blow+1"],"picked":"SKIP","floor":30},{"not_picked":[],"picked":"Evolve","floor":31},{"not_picked":["True Grit+1"],"picked":"SKIP","floor":35},{"not_picked":[],"picked":"Corruption","floor":40},{"not_picked":[],"picked":"Shockwave","floor":41},{"not_picked":[],"picked":"Armaments+1","floor":45},{"not_picked":[],"picked":"Dual Wield","floor":47},{"not_picked":[],"picked":"Seeing Red","floor":48}],"player_experience":511067,"relics_obtained":[{"floor":9,"key":"Pear"},{"floor":22,"key":"Strawberry"},{"floor":22,"key":"Boot"},{"floor":26,"key":"Orichalcum"},{"floor":26,"key":"Whetstone"},{"floor":28,"key":"Paper Frog"},{"floor":37,"key":"Magic Flower"},{"floor":43,"key":"Mercury Hourglass"},{"floor":47,"key":"Pocketwatch"}],"event_choices":[{"damage_healed":0.0,"max_hp_gain":0.0,"max_hp_loss":6.0,"gold_gain":0.0,"event_name":"Golden Idol","player_choice":"Lose Max HP","floor":3.0,"gold_loss":0.0,"damage_taken":0.0,"relics_obtained":["Golden Idol"]},{"damage_healed":0.0,"max_hp_gain":5.0,"max_hp_loss":0.0,"gold_gain":0.0,"event_name":"Big Fish","player_choice":"Donut","floor":4.0,"gold_loss":0.0,"damage_taken":0.0},{"damage_healed":0.0,"max_hp_gain":0.0,"max_hp_loss":0.0,"gold_gain":0.0,"event_name":"Shining Light","player_choice":"Entered Light","floor":5.0,"gold_loss":0.0,"damage_taken":17.0,"cards_upgraded":["Defend_R","Feed"]},{"damage_healed":21,"gold_gain":0,"player_choice":"Healed","damage_taken":0,"max_hp_gain":0,"max_hp_loss":0,"event_name":"The Cleric","floor":6,"gold_loss":35},{"damage_healed":0,"gold_gain":0,"player_choice":"Ignored","damage_taken":0,"max_hp_gain":0,"max_hp_loss":0,"event_name":"Vampires","floor":19,"gold_loss":0},{"damage_healed":0,"gold_gain":0,"player_choice":"Gave Idol","damage_taken":0,"relics_obtained":["Bloody Idol"],"max_hp_gain":0,"max_hp_loss":0,"event_name":"Forgotten Altar","floor":20,"relics_lost":["Golden Idol"],"gold_loss":0},{"damage_healed":0,"gold_gain":0,"player_choice":"Fight","damage_taken":0,"max_hp_gain":0,"max_hp_loss":0,"event_name":"Mysterious Sphere","floor":37,"gold_loss":0},{"damage_healed":0,"gold_gain":0,"player_choice":"Embrace Madness","damage_taken":18,"max_hp_gain":0,"max_hp_loss":0,"event_name":"Winding Halls","floor":38,"gold_loss":0,"cards_obtained":["Madness","Madness"]},{"damage_healed":0,"gold_gain":0,"player_choice":"Fight","damage_taken":0,"max_hp_gain":0,"max_hp_loss":0,"event_name":"MindBloom","floor":47,"gold_loss":0}],"is_beta":false,"boss_relics":[{"not_picked":["Pandora\u0027s Box","Black Star"],"picked":"Busted Crown"},{"not_picked":["Runic Cube","Tiny House"],"picked":"White Beast Statue"}],"items_purged_floors":[],"is_endless":false,"potions_floor_spawned":[2,10,13,16,18,24,28,35,37,40,41,45,47,48],"ascension_level":0}