{"gold_per_floor":[118,118,132,149,149,180,180,200,224,236,248,274,301,330,342,354],"floor_reached":16,"playtime":522,"items_purged":[],"score":212,"play_id":"8dfb4c15-3331-4978-9107-838139f0b486","local_time":"20190508175052","is_ascension_mode":true,"campfire_choices":[{"floor":7,"key":"REST"},{"data":"Defragment","floor":10,"key":"SMITH"},{"data":"Capacitor","floor":15,"key":"SMITH"}],"neow_cost":"NONE","seed_source_timestamp":200973687020300,"circlet_count":0,"master_deck":["AscendersBane","Strike_B","Strike_B","Strike_B","Strike_B+1","Defend_B","Defend_B+1","Defend_B","Defend_B","Zap","Dualcast","Go for the Eyes","Tempest","Defragment+1","Cold Snap","Capacitor+1","FTL","Stack","Coolheaded"],"relics":["Cracked Core","Orichalcum","MawBank"],"potions_floor_usage":[6,8,11,12,14],"damage_taken":[{"damage":1,"enemies":"Cultist","floor":1,"turns":3},{"damage":2,"enemies":"Small Slimes","floor":3,"turns":3},{"damage":5,"enemies":"2 Louse","floor":4,"turns":2},{"damage":30,"enemies":"3 Sentries","floor":6,"turns":6},{"damage":0,"enemies":"2 Fungi Beasts","floor":8,"turns":2},{"damage":0,"enemies":"Exordium Wildlife","floor":11,"turns":1},{"damage":0,"enemies":"Gremlin Gang","floor":12,"turns":4},{"damage":6,"enemies":"3 Louse","floor":13,"turns":4},{"damage":0,"enemies":"Large Slime","floor":14,"turns":4},{"damage":28,"enemies":"The Guardian","floor":16,"turns":6}],"seed_played":"-5342694361577723950","potions_obtained":[{"floor":4,"key":"Strength Potion"},{"floor":5,"key":"SmokeBomb"},{"floor":6,"key":"Fire Potion"},{"floor":8,"key":"Fire Potion"},{"floor":13,"key":"GamblersBrew"}],"is_trial":false,"path_per_floor":["M","?","M","M","?","E","R","M","T","R","M","M","M","M","R","B"],"character_chosen":"DEFECT","items_purchased":[],"campfire_rested":1,"item_purchase_floors":[],"current_hp_per_floor":[70,47,45,40,40,10,33,33,33,33,33,33,27,27,27,0],"gold":354,"neow_bonus":"TEN_PERCENT_HP_BONUS","is_prod":false,"is_daily":false,"chose_seed":false,"campfire_upgraded":2,"win_rate":0,"timestamp":1557305452,"path_taken":["M","?","M","M","?","E","R","M","T","R","M","M","?","M","R","BOSS"],"build_version":"2019-01-23","purchased_purges":0,"victory":false,"max_hp_per_floor":[78,78,78,78,78,78,78,78,78,78,78,78,78,78,78,78],"card_choices":[{"not_picked":["Beam Cell","Blizzard"],"picked":"Go for the Eyes","floor":1},{"not_picked":["Reprogram","Recycle"],"picked":"Tempest","floor":3},{"not_picked":["Auto Shields","Hologram"],"picked":"Defragment","floor":4},{"not_picked":["Leap","Gash"],"picked":"Cold Snap","floor":6},{"not_picked":["Steam","Redo"],"picked":"Capacitor","floor":8},{"not_picked":["Compile Driver","Gash"],"picked":"FTL","floor":12},{"not_picked":["Hello World","Darkness"],"picked":"Stack","floor":13},{"not_picked":["Leap","Barrage"],"picked":"Coolheaded","floor":14}],"player_experience":1285579,"relics_obtained":[{"floor":6,"key":"Orichalcum"},{"floor":9,"key":"MawBank"}],"event_choices":[{"damage_healed":0,"gold_gain":0,"player_choice":"Entered Light","damage_taken":23,"max_hp_gain":0,"max_hp_loss":0,"event_name":"Shining Light","floor":2,"gold_loss":0,"cards_upgraded":["Defend_B","Strike_B"]},{"damage_healed":0,"gold_gain":0,"player_choice":"Got Potions","damage_taken":0,"max_hp_gain":0,"max_hp_loss":0,"event_name":"Lab","floor":5,"gold_loss":0}],"is_beta":false,"boss_relics":[],"items_purged_floors":[],"is_endless":false,"potions_floor_spawned":[4,6,8,13],"killed_by":"The Guardian","ascension_level":20}