{"gold_per_floor":[359,434,24,24,24,24,57,57,82,114,114,141,154,173,173,269,269,279,279,21,21,35,46,74,74,148,175,189,189,189,204,204,302,302,313,325,425,41,0,30,30,30,30,60,60,60,77,96,96,96],"floor_reached":51,"playtime":2427,"items_purged":["Decay"],"score":1224,"play_id":"d65a5648-b9af-453a-8b13-7b55444c8379","local_time":"20190316163549","is_ascension_mode":true,"campfire_choices":[{"data":"Zap","floor":6,"key":"SMITH"},{"floor":8,"key":"REST"},{"floor":11,"key":"REST"},{"data":"Sunder","floor":15,"key":"SMITH"},{"floor":25,"key":"REST"},{"floor":29,"key":"REST"},{"floor":32,"key":"REST"},{"floor":41,"key":"REST"},{"floor":46,"key":"REST"},{"floor":49,"key":"REST"}],"neow_cost":"CURSE","seed_source_timestamp":2644206882383,"circlet_count":0,"master_deck":["AscendersBane","Strike_B+1","Defend_B+1","Defend_B+1","Defend_B+1","Defend_B+1","Zap+1","Dualcast","Sweeping Beam","Undo","Cold Snap","Auto Shields","Compile Driver","Beam Cell","Rainbow","Sunder+1","Conserve Battery","Core Surge","Chaos+1","Capacitor","Self Repair","Defragment","Capacitor","Chaos+1","Blizzard","Rip and Tear","Coolheaded","Glacier","Electrodynamics","Conserve Battery+1","Static Discharge+1","Self Repair+1","Chill+1","Steam Power","Conserve Battery+1","Go for the Eyes+1"],"relics":["Cracked Core","Blood Vial","Dream Catcher","Pocketwatch","Ancient Tea Set","Bronze Scales","Singing Bowl","Eternal Feather","Enchiridion","Lee\u0027s Waffle","Strawberry","Letter Opener","Pen Nib","Sozu","WingedGreaves","Cables","PreservedInsect","Red Mask","Centennial Puzzle","Molten Egg 2","Bottled Flame"],"potions_floor_usage":[12,16,16,33,37],"damage_taken":[{"damage":0,"enemies":"2 Louse","floor":1,"turns":2},{"damage":30,"enemies":"3 Sentries","floor":7,"turns":7},{"damage":13,"enemies":"Lagavulin","floor":10,"turns":6},{"damage":16,"enemies":"Gremlin Nob","floor":12,"turns":3},{"damage":5,"enemies":"Jaw Worm","floor":13,"turns":2},{"damage":0,"enemies":"Small Slimes","floor":14,"turns":2},{"damage":7,"enemies":"The Guardian","floor":16,"turns":10},{"damage":5,"enemies":"Chosen","floor":18,"turns":4},{"damage":23,"enemies":"2 Thieves","floor":22,"turns":3},{"damage":24,"enemies":"Chosen and Byrds","floor":23,"turns":5},{"damage":21,"enemies":"Gremlin Leader","floor":24,"turns":6},{"damage":34,"enemies":"Book of Stabbing","floor":27,"turns":7},{"damage":32,"enemies":"Sentry and Sphere","floor":28,"turns":7},{"damage":24,"enemies":"Centurion and Healer","floor":31,"turns":5},{"damage":42,"enemies":"Champ","floor":33,"turns":10},{"damage":13,"enemies":"3 Shapes","floor":35,"turns":4},{"damage":21,"enemies":"3 Darklings","floor":36,"turns":6},{"damage":2,"enemies":"Mind Bloom Boss Battle","floor":37,"turns":8},{"damage":33,"enemies":"Nemesis","floor":40,"turns":5},{"damage":46,"enemies":"Giant Head","floor":44,"turns":7},{"damage":39,"enemies":"Transient","floor":47,"turns":5},{"damage":26,"enemies":"Maw","floor":48,"turns":7},{"damage":64,"enemies":"Time Eater","floor":50,"turns":12}],"seed_played":"-5585006211745261154","potions_obtained":[{"floor":10,"key":"Explosive Potion"},{"floor":12,"key":"Regen Potion"},{"floor":14,"key":"AttackPotion"},{"floor":28,"key":"SpeedPotion"},{"floor":31,"key":"FearPotion"}],"is_trial":false,"path_per_floor":["M","?","$","?","?","R","E","R","T","E","R","E","M","M","R","B",null,"M","?","$","?","M","M","E","R","T","E","M","R","?","M","R","B",null,"M","M","?","$","?","E","R","?","T","E","$","R","M","M","R","B",null],"character_chosen":"DEFECT","items_purchased":["Blood Vial","Dream Catcher","Undo","Capacitor","Lee\u0027s Waffle","Cables","PreservedInsect"],"campfire_rested":8,"item_purchase_floors":[3,3,3,20,20,38,38],"current_hp_per_floor":[68,57,57,57,57,57,29,51,51,40,62,48,45,47,47,57,71,68,52,82,82,59,37,25,66,66,43,22,66,66,51,94,60,86,82,70,72,72,72,41,88,88,88,54,54,97,67,60,101,37],"gold":96,"neow_bonus":"TWO_FIFTY_GOLD","is_prod":false,"is_daily":false,"chose_seed":false,"campfire_upgraded":2,"win_rate":0,"timestamp":1552772149,"path_taken":["M","?","$","?","?","R","E","R","T","E","R","E","M","M","R","BOSS","M","?","$","?","M","M","E","R","T","E","M","R","?","M","R","BOSS","M","M","?","$","?","E","R","?","T","E","$","R","M","?","R","BOSS"],"build_version":"2019-01-23","purchased_purges":1,"victory":true,"max_hp_per_floor":[75,75,75,75,75,75,75,75,75,75,75,75,75,75,75,75,75,75,75,82,82,82,82,89,89,89,91,93,95,95,95,95,95,95,95,95,97,97,97,97,97,97,97,97,97,97,99,99,101,101],"card_choices":[{"not_picked":["Rip and Tear","Ball Lightning"],"picked":"Sweeping Beam","floor":1},{"not_picked":["Ball Lightning","Hologram"],"picked":"Cold Snap","floor":7},{"not_picked":["Stack","Barrage"],"picked":"Auto Shields","floor":8},{"not_picked":["Hologram","Genetic Algorithm"],"picked":"Compile Driver","floor":10},{"not_picked":["Stack","Sweeping Beam"],"picked":"Beam Cell","floor":11},{"not_picked":["BootSequence","Chaos"],"picked":"Rainbow","floor":12},{"not_picked":["Redo","Sweeping Beam"],"picked":"Sunder","floor":13},{"not_picked":["Redo","Blizzard"],"picked":"Conserve Battery","floor":14},{"not_picked":["Hyperbeam","Meteor Strike"],"picked":"Core Surge","floor":16},{"not_picked":["Consume+1","Darkness"],"picked":"Chaos+1","floor":18},{"not_picked":["Consume+1","Beam Cell"],"picked":"Self Repair","floor":22},{"not_picked":["Compile Driver","Scrape"],"picked":"Defragment","floor":23},{"not_picked":["Cold Snap","Redo"],"picked":"Capacitor","floor":24},{"not_picked":["Steam","Sweeping Beam"],"picked":"Chaos+1","floor":25},{"not_picked":["Cold Snap+1","Reboot","Barrage"],"picked":"Singing Bowl","floor":27},{"not_picked":["Cold Snap","Scrape","Hologram+1"],"picked":"Singing Bowl","floor":28},{"not_picked":["Consume","Reprogram","Steam"],"picked":"Singing Bowl","floor":29},{"not_picked":["Redo","Conserve Battery"],"picked":"Coolheaded","floor":31},{"not_picked":["Compile Driver","Turbo"],"picked":"Glacier","floor":32},{"not_picked":["Thunder Strike","Fission"],"picked":"Electrodynamics","floor":33},{"not_picked":["Go for the Eyes","Lockon+1"],"picked":"Conserve Battery+1","floor":35},{"not_picked":["Barrage+1","Genetic Algorithm+1"],"picked":"Static Discharge+1","floor":36},{"not_picked":["Gash+1","Hello World+1","Steam Power+1"],"picked":"Singing Bowl","floor":37},{"not_picked":["Turbo+1","Steam+1"],"picked":"Self Repair+1","floor":40},{"not_picked":["Thunder Strike","Stack+1"],"picked":"Chill+1","floor":41},{"not_picked":["Cold Snap+1","Tempest"],"picked":"Steam Power","floor":44},{"not_picked":["Leap","Gash+1"],"picked":"Conserve Battery+1","floor":46},{"not_picked":["FTL+1","Coolheaded+1","Steam"],"picked":"Singing Bowl","floor":47},{"not_picked":["Redo+1","Beam Cell+1"],"picked":"Go for the Eyes+1","floor":48},{"not_picked":["Steam+1","Doom and Gloom+1","Heatsinks"],"picked":"Singing Bowl","floor":49}],"player_experience":1131709,"relics_obtained":[{"floor":7,"key":"Pocketwatch"},{"floor":9,"key":"Ancient Tea Set"},{"floor":10,"key":"Bronze Scales"},{"floor":12,"key":"Singing Bowl"},{"floor":19,"key":"Enchiridion"},{"floor":24,"key":"Strawberry"},{"floor":26,"key":"Letter Opener"},{"floor":27,"key":"Pen Nib"},{"floor":37,"key":"WingedGreaves"},{"floor":40,"key":"Centennial Puzzle"},{"floor":43,"key":"Molten Egg 2"},{"floor":44,"key":"Bottled Flame"}],"event_choices":[{"damage_healed":0,"gold_gain":75,"player_choice":"Gather Gold","damage_taken":11,"max_hp_gain":0,"max_hp_loss":0,"event_name":"World of Goop","floor":2,"gold_loss":0},{"damage_healed":0,"gold_gain":0,"player_choice":"Leave","damage_taken":0,"max_hp_gain":0,"max_hp_loss":0,"event_name":"The Cleric","floor":4,"gold_loss":0},{"damage_healed":0,"gold_gain":0,"player_choice":"Ignored","damage_taken":0,"max_hp_gain":0,"max_hp_loss":0,"event_name":"Golden Wing","floor":5,"gold_loss":0},{"damage_healed":0,"gold_gain":0,"player_choice":"Obtained Book","damage_taken":16,"max_hp_gain":0,"max_hp_loss":0,"event_name":"Cursed Tome","floor":19,"gold_loss":0},{"damage_healed":0,"gold_gain":0,"player_choice":"Simplicity","damage_taken":0,"max_hp_gain":0,"max_hp_loss":0,"event_name":"Back to Basics","floor":21,"gold_loss":0,"cards_upgraded":["Strike_B","Strike_B","Strike_B","Strike_B","Defend_B","Defend_B","Defend_B","Defend_B"]},{"damage_healed":0,"gold_gain":0,"cards_transformed":["Strike_B","Strike_B"],"player_choice":"Became Test Subject","damage_taken":0,"max_hp_gain":0,"max_hp_loss":0,"event_name":"Drug Dealer","floor":30,"gold_loss":0,"cards_obtained":["Blizzard","Rip and Tear"]},{"damage_healed":0,"gold_gain":0,"player_choice":"Fight","damage_taken":0,"max_hp_gain":0,"max_hp_loss":0,"event_name":"MindBloom","floor":37,"gold_loss":0},{"damage_healed":0,"gold_gain":0,"player_choice":"Paid","damage_taken":0,"relics_obtained":["Red Mask"],"max_hp_gain":0,"max_hp_loss":0,"event_name":"Tomb of Lord Red Mask","floor":39,"gold_loss":41},{"cards_removed":["Strike_B"],"damage_healed":0,"gold_gain":0,"player_choice":"Purged","damage_taken":0,"max_hp_gain":0,"max_hp_loss":0,"event_name":"Purifier","floor":42,"gold_loss":0}],"is_beta":false,"boss_relics":[{"not_picked":["FrozenCore","Coffee Dripper"],"picked":"Eternal Feather"},{"not_picked":["Runic Dome","Runic Pyramid"],"picked":"Sozu"}],"items_purged_floors":[3],"is_endless":false,"potions_floor_spawned":[10,12,14,28,31,40,48],"ascension_level":11}