{"gold_per_floor":[111,121,134,153,168,193,193,41,65,110,138,150,162,187,199,308,320,343,372,400,424,453,465,502,514,526,538,566,264,264,279,279,384,384,394,394,254,267,286,122,122,140,140,140,140],"floor_reached":45,"playtime":4810,"items_purged":["Strike_B","Strike_B","Defend_B"],"score":549,"play_id":"13bb1677-08ae-4308-ab72-abed8f68a0e8","local_time":"20181124234901","is_ascension_mode":true,"campfire_choices":[{"floor":15,"key":"REST"},{"data":"Hologram","floor":23,"key":"SMITH"},{"floor":27,"key":"RECALL"},{"data":"Dualcast","floor":30,"key":"SMITH"},{"data":"Capacitor","floor":32,"key":"SMITH"},{"floor":41,"key":"REST"}],"neow_cost":"NONE","seed_source_timestamp":879126675926478,"circlet_count":0,"master_deck":["Defend_B","Defend_B","Defend_B","Zap+1","Dualcast+1","Leap","Lockon","Hologram+1","Go for the Eyes","Coolheaded","Hologram","Coolheaded","Go for the Eyes","Self Repair","Electrodynamics","Cold Snap","Cold Snap","Conserve Battery","Hologram","Loop","Hologram+1","Capacitor+1","Gash+1","Machine Learning","Sunder+1","Madness","Madness","Capacitor","Double Energy+1","Blizzard+1","Good Instincts"],"relics":["Cracked Core","Matryoshka","Bag of Preparation","Art of War","Pen Nib","MawBank","Centennial Puzzle","Nuclear Battery","Potion Belt","Happy Flower","Molten Egg 2","Runic Pyramid","Meat on the Bone"],"potions_floor_usage":[4,16,24,24],"damage_taken":[{"damage":0,"enemies":"Cultist","floor":1,"turns":3},{"damage":0,"enemies":"Small Slimes","floor":2,"turns":4},{"damage":0,"enemies":"2 Louse","floor":3,"turns":2},{"damage":3,"enemies":"Lots of Slimes","floor":4,"turns":4},{"damage":5,"enemies":"Exordium Thugs","floor":5,"turns":4},{"damage":10,"enemies":"Lagavulin","floor":6,"turns":8},{"damage":19,"enemies":"3 Sentries","floor":10,"turns":7},{"damage":3,"enemies":"Red Slaver","floor":11,"turns":2},{"damage":0,"enemies":"Looter","floor":14,"turns":2},{"damage":15,"enemies":"Slime Boss","floor":16,"turns":14},{"damage":14,"enemies":"2 Thieves","floor":18,"turns":2},{"damage":0,"enemies":"Spheric Guardian","floor":19,"turns":4},{"damage":14,"enemies":"Centurion and Healer","floor":20,"turns":7},{"damage":17,"enemies":"Snake Plant","floor":21,"turns":8},{"damage":16,"enemies":"3 Cultists","floor":22,"turns":5},{"damage":0,"enemies":"Gremlin Leader","floor":24,"turns":6},{"damage":12,"enemies":"Cultist and Chosen","floor":28,"turns":8},{"damage":3,"enemies":"Centurion and Healer","floor":31,"turns":8},{"damage":33,"enemies":"Champ","floor":33,"turns":15},{"damage":9,"enemies":"Orb Walker","floor":35,"turns":5},{"damage":18,"enemies":"3 Darklings","floor":38,"turns":7},{"damage":50,"enemies":"Spire Growth","floor":39,"turns":6},{"damage":22,"enemies":"Sphere and 2 Shapes","floor":42,"turns":6},{"damage":35,"enemies":"Transient","floor":45,"turns":3}],"seed_played":"1048590760234173141","potions_obtained":[{"floor":1,"key":"Fire Potion"},{"floor":4,"key":"FearPotion"},{"floor":10,"key":"SpeedPotion"},{"floor":11,"key":"AttackPotion"},{"floor":19,"key":"AttackPotion"},{"floor":20,"key":"GamblersBrew"},{"floor":33,"key":"FocusPotion"},{"floor":39,"key":"Dexterity Potion"},{"floor":42,"key":"FocusPotion"}],"is_trial":false,"path_per_floor":["M","M","M","M","M","E","?","$","T","E","M","?","?","M","R","B",null,"M","M","M","M","M","R","E","?","T","R","M","$","R","M","R","B",null,"M","?","$","M","M","$","R","M","T","?","M"],"character_chosen":"DEFECT","items_purchased":["Art of War","Molten Egg 2","Capacitor","Blizzard+1"],"campfire_rested":2,"item_purchase_floors":[8,29,37,40],"current_hp_per_floor":[75,75,75,72,67,57,39,39,39,20,17,17,17,17,39,31,75,68,75,68,58,42,42,49,49,49,49,44,44,44,48,48,22,75,73,64,64,53,10,10,32,17,17,17,0],"gold":140,"neow_bonus":"REMOVE_CARD","is_prod":false,"is_daily":false,"chose_seed":false,"campfire_upgraded":3,"win_rate":0,"timestamp":1543121341,"path_taken":["M","M","M","?","M","E","?","$","T","E","M","?","?","M","R","BOSS","M","M","M","M","?","R","E","?","T","R","M","$","R","M","R","BOSS","M","?","$","M","M","$","R","M","T","?","M"],"build_version":"2018-11-15","purchased_purges":3,"victory":false,"max_hp_per_floor":[75,75,75,75,75,75,75,75,75,75,75,75,75,75,75,75,75,75,75,75,75,75,75,75,75,75,75,75,75,75,75,75,75,75,75,75,75,75,75,75,75,75,75,75,75],"card_choices":[{"not_picked":["Reprogram","Beam Cell"],"picked":"Leap","floor":1},{"not_picked":["Turbo","Beam Cell"],"picked":"Lockon","floor":2},{"not_picked":["Fusion","Gash"],"picked":"Hologram","floor":3},{"not_picked":["Streamline","Stack"],"picked":"Go for the Eyes","floor":4},{"not_picked":["Conserve Battery","Rip and Tear"],"picked":"Coolheaded","floor":5},{"not_picked":["Turbo","Rainbow"],"picked":"Hologram","floor":6},{"not_picked":["Beam Cell","Go for the Eyes"],"picked":"Coolheaded","floor":10},{"not_picked":["Sweeping Beam","Turbo"],"picked":"Go for the Eyes","floor":11},{"not_picked":["Sunder","Turbo"],"picked":"Self Repair","floor":14},{"not_picked":["Rainbow","Thunder Strike"],"picked":"Electrodynamics","floor":16},{"not_picked":["Skim","Rip and Tear"],"picked":"Cold Snap","floor":18},{"not_picked":["Stack","Ball Lightning"],"picked":"Cold Snap","floor":19},{"not_picked":["Cold Snap","Darkness"],"picked":"Conserve Battery","floor":20},{"not_picked":["Stack","Redo"],"picked":"Hologram","floor":21},{"not_picked":["Ball Lightning+1","Compile Driver","Steam Power"],"picked":"SKIP","floor":22},{"not_picked":["Multi-Cast","Ball Lightning+1"],"picked":"Loop","floor":24},{"not_picked":["Cold Snap","Ball Lightning"],"picked":"Capacitor","floor":28},{"not_picked":["Leap","Turbo"],"picked":"Gash+1","floor":31},{"not_picked":["Thunder Strike+1","Reboot"],"picked":"Machine Learning","floor":33},{"not_picked":["Go for the Eyes+1","Turbo+1"],"picked":"Sunder+1","floor":35},{"not_picked":["Streamline+1","Sweeping Beam+1","Leap+1"],"picked":"SKIP","floor":38},{"not_picked":["Capacitor+1","Beam Cell+1"],"picked":"Double Energy+1","floor":39},{"not_picked":["Barrage+1","Stack","Sweeping Beam+1"],"picked":"SKIP","floor":42},{"not_picked":["Madness","Panache"],"picked":"Good Instincts","floor":44}],"player_experience":51551,"relics_obtained":[{"floor":6,"key":"Matryoshka"},{"floor":9,"key":"Pen Nib"},{"floor":9,"key":"MawBank"},{"floor":10,"key":"Centennial Puzzle"},{"floor":24,"key":"Potion Belt"},{"floor":26,"key":"Happy Flower"},{"floor":43,"key":"Meat on the Bone"}],"event_choices":[{"damage_healed":0,"gold_gain":0,"player_choice":"Success","damage_taken":18,"relics_obtained":["Bag of Preparation"],"max_hp_gain":0,"max_hp_loss":0,"event_name":"Scrap Ooze","floor":7,"gold_loss":0},{"damage_healed":0,"gold_gain":0,"player_choice":"Grow","damage_taken":0,"max_hp_gain":0,"max_hp_loss":0,"event_name":"Living Wall","floor":12,"gold_loss":0,"cards_upgraded":["Zap"]},{"cards_removed":["Strike_B"],"damage_healed":0,"gold_gain":0,"player_choice":"Purged","damage_taken":0,"max_hp_gain":0,"max_hp_loss":0,"event_name":"Purifier","floor":13,"gold_loss":0},{"damage_healed":0,"gold_gain":0,"player_choice":"Copied","damage_taken":0,"max_hp_gain":0,"max_hp_loss":0,"event_name":"Duplicator","floor":25,"gold_loss":0,"cards_obtained":["Hologram"]},{"damage_healed":0,"gold_gain":0,"player_choice":"Embrace Madness","damage_taken":9,"max_hp_gain":0,"max_hp_loss":0,"event_name":"Winding Halls","floor":36,"gold_loss":0,"cards_obtained":["Madness","Madness"]},{"damage_healed":0,"gold_gain":0,"player_choice":"Memory 1","damage_taken":0,"max_hp_gain":0,"max_hp_loss":0,"event_name":"SensoryStone","floor":44,"gold_loss":0}],"is_beta":false,"boss_relics":[{"not_picked":["Empty Cage","Runic Dome"],"picked":"Nuclear Battery"},{"not_picked":["Tiny House","Black Star"],"picked":"Runic Pyramid"}],"items_purged_floors":[29,37,40],"is_endless":false,"potions_floor_spawned":[1,4,10,11,19,20,33,39,42],"killed_by":"Transient","ascension_level":2}