{"gold_per_floor":[112,287,64,77,96,96,124,124,176,196,196,207,217,229,229,334,334,349,361,139,139,14,14,30,30],"floor_reached":25,"playtime":2184,"items_purged":["Doubt","Accuracy","Poisoned Stab"],"score":308,"play_id":"60af0487-ccee-45e0-8795-f59a728f4d2a","local_time":"20190326203318","is_ascension_mode":true,"campfire_choices":[{"data":"Endless Agony","floor":6,"key":"SMITH"},{"floor":11,"key":"REST"},{"data":"Glass Knife","floor":15,"key":"SMITH"},{"floor":23,"key":"REST"}],"neow_cost":"NONE","seed_source_timestamp":167011733584001,"circlet_count":0,"master_deck":["AscendersBane","Survivor","Neutralize","Footwork","Blur","Endless Agony+1","Blur","Glass Knife+1","Crippling Poison","After Image","Dodge and Roll","Crippling Poison","Backflip","Reflex","Unload","Burst","Noxious Fumes","Predator","Burst","Skewer+1","Deflect+1","Footwork","Backflip"],"relics":["Ring of the Snake","NeowsBlessing","Dream Catcher","Oddly Smooth Stone","Pandora\u0027s Box"],"potions_floor_usage":[10,16,16,16,19,25],"damage_taken":[{"damage":0,"enemies":"Small Slimes","floor":1,"turns":1},{"damage":0,"enemies":"Cultist","floor":4,"turns":1},{"damage":0,"enemies":"Jaw Worm","floor":5,"turns":1},{"damage":52,"enemies":"Lagavulin","floor":7,"turns":10},{"damage":0,"enemies":"Large Slime","floor":10,"turns":9},{"damage":0,"enemies":"Red Slaver","floor":12,"turns":6},{"damage":0,"enemies":"Exordium Wildlife","floor":13,"turns":4},{"damage":3,"enemies":"2 Fungi Beasts","floor":14,"turns":4},{"damage":15,"enemies":"Slime Boss","floor":16,"turns":10},{"damage":7,"enemies":"Spheric Guardian","floor":18,"turns":7},{"damage":15,"enemies":"3 Byrds","floor":19,"turns":5},{"damage":8,"enemies":"Snecko","floor":24,"turns":6},{"damage":50,"enemies":"Book of Stabbing","floor":25,"turns":8}],"seed_played":"-1253772909308314052","potions_obtained":[{"floor":8,"key":"Ancient Potion"},{"floor":8,"key":"Strength Potion"},{"floor":8,"key":"Strength Potion"},{"floor":10,"key":"FearPotion"},{"floor":12,"key":"Explosive Potion"},{"floor":16,"key":"Dexterity Potion"},{"floor":18,"key":"SkillPotion"},{"floor":19,"key":"FearPotion"},{"floor":24,"key":"SteroidPotion"}],"is_trial":false,"path_per_floor":["M","?","$","M","M","R","E","?","T","M","R","M","M","M","R","B",null,"M","M","$","?","$","R","M","E"],"character_chosen":"THE_SILENT","items_purchased":["Footwork","Blur","Footwork","Backflip"],"campfire_rested":2,"item_purchase_floors":[3,3,20,20],"current_hp_per_floor":[63,63,63,63,63,63,11,11,11,11,32,32,32,29,29,14,56,49,34,34,34,34,55,47,0],"gold":30,"neow_bonus":"THREE_ENEMY_KILL","is_prod":false,"is_daily":false,"chose_seed":false,"campfire_upgraded":2,"win_rate":0,"timestamp":1553628798,"path_taken":["M","?","$","M","M","R","E","?","T","M","R","?","M","M","R","BOSS","M","?","$","?","?","R","M","E"],"build_version":"2019-01-23","purchased_purges":3,"victory":false,"max_hp_per_floor":[70,70,70,70,70,70,70,70,70,70,70,70,70,70,70,70,70,70,70,70,70,70,70,70,70],"card_choices":[{"not_picked":["Tactician","Underhanded Strike"],"picked":"Poisoned Stab","floor":1},{"not_picked":["Distraction","Concentrate"],"picked":"Endless Agony","floor":4},{"not_picked":["Backflip","Flying Knee","Blade Dance"],"picked":"SKIP","floor":5},{"not_picked":["Underhanded Strike","Acrobatics"],"picked":"Blur","floor":7},{"not_picked":["PiercingWail","Masterful Stab","Flying Knee"],"picked":"SKIP","floor":10},{"not_picked":["Escape Plan","Catalyst"],"picked":"Glass Knife","floor":11},{"not_picked":["Cloak And Dagger","Terror"],"picked":"Crippling Poison","floor":12},{"not_picked":["Deadly Poison","Poisoned Stab","Riddle With Holes"],"picked":"SKIP","floor":13},{"not_picked":["Choke","Underhanded Strike","Acrobatics"],"picked":"SKIP","floor":14},{"not_picked":["A Thousand Cuts","Venomology"],"picked":"After Image","floor":16},{"not_picked":["Blade Dance","Flying Knee"],"picked":"Skewer+1","floor":18},{"not_picked":["Noxious Fumes","Dagger Spray+1"],"picked":"Deflect+1","floor":19},{"not_picked":["Outmaneuver","Quick Slash","Acrobatics"],"picked":"SKIP","floor":24}],"player_experience":375607,"relics_obtained":[{"floor":7,"key":"Dream Catcher"},{"floor":9,"key":"Oddly Smooth Stone"}],"event_choices":[{"damage_healed":0,"gold_gain":175,"player_choice":"AGREE","damage_taken":0,"max_hp_gain":0,"max_hp_loss":0,"event_name":"Liars Game","floor":2,"gold_loss":0,"cards_obtained":["Doubt"]},{"damage_healed":0,"gold_gain":0,"player_choice":"Got Potions","damage_taken":0,"max_hp_gain":0,"max_hp_loss":0,"event_name":"Lab","floor":8,"gold_loss":0},{"damage_healed":0,"gold_gain":0,"player_choice":"Ignored","damage_taken":0,"max_hp_gain":0,"max_hp_loss":0,"event_name":"Vampires","floor":21,"gold_loss":0}],"is_beta":false,"boss_relics":[{"not_picked":["Tiny House","Lizard Tail"],"picked":"Pandora\u0027s Box"}],"items_purged_floors":[3,20,22],"is_endless":false,"potions_floor_spawned":[10,12,14,16,18,19,24],"killed_by":"Book of Stabbing","ascension_level":10}