{"path_per_floor":["M","M","$","M","M","R","E","R","T","?","M","M","E","M","R","B",null,"M","?","$","M","M","R","E","M","T","R","E","R","?","M","R","B",null,"M","M","?","$","?","E","R","?","T","M","R","M","M","?","R"],"character_chosen":"IRONCLAD","items_purchased":["True Grit","Mind Blast+1","Body Slam+1","Ginger"],"gold_per_floor":[119,132,34,48,67,67,100,100,100,100,112,130,160,177,177,278,278,289,204,65,81,91,91,121,131,131,131,156,156,156,166,166,270,270,283,297,297,10,10,36,36,36,62,80,80,98,112,112,112,112],"floor_reached":50,"campfire_rested":2,"playtime":4211,"item_purchase_floors":[3,20,20,38],"current_hp_per_floor":[80,80,80,80,80,80,77,77,77,77,77,73,75,75,75,79,80,63,63,63,51,58,58,51,50,50,50,28,28,28,48,72,25,80,67,73,73,73,73,44,44,60,60,63,63,59,54,54,78,0],"items_purged":["Strike_R"],"gold":112,"score":685,"play_id":"bd99fa27-f1cb-4882-9f53-bce06612457a","local_time":"20180622095150","is_prod":false,"is_daily":false,"chose_seed":false,"is_ascension_mode":true,"campfire_upgraded":8,"win_rate":0,"timestamp":1529679110,"campfire_choices":[{"data":"Uppercut","floor":6,"key":"SMITH"},{"data":"Infernal Blade","floor":8,"key":"SMITH"},{"data":"Combust","floor":15,"key":"SMITH"},{"data":"Limit Break","floor":23,"key":"SMITH"},{"data":"Rupture","floor":27,"key":"SMITH"},{"data":"Rupture","floor":29,"key":"SMITH"},{"floor":32,"key":"REST"},{"data":"Brutality","floor":41,"key":"SMITH"},{"data":"Impervious","floor":45,"key":"SMITH"},{"floor":49,"key":"REST"}],"path_taken":["M","M","$","M","?","R","E","R","T","?","M","M","E","M","R","BOSS","M","?","$","M","M","R","E","M","T","R","E","R","?","M","R","BOSS","M","M","?","$","?","E","R","?","T","M","R","M","M","?","R","BOSS"],"build_version":"2018-06-21","seed_source_timestamp":501248350880069,"purchased_purges":1,"circlet_count":0,"victory":false,"master_deck":["Strike_R","Strike_R","Strike_R","Defend_R","Defend_R","Defend_R","Defend_R","Bash","Uppercut+1","Clash","True Grit","Shrug It Off","Shrug It Off","Infernal Blade+1","Thunderclap","Combust+1","Reckless Charge","Disarm","Inflame","Limit Break+1","Rupture+1","Mind Blast+1","Body Slam+1","Anger+1","Thunderclap+1","Impervious+1","Rupture+1","Heavy Blade+1","Flex","Brutality+1","Rage+1","Pommel Strike+1","Flex","Armaments+1","Entrench+1","Rampage+1","Heavy Blade+1"],"max_hp_per_floor":[80,80,80,80,80,80,80,80,80,80,80,80,80,80,80,80,80,80,80,80,80,80,80,80,80,80,80,80,80,80,80,80,80,80,80,80,80,80,80,80,80,80,80,80,80,80,80,80,80,80],"relics":["Black Blood","Art of War","Potion Belt","Meat on the Bone","Molten Egg 2","Juzu Bracelet","Self Forming Clay","Toolbox","Sozu","Ginger","Bronze Scales","Shovel","Orichalcum"],"card_choices":[{"not_picked":["Pommel Strike","Clothesline"],"picked":"Uppercut","floor":1},{"not_picked":["Havoc","Heavy Blade"],"picked":"Clash","floor":2},{"not_picked":["Bludgeon","True Grit"],"picked":"Shrug It Off","floor":4},{"not_picked":["Pommel Strike","Body Slam"],"picked":"Shrug It Off","floor":5},{"not_picked":["Clothesline","Dark Embrace"],"picked":"Infernal Blade","floor":7},{"not_picked":["Twin Strike","Headbutt"],"picked":"Combust","floor":11},{"not_picked":["Perfected Strike","Havoc"],"picked":"Reckless Charge","floor":12},{"not_picked":["Warcry","Iron Wave"],"picked":"Disarm","floor":13},{"not_picked":["Fiend Fire","Headbutt"],"picked":"Inflame","floor":14},{"not_picked":["Bludgeon","Reaper"],"picked":"Limit Break","floor":16},{"not_picked":["True Grit","Twin Strike"],"picked":"Rupture","floor":18},{"not_picked":["Pummel+1","Wild Strike+1"],"picked":"Anger+1","floor":21},{"not_picked":["Armaments","Metallicize"],"picked":"Thunderclap+1","floor":22},{"not_picked":["Warcry","Twin Strike+1"],"picked":"Impervious","floor":24},{"not_picked":["Pommel Strike+1","Perfected Strike+1"],"picked":"Rupture","floor":25},{"not_picked":["Armaments","Thunderclap+1"],"picked":"Heavy Blade+1","floor":28},{"not_picked":["Sever Soul+1","Searing Blow+1"],"picked":"Flex","floor":31},{"not_picked":["Double Tap","Dark Embrace"],"picked":"Brutality","floor":33},{"not_picked":["Sword Boomerang+1","Metallicize"],"picked":"Rage+1","floor":35},{"not_picked":["Wild Strike+1","Sentinel+1"],"picked":"Pommel Strike+1","floor":36},{"not_picked":["Entrench","Flame Barrier+1"],"picked":"Flex","floor":40},{"not_picked":["Berserk","Sword Boomerang+1"],"picked":"Armaments+1","floor":42},{"not_picked":["Warcry","Rupture"],"picked":"Entrench+1","floor":44},{"not_picked":["Ghostly Armor","Warcry+1"],"picked":"Rampage+1","floor":46},{"not_picked":["Intimidate+1","Reckless Charge+1"],"picked":"Heavy Blade+1","floor":47}],"player_experience":133364,"potions_floor_usage":[7,7,13,16,24,31],"damage_taken":[{"damage":6,"enemies":"Cultist","floor":1,"turns":4},{"damage":6,"enemies":"Small Slimes","floor":2,"turns":4},{"damage":4,"enemies":"Jaw Worm","floor":4,"turns":4},{"damage":1,"enemies":"3 Louse","floor":5,"turns":4},{"damage":9,"enemies":"Lagavulin","floor":7,"turns":5},{"damage":6,"enemies":"Exordium Thugs","floor":11,"turns":4},{"damage":10,"enemies":"Large Slime","floor":12,"turns":5},{"damage":4,"enemies":"3 Sentries","floor":13,"turns":5},{"damage":6,"enemies":"2 Fungi Beasts","floor":14,"turns":3},{"damage":2,"enemies":"Slime Boss","floor":16,"turns":4},{"damage":27,"enemies":"3 Byrds","floor":18,"turns":4},{"damage":22,"enemies":"Chosen","floor":21,"turns":5},{"damage":15,"enemies":"Centurion and Healer","floor":22,"turns":5},{"damage":29,"enemies":"Book of Stabbing","floor":24,"turns":5},{"damage":23,"enemies":"3 Cultists","floor":25,"turns":5},{"damage":44,"enemies":"Slavers","floor":28,"turns":5},{"damage":2,"enemies":"Chosen and Byrds","floor":31,"turns":4},{"damage":69,"enemies":"Automaton","floor":33,"turns":8},{"damage":23,"enemies":"3 Shapes","floor":35,"turns":6},{"damage":4,"enemies":"Orb Walker","floor":36,"turns":3},{"damage":51,"enemies":"Nemesis","floor":40,"turns":5},{"damage":6,"floor":42,"turns":5},{"damage":7,"enemies":"4 Shapes","floor":44,"turns":3},{"damage":14,"enemies":"Sphere and 2 Shapes","floor":46,"turns":5},{"damage":27,"enemies":"Maw","floor":47,"turns":5},{"damage":97,"enemies":"Donu and Deca","floor":50,"turns":8}],"relics_obtained":[{"floor":7,"key":"Art of War"},{"floor":9,"key":"Potion Belt"},{"floor":13,"key":"Meat on the Bone"},{"floor":24,"key":"Juzu Bracelet"},{"floor":26,"key":"Self Forming Clay"},{"floor":28,"key":"Toolbox"},{"floor":40,"key":"Bronze Scales"},{"floor":42,"key":"Shovel"},{"floor":43,"key":"Orichalcum"}],"event_choices":[{"event_name":"Match and Keep!","player_choice":"1 cards matched","floor":10,"damage_taken":0},{"event_name":"Addict","player_choice":"Obtained Relic","floor":19,"damage_taken":0},{"event_name":"Ghosts","player_choice":"Ignored","floor":30,"damage_taken":0},{"event_name":"Tomb of Lord Red Mask","player_choice":"Ignored","floor":37,"damage_taken":0},{"event_name":"Falling","player_choice":"Removed Attack","floor":39,"damage_taken":0},{"event_name":"MindBloom","player_choice":"Fight","floor":42,"damage_taken":0},{"event_name":"The Woman in Blue","player_choice":"Bought 0 Potions","floor":48,"damage_taken":0}],"boss_relics":[{"not_picked":["Runic Cube","Ectoplasm"],"picked":"Black Blood"},{"not_picked":["Tiny House","Lizard Tail"],"picked":"Sozu"}],"items_purged_floors":[3],"is_endless":false,"potions_floor_spawned":[5,12,14,18,25,28,33,40,46],"seed_played":"3309644481196858682","killed_by":"Donu and Deca","ascension_level":3,"potions_obtained":[{"floor":5,"key":"Dexterity Potion"},{"floor":12,"key":"Block Potion"},{"floor":14,"key":"AttackPotion"},{"floor":18,"key":"FearPotion"},{"floor":25,"key":"SmokeBomb"},{"floor":28,"key":"Explosive Potion"},{"floor":33,"key":"SmokeBomb"}],"is_trial":false}