{"gold_per_floor":[359,85,85,108,85,97,144,156,191,230,259,285,297,309,321,333],"floor_reached":16,"playtime":557,"items_purged":["Strike_B"],"score":216,"play_id":"f9aa38fc-3681-4bbb-8887-ea7c2167fb64","local_time":"20190422235650","is_ascension_mode":true,"campfire_choices":[{"floor":6,"key":"REST"},{"floor":8,"key":"REST"},{"floor":15,"key":"REST"}],"neow_cost":"PERCENT_DAMAGE","seed_source_timestamp":315624411464231,"circlet_count":0,"master_deck":["AscendersBane","Strike_B","Strike_B","Strike_B","Defend_B","Defend_B","Defend_B","Defend_B","Zap","Dualcast","Genetic Algorithm","Conserve Battery","Melter","Cold Snap","Barrage","Sweeping Beam","Doom and Gloom"],"relics":["Cracked Core","MawBank","Blood Vial","Potion Belt","Ginger"],"potions_floor_usage":[4,7,10],"damage_taken":[{"damage":7,"enemies":"Jaw Worm","floor":1,"turns":3},{"damage":0,"enemies":"Small Slimes","floor":4,"turns":2},{"damage":40,"enemies":"Gremlin Nob","floor":7,"turns":4},{"damage":14,"enemies":"Lagavulin","floor":10,"turns":7},{"damage":3,"enemies":"2 Louse","floor":11,"turns":3},{"damage":11,"enemies":"Gremlin Gang","floor":12,"turns":5},{"damage":43,"enemies":"Slime Boss","floor":16,"turns":5}],"seed_played":"2446422734887444695","potions_obtained":[{"floor":1,"key":"Explosive Potion"},{"floor":7,"key":"Poison Potion"}],"is_trial":false,"path_per_floor":["M","$","?","M","?","R","E","R","T","E","M","M","?","?","R","B"],"character_chosen":"DEFECT","items_purchased":["Conserve Battery","Fire Potion","Melter"],"campfire_rested":3,"item_purchase_floors":[2,2,2],"current_hp_per_floor":[39,39,13,13,30,51,11,32,32,20,19,10,10,10,31,0],"gold":333,"neow_bonus":"TWO_FIFTY_GOLD","is_prod":false,"is_daily":false,"chose_seed":false,"campfire_upgraded":0,"win_rate":0,"timestamp":1555945010,"path_taken":["M","$","?","M","?","R","E","R","T","E","M","M","?","?","R","BOSS"],"build_version":"2019-01-23","purchased_purges":1,"victory":false,"max_hp_per_floor":[71,71,71,71,71,71,71,71,71,71,71,71,71,71,71,71],"card_choices":[{"not_picked":["Consume","Beam Cell"],"picked":"Genetic Algorithm","floor":1},{"not_picked":["Consume","Stack"],"picked":"Cold Snap","floor":4},{"not_picked":["Blizzard","All For One","Stack"],"picked":"SKIP","floor":7},{"not_picked":["Leap","Meteor Strike"],"picked":"Barrage","floor":10},{"not_picked":["Stack","Steam Power"],"picked":"Sweeping Beam","floor":11},{"not_picked":["Sweeping Beam","Coolheaded"],"picked":"Doom and Gloom","floor":12}],"player_experience":1054521,"relics_obtained":[{"floor":7,"key":"Blood Vial"},{"floor":9,"key":"Potion Belt"},{"floor":10,"key":"Ginger"}],"event_choices":[{"damage_healed":0,"gold_gain":0,"player_choice":"Success","damage_taken":26,"relics_obtained":["MawBank"],"max_hp_gain":0,"max_hp_loss":0,"event_name":"Scrap Ooze","floor":3,"gold_loss":0},{"damage_healed":17,"gold_gain":0,"player_choice":"Healed","damage_taken":0,"max_hp_gain":0,"max_hp_loss":0,"event_name":"The Cleric","floor":5,"gold_loss":35},{"damage_healed":0,"gold_gain":0,"player_choice":"Ignored","damage_taken":0,"max_hp_gain":0,"max_hp_loss":0,"event_name":"Golden Idol","floor":13,"gold_loss":0},{"damage_healed":0,"gold_gain":0,"player_choice":"Ignored","damage_taken":0,"max_hp_gain":0,"max_hp_loss":0,"event_name":"Liars Game","floor":14,"gold_loss":0}],"is_beta":false,"boss_relics":[],"items_purged_floors":[2],"is_endless":false,"potions_floor_spawned":[1,7],"killed_by":"Slime Boss","ascension_level":20}