{"gold_per_floor":[116,133,58,58,58,58,87,106,106,125,139,139,150,179,179,256,256,268,11,31,41,41,73,89,89,143,143,143,174,185,199,199,273,273,283,293,293,108,122,152,152,152],"floor_reached":42,"playtime":2064,"items_purged":["Strike_R"],"score":1010,"play_id":"e6aa9059-c938-4d22-88fa-9dc2d56481df","local_time":"20190418225650","is_ascension_mode":true,"campfire_choices":[{"floor":6,"key":"REST"},{"data":"Bash","floor":12,"key":"SMITH"},{"data":"Shrug It Off","floor":15,"key":"SMITH"},{"data":"Shockwave","floor":25,"key":"SMITH"},{"data":"Defend_R","floor":28,"key":"SMITH"},{"data":"Defend_R","floor":32,"key":"SMITH"},{"floor":41,"key":"REST"}],"neow_cost":"NONE","seed_source_timestamp":1778354938178795,"circlet_count":0,"master_deck":["AscendersBane","Strike_R","Strike_R","Defend_R+1","Defend_R+1","Defend_R","Defend_R+1","Bash+1","Whirlwind+1","Double Tap+1","Battle Trance+1","Shrug It Off+1","Thunderclap+1","Bludgeon+1","Immolate+1","Shockwave+1","True Grit+1","Bloodletting+1","Iron Wave+1","Exhume","Flame Barrier","Headbutt+1"],"relics":["Burning Blood","Sundial","Pantograph","Molten Egg 2","War Paint","Velvet Choker","Self Forming Clay","Tiny Chest","Mummified Hand","Sozu","Anchor"],"potions_floor_usage":[7,13,14,16,20,23,31],"damage_taken":[{"damage":4,"enemies":"Jaw Worm","floor":1,"turns":4},{"damage":10,"enemies":"2 Louse","floor":2,"turns":3},{"damage":32,"enemies":"Lagavulin","floor":7,"turns":6},{"damage":3,"enemies":"Small Slimes","floor":8,"turns":3},{"damage":0,"enemies":"Exordium Wildlife","floor":10,"turns":1},{"damage":9,"enemies":"Exordium Thugs","floor":11,"turns":5},{"damage":0,"enemies":"Looter","floor":13,"turns":1},{"damage":0,"enemies":"3 Sentries","floor":14,"turns":2},{"damage":34,"enemies":"Slime Boss","floor":16,"turns":7},{"damage":0,"enemies":"3 Byrds","floor":18,"turns":2},{"damage":4,"enemies":"Shell Parasite","floor":20,"turns":3},{"damage":0,"enemies":"Chosen and Byrds","floor":21,"turns":3},{"damage":4,"enemies":"Slavers","floor":23,"turns":2},{"damage":0,"enemies":"Snake Plant","floor":24,"turns":1},{"damage":24,"enemies":"Book of Stabbing","floor":29,"turns":5},{"damage":0,"enemies":"3 Cultists","floor":30,"turns":3},{"damage":13,"enemies":"Cultist and Chosen","floor":31,"turns":4},{"damage":54,"enemies":"Collector","floor":33,"turns":6},{"damage":15,"enemies":"3 Darklings","floor":35,"turns":2},{"damage":6,"enemies":"Orb Walker","floor":36,"turns":4},{"damage":2,"enemies":"3 Darklings","floor":39,"turns":2},{"damage":17,"enemies":"Reptomancer","floor":40,"turns":4},{"damage":87,"enemies":"Giant Head","floor":42,"turns":8}],"seed_played":"8939470942346039591","potions_obtained":[{"floor":0,"key":"Fire Potion"},{"floor":0,"key":"Regen Potion"},{"floor":7,"key":"SpeedPotion"},{"floor":10,"key":"PowerPotion"},{"floor":11,"key":"Energy Potion"},{"floor":13,"key":"Explosive Potion"},{"floor":20,"key":"Energy Potion"},{"floor":23,"key":"Regen Potion"},{"floor":30,"key":"BloodPotion"}],"is_trial":false,"path_per_floor":["M","M","?","?","?","R","E","M","T","M","M","R","M","E","R","B",null,"M","$","M","M","?","E","M","R","T","?","R","E","M","M","R","B",null,"M","M","?","$","M","E","R","E"],"character_chosen":"IRONCLAD","items_purchased":["Immolate+1","Shockwave","SkillPotion","Flame Barrier","Headbutt+1"],"campfire_rested":2,"item_purchase_floors":[19,19,19,38,38],"current_hp_per_floor":[70,66,66,43,32,54,28,31,31,37,34,34,40,46,46,43,67,73,73,75,75,75,75,75,75,75,75,75,57,63,63,63,27,63,54,54,54,54,58,47,69,0],"gold":152,"neow_bonus":"THREE_SMALL_POTIONS","is_prod":false,"is_daily":false,"chose_seed":false,"campfire_upgraded":5,"win_rate":0,"timestamp":1555595810,"path_taken":["M","M","?","?","?","R","E","M","T","?","M","R","M","E","R","BOSS","M","$","M","M","?","E","M","R","T","?","R","E","M","M","R","BOSS","M","M","?","$","?","E","R","E"],"build_version":"2019-01-23","purchased_purges":1,"victory":false,"max_hp_per_floor":[75,75,75,75,75,75,75,75,75,75,75,75,75,75,75,75,75,75,75,75,75,75,75,75,75,75,75,75,75,75,75,75,75,75,75,75,75,75,75,75,75,75],"card_choices":[{"not_picked":["Flex","Burning Pact","Entrench"],"picked":"SKIP","floor":1},{"not_picked":["True Grit","Pommel Strike"],"picked":"Whirlwind","floor":2},{"not_picked":["Power Through","Flex"],"picked":"Double Tap","floor":7},{"not_picked":["Clothesline","Combust"],"picked":"Battle Trance","floor":8},{"not_picked":["Searing Blow+1","Wild Strike+1","Corruption"],"picked":"SKIP","floor":10},{"not_picked":["Hemokinesis+1","Cleave+1"],"picked":"Shrug It Off","floor":11},{"not_picked":["True Grit","Evolve"],"picked":"Thunderclap+1","floor":13},{"not_picked":["Havoc","Perfected Strike+1"],"picked":"Bludgeon+1","floor":14},{"not_picked":["True Grit","Body Slam+1","Anger+1"],"picked":"SKIP","floor":18},{"not_picked":["Dual Wield","Havoc","Body Slam+1"],"picked":"SKIP","floor":20},{"not_picked":["Hemokinesis+1","Ghostly Armor"],"picked":"True Grit+1","floor":21},{"not_picked":["Heavy Blade+1","Wild Strike+1","Infernal Blade"],"picked":"SKIP","floor":23},{"not_picked":["True Grit","Sentinel","Sever Soul+1"],"picked":"SKIP","floor":24},{"not_picked":["Clash+1","Twin Strike+1"],"picked":"Bloodletting+1","floor":29},{"not_picked":["Clothesline+1","Sword Boomerang+1"],"picked":"Iron Wave+1","floor":30},{"not_picked":["Sever Soul+1","Clothesline+1","Heavy Blade+1"],"picked":"SKIP","floor":31},{"not_picked":["Brutality","Berserk"],"picked":"Exhume","floor":33},{"not_picked":["True Grit","Clothesline+1","Pommel Strike+1"],"picked":"SKIP","floor":35},{"not_picked":["Iron Wave+1","Blood for Blood+1","Fire Breathing"],"picked":"SKIP","floor":36},{"not_picked":["Power Through","True Grit","Sword Boomerang+1"],"picked":"SKIP","floor":39},{"not_picked":["Pommel Strike+1","Limit Break","Reckless Charge+1"],"picked":"SKIP","floor":40}],"player_experience":973724,"relics_obtained":[{"floor":7,"key":"Pantograph"},{"floor":9,"key":"Molten Egg 2"},{"floor":14,"key":"War Paint"},{"floor":23,"key":"Self Forming Clay"},{"floor":26,"key":"Tiny Chest"},{"floor":29,"key":"Mummified Hand"},{"floor":40,"key":"Anchor"}],"event_choices":[{"cards_removed":["Strike_R"],"damage_healed":0,"gold_gain":0,"player_choice":"Card Removal","damage_taken":0,"max_hp_gain":0,"max_hp_loss":0,"event_name":"The Cleric","floor":3,"gold_loss":75},{"damage_healed":0,"gold_gain":0,"player_choice":"Entered Light","damage_taken":23,"max_hp_gain":0,"max_hp_loss":0,"event_name":"Shining Light","floor":4,"gold_loss":0,"cards_upgraded":["Defend_R","Whirlwind"]},{"damage_healed":0,"gold_gain":0,"player_choice":"Success","damage_taken":11,"relics_obtained":["Sundial"],"max_hp_gain":0,"max_hp_loss":0,"event_name":"Scrap Ooze","floor":5,"gold_loss":0},{"damage_healed":0,"gold_gain":0,"player_choice":"Ignored","damage_taken":0,"max_hp_gain":0,"max_hp_loss":0,"event_name":"The Mausoleum","floor":22,"gold_loss":0},{"damage_healed":0,"gold_gain":0,"player_choice":"Ignored","damage_taken":0,"max_hp_gain":0,"max_hp_loss":0,"event_name":"Vampires","floor":27,"gold_loss":0},{"cards_removed":["Strike_R"],"damage_healed":0,"gold_gain":0,"player_choice":"Offered Basic","damage_taken":0,"max_hp_gain":0,"max_hp_loss":0,"event_name":"Bonfire Elementals","floor":37,"gold_loss":0}],"is_beta":false,"boss_relics":[{"not_picked":["Calling Bell","Black Star"],"picked":"Velvet Choker"},{"not_picked":["White Beast Statue","Orrery"],"picked":"Sozu"}],"items_purged_floors":[38],"is_endless":false,"potions_floor_spawned":[7,10,11,13,20,23,30,39,40],"killed_by":"Giant Head","ascension_level":20}