{"gold_per_floor":[113,131,147,158,169,169,203,128,128,128,128,139,159,159,159,233,233,251,251,269,269,280,280,312,312,338,6,23,43,43,43,43,43],"floor_reached":33,"playtime":1584,"items_purged":["Strike_G"],"score":538,"play_id":"e2816aea-0ddb-46e0-8789-ddcb8705baae","local_time":"20190510122937","is_ascension_mode":true,"campfire_choices":[{"data":"Deadly Poison","floor":6,"key":"SMITH"},{"floor":11,"key":"REST"},{"data":"Poisoned Stab","floor":15,"key":"SMITH"},{"data":"Bouncing Flask","floor":23,"key":"SMITH"},{"data":"Backflip","floor":25,"key":"SMITH"},{"floor":32,"key":"REST"}],"neow_cost":"NONE","seed_source_timestamp":353437522830600,"circlet_count":0,"master_deck":["AscendersBane","Defend_G","Defend_G","Defend_G","Defend_G+1","Defend_G","Strike_G","Strike_G","Survivor","Neutralize+1","Dagger Spray+1","Poisoned Stab+1","Cloak And Dagger","Deadly Poison+1","Dagger Throw","Malaise+1","Calculated Gamble","Adrenaline","Backflip+1","Bouncing Flask+1","Apotheosis","Bullet Time"],"relics":["Ring of the Snake","Peace Pipe","StoneCalendar","Eternal Feather","Singing Bowl","Potion Belt","Bottled Lightning"],"potions_floor_usage":[12,24,24,30,30],"damage_taken":[{"damage":3,"enemies":"Cultist","floor":1,"turns":5},{"damage":0,"enemies":"Jaw Worm","floor":2,"turns":5},{"damage":0,"enemies":"Small Slimes","floor":3,"turns":4},{"damage":0,"enemies":"Blue Slaver","floor":4,"turns":5},{"damage":2,"enemies":"3 Louse","floor":5,"turns":3},{"damage":26,"enemies":"Lagavulin","floor":7,"turns":6},{"damage":0,"enemies":"Gremlin Gang","floor":12,"turns":7},{"damage":0,"enemies":"Exordium Wildlife","floor":13,"turns":4},{"damage":6,"enemies":"Hexaghost","floor":16,"turns":7},{"damage":1,"enemies":"Shell Parasite","floor":18,"turns":7},{"damage":9,"enemies":"Chosen","floor":20,"turns":7},{"damage":22,"enemies":"Shelled Parasite and Fungi","floor":22,"turns":9},{"damage":8,"enemies":"Gremlin Leader","floor":24,"turns":6},{"damage":7,"enemies":"Centurion and Healer","floor":28,"turns":7},{"damage":15,"enemies":"Snecko","floor":29,"turns":6},{"damage":6,"enemies":"Colosseum Slavers","floor":30,"turns":5},{"damage":73,"enemies":"Automaton","floor":33,"turns":10}],"seed_played":"1728790006780558713","potions_obtained":[{"floor":2,"key":"LiquidBronze"},{"floor":3,"key":"Energy Potion"},{"floor":13,"key":"FairyPotion"},{"floor":18,"key":"LiquidBronze"},{"floor":24,"key":"Fire Potion"}],"is_trial":false,"path_per_floor":["M","M","M","M","M","R","E","?","T","?","R","M","M","?","R","B",null,"M","?","M","?","M","R","E","R","T","$","M","M","?","T","R","B"],"character_chosen":"THE_SILENT","items_purchased":["Apotheosis","Regen Potion"],"campfire_rested":2,"item_purchase_floors":[27,27],"current_hp_per_floor":[56,56,56,56,54,54,28,28,28,8,27,27,27,27,27,21,55,54,54,45,45,23,35,29,41,41,41,36,21,29,29,62,0],"gold":43,"neow_bonus":"UPGRADE_CARD","is_prod":false,"is_daily":false,"chose_seed":false,"campfire_upgraded":4,"win_rate":0,"timestamp":1557458977,"path_taken":["M","M","?","M","M","R","E","?","T","?","R","M","M","?","R","BOSS","M","?","M","?","M","R","E","R","T","$","?","M","?","?","R","BOSS"],"build_version":"2019-01-23","purchased_purges":1,"victory":false,"max_hp_per_floor":[66,66,66,66,66,66,66,66,66,66,66,66,66,66,66,66,66,66,66,66,66,66,66,68,68,68,68,70,70,70,70,70,70],"card_choices":[{"not_picked":["Backflip","PiercingWail"],"picked":"Dagger Spray","floor":1},{"not_picked":["Slice","Backstab"],"picked":"Poisoned Stab","floor":2},{"not_picked":["Heel Hook","Unload"],"picked":"Cloak And Dagger","floor":3},{"not_picked":["Quick Slash","Catalyst"],"picked":"Deadly Poison","floor":4},{"not_picked":["Bane","Terror"],"picked":"Dagger Throw","floor":5},{"not_picked":["Backflip","Sucker Punch"],"picked":"Malaise","floor":7},{"not_picked":["Acrobatics","Dagger Throw","Poisoned Stab"],"picked":"SKIP","floor":12},{"not_picked":["Prepared","Slice"],"picked":"Calculated Gamble","floor":13},{"not_picked":["Glass Knife","Grand Finale"],"picked":"Adrenaline","floor":16},{"not_picked":["Quick Slash","Calculated Gamble","Finisher"],"picked":"SKIP","floor":18},{"not_picked":["Prepared","Poisoned Stab"],"picked":"Backflip","floor":20},{"not_picked":["Dodge and Roll","Dagger Spray"],"picked":"Bouncing Flask","floor":22},{"not_picked":["Slice","Bane","Flying Knee"],"picked":"Singing Bowl","floor":24},{"not_picked":["Bane","Dagger Spray","Expertise"],"picked":"Singing Bowl","floor":28},{"not_picked":["Outmaneuver","Finisher"],"picked":"Bullet Time","floor":29}],"player_experience":1317670,"relics_obtained":[{"floor":7,"key":"Peace Pipe"},{"floor":9,"key":"StoneCalendar"},{"floor":24,"key":"Singing Bowl"},{"floor":26,"key":"Potion Belt"},{"floor":31,"key":"Bottled Lightning"}],"event_choices":[{"cards_removed":["Strike_G"],"damage_healed":0,"gold_gain":0,"player_choice":"Card Removal","damage_taken":0,"max_hp_gain":0,"max_hp_loss":0,"event_name":"The Cleric","floor":8,"gold_loss":75},{"damage_healed":0,"gold_gain":0,"player_choice":"Entered Light","damage_taken":20,"max_hp_gain":0,"max_hp_loss":0,"event_name":"Shining Light","floor":10,"gold_loss":0,"cards_upgraded":["Defend_G","Dagger Spray"]},{"damage_healed":0,"gold_gain":0,"player_choice":"Grow","damage_taken":0,"max_hp_gain":0,"max_hp_loss":0,"event_name":"Living Wall","floor":14,"gold_loss":0,"cards_upgraded":["Malaise"]},{"damage_healed":0,"gold_gain":0,"player_choice":"Ignored","damage_taken":0,"max_hp_gain":0,"max_hp_loss":0,"event_name":"The Mausoleum","floor":19,"gold_loss":0},{"cards_removed":["Strike_G"],"damage_healed":0,"gold_gain":0,"player_choice":"Purged","damage_taken":0,"max_hp_gain":0,"max_hp_loss":0,"event_name":"Purifier","floor":21,"gold_loss":0},{"damage_healed":0,"gold_gain":0,"player_choice":"Fight","damage_taken":0,"max_hp_gain":0,"max_hp_loss":0,"event_name":"Colosseum","floor":30,"gold_loss":0},{"damage_healed":0,"gold_gain":0,"player_choice":"Fled From Nobs","damage_taken":0,"max_hp_gain":0,"max_hp_loss":0,"event_name":"Colosseum","floor":30,"gold_loss":0}],"is_beta":false,"boss_relics":[{"not_picked":["Coffee Dripper","Ring of the Serpent"],"picked":"Eternal Feather"}],"items_purged_floors":[27],"is_endless":false,"potions_floor_spawned":[2,3,4,13,18,24,30],"killed_by":"Automaton","ascension_level":20}