{"path_per_floor":["M","?","M","M","M","M","R","M","T","R","?","R","M","$","R","B",null,"M","?","M","M","M","R","M","R","T","M","$","R","E","?","R","B",null,"M","$","?","M","?","M","R","M","T","R","$","?","E","$","R","B"],"character_chosen":"IRONCLAD","items_purchased":["Thread and Needle","Shockwave","SpeedPotion","SpeedPotion"],"gold_per_floor":[117,117,129,143,155,170,170,190,190,190,365,365,384,19,19,122,122,140,140,157,175,192,192,212,212,237,251,24,24,51,51,51,149,149,159,34,34,53,0,16,16,33,57,57,9,9,41,41,41,41],"floor_reached":51,"campfire_rested":1,"playtime":3328,"item_purchase_floors":[14,28,28,45],"current_hp_per_floor":[67,60,65,66,68,54,54,48,48,48,48,48,47,47,47,35,72,72,56,63,48,45,45,49,49,49,72,72,72,72,72,72,55,72,72,72,72,72,72,69,69,72,72,72,72,63,49,49,70,11],"items_purged":["Doubt","Injury","Strike_R"],"gold":41,"score":689,"play_id":"ece7f305-0f9f-4317-8184-de233ba01a72","local_time":"20180529232831","is_prod":false,"is_daily":false,"chose_seed":false,"is_ascension_mode":false,"campfire_upgraded":10,"win_rate":0,"timestamp":1527654511,"campfire_choices":[{"data":"Combust","floor":7,"key":"SMITH"},{"data":"Flame Barrier","floor":10,"key":"SMITH"},{"data":"Spot Weakness","floor":12,"key":"SMITH"},{"data":"True Grit","floor":15,"key":"SMITH"},{"data":"Reaper","floor":23,"key":"SMITH"},{"data":"Inflame","floor":25,"key":"SMITH"},{"data":"Shockwave","floor":29,"key":"SMITH"},{"data":"Demon Form","floor":32,"key":"SMITH"},{"data":"Immolate","floor":41,"key":"SMITH"},{"data":"Flex","floor":44,"key":"SMITH"},{"floor":49,"key":"REST"}],"path_taken":["M","?","M","M","M","M","R","M","T","R","?","R","M","$","R","BOSS","M","?","M","M","M","R","M","R","T","M","$","R","E","?","R","BOSS","M","$","?","M","?","M","R","M","T","R","$","?","E","?","R","BOSS"],"build_version":"2018-05-24","seed_source_timestamp":601626202124920,"purchased_purges":3,"victory":true,"master_deck":["Strike_R","Strike_R","Strike_R","Defend_R","Defend_R","Defend_R","Bash","Demon Form+1","Inflame+1","Combust+1","True Grit+1","Spot Weakness+1","Flame Barrier+1","Cleave","Reaper+1","Flex+1","Wild Strike+1","Sentinel+1","Heavy Blade+1","Shockwave+1","Immolate+1","Warcry+1","Combust+1","Shrug It Off+1","Injury","Madness","Madness","Impervious"],"max_hp_per_floor":[72,72,72,72,72,72,72,72,72,72,72,72,72,72,72,72,72,72,72,72,72,72,72,72,72,72,72,72,72,72,72,72,72,72,72,72,72,72,72,72,72,72,72,72,72,72,72,72,72,72],"relics":["Burning Blood","Frozen Egg 2","Thread and Needle","Cursed Key","Enchiridion","Potion Belt","Blood Vial","Happy Flower","Velvet Choker","Red Mask","Juzu Bracelet","Paper Frog"],"card_choices":[{"not_picked":["Bludgeon","Juggernaut"],"picked":"Demon Form","floor":0},{"not_picked":["Shrug It Off","Thunderclap"],"picked":"Inflame","floor":1},{"not_picked":["Armaments","Intimidate"],"picked":"Combust","floor":3},{"not_picked":["Headbutt","Dual Wield"],"picked":"True Grit","floor":4},{"not_picked":["Fire Breathing","Disarm"],"picked":"Spot Weakness","floor":5},{"not_picked":["Anger","Pommel Strike","Clash"],"picked":"SKIP","floor":6},{"not_picked":["Pommel Strike","Flex"],"picked":"Flame Barrier","floor":8},{"not_picked":["Headbutt","Corruption+1"],"picked":"Cleave","floor":13},{"not_picked":["Feed","Juggernaut+1"],"picked":"Reaper","floor":16},{"not_picked":["Body Slam","Uppercut+1","Clash"],"picked":"SKIP","floor":18},{"not_picked":["Sentinel","Perfected Strike+1"],"picked":"Flex","floor":20},{"not_picked":["Clash","Sever Soul","Sword Boomerang"],"picked":"SKIP","floor":21},{"not_picked":["Wild Strike+1","Headbutt","Anger"],"picked":"SKIP","floor":22},{"not_picked":["Headbutt","Anger"],"picked":"Wild Strike+1","floor":22},{"not_picked":["Sword Boomerang","Ghostly Armor"],"picked":"Sentinel+1","floor":24},{"not_picked":["Berserk+1","True Grit"],"picked":"Heavy Blade+1","floor":27},{"not_picked":["Twin Strike+1","Entrench","Disarm+1"],"picked":"SKIP","floor":30},{"not_picked":["Fiend Fire","Juggernaut+1"],"picked":"Immolate","floor":33},{"not_picked":["Wild Strike","Perfected Strike+1"],"picked":"Warcry+1","floor":35},{"not_picked":["Blood for Blood+1","Dual Wield","Perfected Strike+1"],"picked":"SKIP","floor":38},{"not_picked":["Twin Strike+1","Perfected Strike+1"],"picked":"Combust+1","floor":40},{"not_picked":["Battle Trance","Anger"],"picked":"Shrug It Off+1","floor":42},{"not_picked":["Anger+1","Armaments+1"],"picked":"Impervious","floor":47}],"player_experience":64363,"potions_floor_usage":[5,16,16,22,24,27,30,30,30,50,50,50],"damage_taken":[{"damage":11,"enemies":"Jaw Worm","floor":1,"turns":3},{"damage":1,"enemies":"Cultist","floor":3,"turns":4},{"damage":5,"enemies":"2 Louse","floor":4,"turns":4},{"damage":4,"enemies":"Blue Slaver","floor":5,"turns":2},{"damage":20,"enemies":"3 Louse","floor":6,"turns":3},{"damage":12,"enemies":"Red Slaver","floor":8,"turns":4},{"damage":7,"enemies":"2 Fungi Beasts","floor":13,"turns":4},{"damage":18,"enemies":"Hexaghost","floor":16,"turns":8},{"damage":7,"enemies":"3 Byrds","floor":18,"turns":3},{"damage":3,"enemies":"Chosen","floor":20,"turns":6},{"damage":30,"enemies":"3 Cultists","floor":21,"turns":5},{"damage":21,"enemies":"Snake Plant","floor":22,"turns":3},{"damage":27,"enemies":"Chosen and Byrds","floor":24,"turns":3},{"damage":3,"enemies":"3 Cultists","floor":27,"turns":4},{"damage":10,"enemies":"Slavers","floor":30,"turns":3},{"damage":23,"enemies":"Champ","floor":33,"turns":7},{"damage":1,"enemies":"3 Darklings","floor":35,"turns":4},{"damage":1,"enemies":"3 Shapes","floor":38,"turns":2},{"damage":9,"enemies":"3 Darklings","floor":40,"turns":3},{"damage":8,"enemies":"Maw","floor":42,"turns":7},{"damage":35,"enemies":"Giant Head","floor":47,"turns":7},{"damage":117,"enemies":"Time Eater","floor":50,"turns":8}],"relics_obtained":[{"floor":9,"key":"Frozen Egg 2"},{"floor":19,"key":"Enchiridion"},{"floor":26,"key":"Potion Belt"},{"floor":30,"key":"Blood Vial"},{"floor":43,"key":"Juzu Bracelet"},{"floor":47,"key":"Paper Frog"}],"event_choices":[{"event_name":"Golden Wing","player_choice":"Card Removal","floor":2,"damage_taken":0},{"event_name":"Liars Game","player_choice":"agreed","floor":11,"damage_taken":0},{"event_name":"Cursed Tome","player_choice":"Obtained Book","floor":19,"damage_taken":0},{"event_name":"Wheel of Change","player_choice":"Relic","floor":31,"damage_taken":0},{"event_name":"Tomb of Lord Red Mask","player_choice":"Paid","floor":39,"damage_taken":0},{"event_name":"Winding Halls","player_choice":"Embrace Madness","floor":46,"damage_taken":0}],"boss_relics":[{"not_picked":["White Beast Statue","Mark of Pain"],"picked":"Cursed Key"},{"not_picked":["Orrery","Runic Pyramid"],"picked":"Velvet Choker"}],"items_purged_floors":[14,28,36],"potions_floor_spawned":[1,5,13,16,18,21,24,27,42,47],"seed_played":"221989569735593173","ascension_level":0,"potions_obtained":[{"floor":1,"key":"Fire Potion"},{"floor":5,"key":"LiquidBronze"},{"floor":13,"key":"SkillPotion"},{"floor":16,"key":"PowerPotion"},{"floor":18,"key":"Energy Potion"},{"floor":21,"key":"Dexterity Potion"},{"floor":24,"key":"SpeedPotion"},{"floor":27,"key":"Fire Potion"},{"floor":42,"key":"BloodPotion"},{"floor":47,"key":"FearPotion"}],"is_trial":false}