{"gold_per_floor":[114,134,209,228,116,134,167,177,257,273,283,283,294,194,194,194],"floor_reached":16,"playtime":737,"items_purged":["Strike_R","Strike_R"],"score":106,"play_id":"14957139-3a83-4091-a15f-043724cfba9f","local_time":"20180910230704","is_ascension_mode":false,"campfire_choices":[{"data":"Feed","floor":12.0,"key":"SMITH"},{"data":"Pommel Strike","floor":15.0,"key":"SMITH"}],"neow_cost":"TEN_PERCENT_HP_LOSS","seed_source_timestamp":736279899028,"circlet_count":0,"master_deck":["Strike_R","Defend_R","Defend_R","Defend_R","Defend_R","Bash","Pommel Strike+1","Dropkick","Body Slam","Entrench","Feed+1"],"special_seed":0,"relics":["Burning Blood","Bottled Flame","Frozen Egg 2"],"potions_floor_usage":[16,16],"damage_taken":[{"damage":6.0,"enemies":"Cultist","floor":1.0,"turns":3.0},{"damage":1.0,"enemies":"Jaw Worm","floor":2.0,"turns":3.0},{"damage":3.0,"enemies":"2 Louse","floor":4.0,"turns":3.0},{"damage":8.0,"enemies":"Exordium Wildlife","floor":6.0,"turns":4.0},{"damage":28.0,"enemies":"Gremlin Nob","floor":7.0,"turns":4.0},{"damage":11.0,"enemies":"3 Louse","floor":8.0,"turns":3.0},{"damage":5.0,"enemies":"2 Fungi Beasts","floor":10.0,"turns":4.0},{"damage":11.0,"enemies":"Blue Slaver","floor":11.0,"turns":4.0},{"damage":10.0,"enemies":"3 Louse","floor":13.0,"turns":4.0},{"damage":49,"enemies":"Hexaghost","floor":16,"turns":9}],"seed_played":"5318639145455823908","potions_obtained":[{"floor":2.0,"key":"Strength Potion"},{"floor":8.0,"key":"LiquidBronze"},{"floor":13.0,"key":"Regen Potion"}],"is_trial":false,"path_per_floor":["M","M","?","M","$","M","E","M","T","M","M","R","M","$","R"],"character_chosen":"IRONCLAD","items_purchased":["Dropkick"],"campfire_rested":0,"item_purchase_floors":[5],"current_hp_per_floor":[72,72,61,64,64,62,40,35,35,36,34,34,34,34,34,0],"gold":194,"neow_bonus":"REMOVE_TWO","is_prod":false,"is_daily":false,"chose_seed":false,"campfire_upgraded":2,"win_rate":0,"timestamp":1536592024,"path_taken":["M","M","?","M","$","M","E","M","T","M","M","R","M","$","R","BOSS"],"build_version":"2018-09-06","purchased_purges":2,"victory":false,"max_hp_per_floor":[72,72,72,72,72,72,72,72,72,72,75,75,79,79,79,79],"card_choices":[{"not_picked":["Whirlwind","Clash"],"picked":"Pommel Strike","floor":1.0},{"not_picked":["Sentinel","Sword Boomerang","Clash"],"picked":"SKIP","floor":2.0},{"not_picked":["Havoc","Fire Breathing","Shockwave"],"picked":"SKIP","floor":4.0},{"not_picked":["Perfected Strike","Flex"],"picked":"Body Slam","floor":6.0},{"not_picked":["Iron Wave","Infernal Blade","True Grit"],"picked":"SKIP","floor":7.0},{"not_picked":["Iron Wave","Infernal Blade","True Grit"],"picked":"SKIP","floor":7.0},{"not_picked":["Fire Breathing","Pummel"],"picked":"Entrench","floor":8.0},{"not_picked":["Body Slam","Hemokinesis"],"picked":"Feed","floor":10.0},{"not_picked":["Body Slam","Twin Strike","Bloodletting"],"picked":"SKIP","floor":11.0},{"not_picked":["Flex","True Grit","Cleave"],"picked":"SKIP","floor":13.0}],"player_experience":351346,"relics_obtained":[{"floor":7.0,"key":"Bottled Flame"},{"floor":9.0,"key":"Frozen Egg 2"}],"event_choices":[{"event_name":"World of Goop","player_choice":"Gather Gold","floor":3.0,"damage_taken":0.0}],"is_beta":false,"boss_relics":[],"items_purged_floors":[5,14],"is_endless":false,"potions_floor_spawned":[2,8,13],"killed_by":"Hexaghost","ascension_level":0}