{"gold_per_floor":[19,19,35,51,51,51,85,97,97,97],"floor_reached":10,"playtime":448,"items_purged":[],"score":75,"play_id":"ad929410-0c8d-439e-b62e-c0abc42aed34","local_time":"20190504040955","is_ascension_mode":true,"campfire_choices":[{"data":"Uppercut","floor":6,"key":"SMITH"}],"neow_cost":"NO_GOLD","seed_source_timestamp":37705476018400,"circlet_count":0,"master_deck":["Strike_R","Strike_R","Defend_R","Defend_R","Defend_R","Defend_R","Bash","Burning Pact","Dark Embrace","Uppercut+1","Uppercut","True Grit","Armaments","Inflame+1"],"relics":["Burning Blood","Frozen Egg 2","Singing Bowl"],"potions_floor_usage":[7],"damage_taken":[{"damage":24,"enemies":"Small Slimes","floor":1,"turns":4},{"damage":0,"enemies":"2 Louse","floor":3,"turns":2},{"damage":0,"enemies":"Cultist","floor":4,"turns":3},{"damage":47,"enemies":"3 Sentries","floor":7,"turns":12},{"damage":18,"enemies":"3 Louse","floor":8,"turns":5},{"damage":17,"enemies":"Exordium Thugs","floor":10,"turns":1}],"seed_played":"-7575197921681985164","potions_obtained":[{"floor":3,"key":"Block Potion"}],"is_trial":false,"path_per_floor":["M","?","M","M","?","R","E","M","T","M"],"character_chosen":"IRONCLAD","items_purchased":[],"campfire_rested":0,"item_purchase_floors":[],"current_hp_per_floor":[62,55,61,67,67,67,26,14,14,0],"gold":97,"neow_bonus":"TRANSFORM_TWO_CARDS","is_prod":false,"is_daily":false,"chose_seed":false,"campfire_upgraded":1,"win_rate":0,"timestamp":1556957395,"path_taken":["M","?","M","M","?","R","E","M","T","M"],"build_version":"2019-01-23","purchased_purges":0,"victory":false,"max_hp_per_floor":[80,80,80,80,80,80,80,80,80,80],"card_choices":[{"not_picked":["Perfected Strike","Anger"],"picked":"Uppercut","floor":1},{"not_picked":["Reckless Charge","Headbutt"],"picked":"Uppercut","floor":3},{"not_picked":["Twin Strike","Wild Strike"],"picked":"True Grit","floor":4},{"not_picked":["Sever Soul","Heavy Blade"],"picked":"Armaments","floor":7},{"not_picked":["Thunderclap","Uppercut"],"picked":"Inflame+1","floor":8}],"player_experience":78198,"relics_obtained":[{"floor":7,"key":"Frozen Egg 2"},{"floor":9,"key":"Singing Bowl"}],"event_choices":[{"cards_removed":["Strike_R"],"damage_healed":0,"gold_gain":0,"player_choice":"Card Removal","damage_taken":7,"max_hp_gain":0,"max_hp_loss":0,"event_name":"Golden Wing","floor":2,"gold_loss":0},{"damage_healed":0,"gold_gain":0,"player_choice":"0 cards matched","damage_taken":0,"max_hp_gain":0,"max_hp_loss":0,"event_name":"Match and Keep!","floor":5,"gold_loss":0,"cards_obtained":[]}],"is_beta":false,"boss_relics":[],"items_purged_floors":[],"is_endless":false,"potions_floor_spawned":[3],"killed_by":"Exordium Thugs","ascension_level":2}