{"gold_per_floor":[111,111,121,134,151,151,178,193,193,193,193,193,212,20,20,98,98,108,121,121,41,61,61,61,61,61,61,35,46,66,18,18,18],"floor_reached":33,"playtime":1135,"items_purged":[],"score":520,"play_id":"e57b6247-08ee-4a83-9e78-4a78e6488af3","local_time":"20190311003645","is_ascension_mode":true,"campfire_choices":[{"data":"Perfected Strike","floor":6,"key":"SMITH"},{"data":"Combust","floor":10,"key":"SMITH"},{"data":"Uppercut","floor":12,"key":"SMITH"},{"floor":15,"key":"REST"},{"floor":24,"key":"REST"},{"data":"Shockwave","floor":27,"key":"SMITH"},{"floor":32,"key":"REST"}],"neow_cost":"NONE","seed_source_timestamp":329773643074115,"circlet_count":0,"master_deck":["AscendersBane","Strike_R","Strike_R","Strike_R","Strike_R","Defend_R","Defend_R","Defend_R","Defend_R","Bash","Perfected Strike+1","Combust+1","Uppercut+1","Disarm","Shrug It Off","Whirlwind","Feed","Rupture","Shockwave+1","Intimidate+1","Shrug It Off","Flame Barrier"],"relics":["Burning Blood","Kunai","Sundial","Bottled Tornado","Blood Vial","White Beast Statue","Self Forming Clay"],"potions_floor_usage":[16,16,22,30,30,33,33],"damage_taken":[{"damage":4,"enemies":"2 Louse","floor":1,"turns":3},{"damage":1,"enemies":"Cultist","floor":3,"turns":3},{"damage":5,"enemies":"Small Slimes","floor":4,"turns":3},{"damage":18,"enemies":"Gremlin Gang","floor":5,"turns":5},{"damage":29,"enemies":"Gremlin Nob","floor":7,"turns":4},{"damage":8,"enemies":"Looter","floor":8,"turns":4},{"damage":10,"enemies":"Lots of Slimes","floor":13,"turns":2},{"damage":6,"enemies":"Slime Boss","floor":16,"turns":6},{"damage":26,"enemies":"2 Thieves","floor":18,"turns":4},{"damage":6,"enemies":"3 Byrds","floor":19,"turns":6},{"damage":21,"enemies":"Cultist and Chosen","floor":22,"turns":7},{"damage":26,"enemies":"Shelled Parasite and Fungi","floor":29,"turns":7},{"damage":26,"enemies":"Centurion and Healer","floor":30,"turns":7},{"damage":85,"enemies":"Automaton","floor":33,"turns":6}],"seed_played":"-2207670795471470683","potions_obtained":[{"floor":1,"key":"Swift Potion"},{"floor":7,"key":"EssenceOfSteel"},{"floor":8,"key":"Poison Potion"},{"floor":18,"key":"Ancient Potion"},{"floor":19,"key":"Block Potion"},{"floor":22,"key":"EssenceOfSteel"},{"floor":29,"key":"BloodPotion"},{"floor":30,"key":"Fire Potion"}],"is_trial":false,"path_per_floor":["M","?","M","M","M","R","E","M","T","R","?","R","M","$","R","B",null,"M","M","?","$","M","?","R","?","T","R","$","M","M","$","R","B"],"character_chosen":"IRONCLAD","items_purchased":["Blood Vial","Fire Potion","Shockwave","Shrug It Off","Explosive Potion"],"campfire_rested":3,"item_purchase_floors":[14,14,21,28,31],"current_hp_per_floor":[70,65,70,71,59,59,36,34,34,34,34,34,30,30,52,54,70,55,60,60,60,47,24,49,41,41,41,41,23,16,16,42,0],"gold":18,"neow_bonus":"THREE_CARDS","is_prod":false,"is_daily":false,"chose_seed":false,"campfire_upgraded":4,"win_rate":0,"timestamp":1552232205,"path_taken":["M","?","M","M","M","R","E","M","T","R","?","R","?","$","R","BOSS","M","M","?","?","M","?","R","?","T","R","$","M","?","$","R","BOSS"],"build_version":"2019-01-23","purchased_purges":0,"victory":false,"max_hp_per_floor":[75,75,75,75,75,75,75,75,75,75,75,75,75,75,75,75,75,78,81,81,81,81,86,86,86,86,86,86,86,89,89,89,89],"card_choices":[{"not_picked":["Second Wind","Warcry"],"picked":"Perfected Strike","floor":0},{"not_picked":["Sword Boomerang","Clothesline"],"picked":"Combust","floor":1},{"not_picked":["Rampage","Thunderclap"],"picked":"Uppercut","floor":3},{"not_picked":["Heavy Blade","Sword Boomerang"],"picked":"Disarm","floor":4},{"not_picked":["Corruption","Perfected Strike"],"picked":"Shrug It Off","floor":5},{"not_picked":["Offering","Sword Boomerang","Searing Blow"],"picked":"SKIP","floor":7},{"not_picked":["Uppercut","Havoc","Anger"],"picked":"SKIP","floor":8},{"not_picked":["Warcry","Twin Strike"],"picked":"Whirlwind","floor":13},{"not_picked":["Bludgeon","Juggernaut"],"picked":"Feed","floor":16},{"not_picked":["Twin Strike","Sentinel","Searing Blow"],"picked":"SKIP","floor":18},{"not_picked":["Armaments","Power Through"],"picked":"Rupture","floor":19},{"not_picked":["Warcry+1","Feed"],"picked":"Intimidate+1","floor":22},{"not_picked":["Twin Strike","Clash","Anger"],"picked":"SKIP","floor":29},{"not_picked":["Flex","Thunderclap+1"],"picked":"Flame Barrier","floor":30}],"player_experience":673193,"relics_obtained":[{"floor":7,"key":"Sundial"},{"floor":9,"key":"Bottled Tornado"},{"floor":26,"key":"Self Forming Clay"}],"event_choices":[{"damage_healed":0,"gold_gain":0,"player_choice":"Success","damage_taken":5,"relics_obtained":["Kunai"],"max_hp_gain":0,"max_hp_loss":0,"event_name":"Scrap Ooze","floor":2,"gold_loss":0},{"cards_removed":["Strike_R"],"damage_healed":0,"gold_gain":0,"player_choice":"Offered Basic","damage_taken":0,"max_hp_gain":0,"max_hp_loss":0,"event_name":"Bonfire Elementals","floor":11,"gold_loss":0},{"damage_healed":0,"gold_gain":0,"player_choice":"Ignored","damage_taken":0,"max_hp_gain":0,"max_hp_loss":0,"event_name":"N\u0027loth","floor":20,"gold_loss":0},{"damage_healed":0,"gold_gain":0,"player_choice":"Shed Blood","damage_taken":28,"max_hp_gain":5,"max_hp_loss":0,"event_name":"Forgotten Altar","floor":23,"gold_loss":0},{"damage_healed":0,"gold_gain":0,"player_choice":"","damage_taken":8,"max_hp_gain":0,"max_hp_loss":0,"event_name":"Knowing Skull","floor":25,"potions_obtained":[],"gold_loss":0,"cards_obtained":[]}],"is_beta":false,"boss_relics":[{"not_picked":["Empty Cage","Runic Cube"],"picked":"White Beast Statue"}],"items_purged_floors":[],"is_endless":false,"potions_floor_spawned":[1,7,8,18,19,22,29,30],"killed_by":"Automaton","ascension_level":15}