{"gold_per_floor":[109,124,43,58,58,77,77,77,77,227,227,3,18,41,41,41],"floor_reached":16,"playtime":500,"items_purged":["Doubt"],"score":184,"play_id":"6ecbe379-e804-4dbe-8ec4-ebd5508272bb","local_time":"20190416215928","is_ascension_mode":true,"campfire_choices":[{"data":"Rage","floor":11,"key":"SMITH"},{"data":"Pommel Strike","floor":15,"key":"SMITH"}],"neow_cost":"PERCENT_DAMAGE","seed_source_timestamp":273892912785100,"circlet_count":0,"master_deck":["AscendersBane","Strike_R","Strike_R+1","Strike_R","Defend_R","Defend_R","Defend_R","Bash","Iron Wave","Rage+1","Pommel Strike+1","Disarm","Metallicize+1","Headbutt","Shrug It Off","Injury","Reaper","Cleave","Power Through"],"relics":["Burning Blood","Golden Idol","Anchor"],"potions_floor_usage":[13,14],"damage_taken":[{"damage":1,"enemies":"2 Louse","floor":1,"turns":3},{"damage":4,"enemies":"Small Slimes","floor":2,"turns":4},{"damage":7,"enemies":"Jaw Worm","floor":4,"turns":4},{"damage":7,"enemies":"Large Slime","floor":6,"turns":5},{"damage":0,"enemies":"Lots of Slimes","floor":13,"turns":6},{"damage":5,"enemies":"Exordium Thugs","floor":14,"turns":5},{"damage":76,"enemies":"The Guardian","floor":16,"turns":14}],"seed_played":"5142385515425442586","potions_obtained":[{"floor":2,"key":"Poison Potion"},{"floor":4,"key":"SkillPotion"}],"is_trial":false,"path_per_floor":["M","M","$","M","?","M","?","?","T","?","R","$","M","M","R","B"],"character_chosen":"IRONCLAD","items_purchased":["Metallicize","Reaper"],"campfire_rested":0,"item_purchase_floors":[3,12],"current_hp_per_floor":[55,57,57,56,33,32,25,25,25,25,25,25,51,60,60,0],"gold":41,"neow_bonus":"TRANSFORM_TWO_CARDS","is_prod":false,"is_daily":false,"chose_seed":false,"campfire_upgraded":2,"win_rate":0,"timestamp":1555444768,"path_taken":["M","M","$","M","?","M","?","?","T","?","R","$","M","M","R","BOSS"],"build_version":"2019-01-23","purchased_purges":1,"victory":false,"max_hp_per_floor":[75,75,75,75,75,75,75,75,75,75,75,75,75,75,75,75],"card_choices":[{"not_picked":["Havoc","Infernal Blade"],"picked":"Pommel Strike","floor":1},{"not_picked":["Armaments","Thunderclap"],"picked":"Disarm","floor":2},{"not_picked":["Combust","Flex"],"picked":"Headbutt","floor":4},{"not_picked":["Pommel Strike","Wild Strike"],"picked":"Shrug It Off","floor":6},{"not_picked":["Armaments","Dropkick"],"picked":"Cleave","floor":13},{"not_picked":["Sword Boomerang","Cleave"],"picked":"Power Through","floor":14}],"player_experience":564875,"relics_obtained":[{"floor":9,"key":"Anchor"}],"event_choices":[{"damage_healed":0,"gold_gain":0,"player_choice":"Entered Light","damage_taken":23,"max_hp_gain":0,"max_hp_loss":0,"event_name":"Shining Light","floor":5,"gold_loss":0,"cards_upgraded":["Metallicize","Strike_R"]},{"cards_removed":["Strike_R"],"damage_healed":0,"gold_gain":0,"player_choice":"Card Removal","damage_taken":7,"max_hp_gain":0,"max_hp_loss":0,"event_name":"Golden Wing","floor":7,"gold_loss":0},{"damage_healed":0,"gold_gain":0,"player_choice":"Take Wound","damage_taken":0,"relics_obtained":["Golden Idol"],"max_hp_gain":0,"max_hp_loss":0,"event_name":"Golden Idol","floor":8,"gold_loss":0,"cards_obtained":["Injury"]},{"damage_healed":0,"gold_gain":150,"player_choice":"AGREE","damage_taken":0,"max_hp_gain":0,"max_hp_loss":0,"event_name":"Liars Game","floor":10,"gold_loss":0,"cards_obtained":["Doubt"]}],"is_beta":false,"boss_relics":[],"items_purged_floors":[12],"is_endless":false,"potions_floor_spawned":[2,4],"killed_by":"The Guardian","ascension_level":20}