{"gold_per_floor":[113,125,125,138,157,157,186,211,285,285,9,9,29,29,29,102,102,117,134,151,170,185,185,220,220,269,288,300,314,314,340,340,340],"floor_reached":33,"playtime":1556,"items_purged":[],"score":607,"play_id":"21569c9d-d64b-470c-b727-107191fc4f77","local_time":"20190315184915","is_ascension_mode":true,"campfire_choices":[{"data":"Anger","floor":6,"key":"SMITH"},{"floor":12,"key":"REST"},{"data":"Uppercut","floor":15,"key":"SMITH"},{"data":"Carnage","floor":23,"key":"SMITH"},{"floor":25,"key":"REST"},{"floor":30,"key":"REST"},{"floor":32,"key":"REST"}],"neow_cost":"NONE","seed_source_timestamp":740502536472559,"circlet_count":0,"master_deck":["AscendersBane","Strike_R","Strike_R","Strike_R","Strike_R","Defend_R","Defend_R","Defend_R","Defend_R","Bash","Shrug It Off","Anger+1","Carnage","Carnage+1","Offering","Shrug It Off","Uppercut+1","Impervious","Shrug It Off+1","Warcry","Juggernaut"],"relics":["Burning Blood","Odd Mushroom","Pocketwatch","Singing Bowl","Regal Pillow","Mark of Pain","Art of War","Centennial Puzzle","Unceasing Top"],"potions_floor_usage":[7,8,21,21,27,31,31,33],"damage_taken":[{"damage":16,"enemies":"Jaw Worm","floor":1,"turns":5},{"damage":1,"enemies":"Small Slimes","floor":2,"turns":4},{"damage":7,"enemies":"Cultist","floor":4,"turns":4},{"damage":37,"enemies":"Gremlin Gang","floor":5,"turns":6},{"damage":8,"enemies":"The Mushroom Lair","floor":7,"turns":5},{"damage":27,"enemies":"3 Sentries","floor":8,"turns":7},{"damage":12,"enemies":"Lots of Slimes","floor":13,"turns":4},{"damage":31,"enemies":"Slime Boss","floor":16,"turns":8},{"damage":15,"enemies":"2 Thieves","floor":18,"turns":5},{"damage":20,"enemies":"3 Byrds","floor":19,"turns":6},{"damage":40,"enemies":"Cultist and Chosen","floor":20,"turns":8},{"damage":2,"enemies":"Centurion and Healer","floor":21,"turns":11},{"damage":24,"enemies":"Snake Plant","floor":22,"turns":4},{"damage":42,"enemies":"Slavers","floor":24,"turns":7},{"damage":17,"enemies":"Shelled Parasite and Fungi","floor":27,"turns":3},{"damage":6,"enemies":"Snecko","floor":28,"turns":3},{"damage":25,"enemies":"Snake Plant","floor":29,"turns":4},{"damage":68,"enemies":"Book of Stabbing","floor":31,"turns":6},{"damage":66,"enemies":"Champ","floor":33,"turns":11}],"seed_played":"-783408182443327835","potions_obtained":[{"floor":5,"key":"Block Potion"},{"floor":7,"key":"LiquidBronze"},{"floor":8,"key":"Regen Potion"},{"floor":24,"key":"Fire Potion"},{"floor":28,"key":"Strength Potion"},{"floor":29,"key":"PowerPotion"},{"floor":31,"key":"Weak Potion"}],"is_trial":false,"path_per_floor":["M","M","?","M","M","R","?","E","T","?","$","R","M","$","R","B",null,"M","M","M","M","M","R","E","R","T","M","M","M","R","E","R","B"],"character_chosen":"IRONCLAD","items_purchased":["Regal Pillow","Shrug It Off","Regen Potion"],"campfire_rested":4,"item_purchase_floors":[11,11,11],"current_hp_per_floor":[65,70,70,69,38,38,36,15,15,15,15,54,48,48,48,23,67,60,46,14,73,57,57,23,65,65,56,56,39,82,22,65,0],"gold":340,"neow_bonus":"TEN_PERCENT_HP_BONUS","is_prod":false,"is_daily":false,"chose_seed":false,"campfire_upgraded":3,"win_rate":0,"timestamp":1552643355,"path_taken":["M","M","?","M","M","R","?","E","T","?","$","R","?","$","R","BOSS","M","?","M","M","M","R","E","R","T","M","?","M","R","E","R","BOSS"],"build_version":"2019-01-23","purchased_purges":0,"victory":false,"max_hp_per_floor":[82,82,82,82,82,82,82,82,82,82,82,82,82,82,82,82,82,84,84,86,86,88,88,90,90,90,92,92,94,94,96,96,96],"card_choices":[{"not_picked":["Clothesline","Rampage"],"picked":"Shrug It Off","floor":1},{"not_picked":["Flex","Body Slam","Berserk"],"picked":"SKIP","floor":2},{"not_picked":["Body Slam","Flex"],"picked":"Anger","floor":4},{"not_picked":["Havoc","Clash","Thunderclap"],"picked":"SKIP","floor":5},{"not_picked":["Armaments","Iron Wave"],"picked":"Carnage","floor":7},{"not_picked":["Clothesline","Body Slam"],"picked":"Carnage","floor":8},{"not_picked":["Twin Strike","Spot Weakness"],"picked":"Uppercut","floor":13},{"not_picked":["Juggernaut","Limit Break"],"picked":"Impervious","floor":16},{"not_picked":["Warcry","Fire Breathing","Anger"],"picked":"Singing Bowl","floor":18},{"not_picked":["Twin Strike","Entrench"],"picked":"Shrug It Off+1","floor":19},{"not_picked":["Clash","Armaments","Headbutt"],"picked":"Singing Bowl","floor":20},{"not_picked":["Sentinel","Iron Wave"],"picked":"Warcry","floor":21},{"not_picked":["Havoc","Perfected Strike+1","Anger"],"picked":"Singing Bowl","floor":22},{"not_picked":["Flex","Body Slam","Cleave"],"picked":"Singing Bowl","floor":24},{"not_picked":["Wild Strike","Rage","Entrench"],"picked":"Singing Bowl","floor":27},{"not_picked":["Disarm","Twin Strike"],"picked":"Juggernaut","floor":28},{"not_picked":["Cleave+1","Twin Strike","Power Through"],"picked":"Singing Bowl","floor":29},{"not_picked":["Clothesline","Intimidate","Flex"],"picked":"Singing Bowl","floor":31}],"player_experience":708551,"relics_obtained":[{"floor":7,"key":"Odd Mushroom"},{"floor":8,"key":"Pocketwatch"},{"floor":9,"key":"Singing Bowl"},{"floor":24,"key":"Art of War"},{"floor":26,"key":"Centennial Puzzle"},{"floor":31,"key":"Unceasing Top"}],"event_choices":[{"damage_healed":0,"gold_gain":0,"player_choice":"Ignored","damage_taken":0,"max_hp_gain":0,"max_hp_loss":0,"event_name":"Liars Game","floor":3,"gold_loss":0},{"damage_healed":0,"gold_gain":0,"player_choice":"Fought Mushrooms","damage_taken":0,"max_hp_gain":0,"max_hp_loss":0,"event_name":"Mushrooms","floor":7,"gold_loss":0},{"damage_healed":0,"gold_gain":0,"cards_transformed":["Strike_R"],"player_choice":"Transformed","damage_taken":0,"max_hp_gain":0,"max_hp_loss":0,"event_name":"Transmorgrifier","floor":10,"gold_loss":0,"cards_obtained":["Offering"]}],"is_beta":false,"boss_relics":[{"not_picked":["Empty Cage","Eternal Feather"],"picked":"Mark of Pain"}],"items_purged_floors":[],"is_endless":false,"potions_floor_spawned":[5,7,8,16,19,24,28,29,31],"killed_by":"Champ","ascension_level":20}