{"gold_per_floor":[111,125,143,143,143,143,177,195,246,246],"floor_reached":10,"playtime":262,"items_purged":[],"score":133,"play_id":"d476808c-a308-44aa-9063-943705138261","local_time":"20190425032423","is_ascension_mode":true,"campfire_choices":[{"floor":6,"key":"REST"}],"neow_cost":"NONE","seed_source_timestamp":16332042975387,"circlet_count":0,"master_deck":["AscendersBane","Strike_B","Strike_B","Strike_B","Defend_B","Defend_B","Defend_B","Defend_B","Zap","Dualcast","Sweeping Beam","Ball Lightning","Steam"],"relics":["Cracked Core","Golden Idol","Mercury Hourglass","Art of War"],"potions_floor_usage":[7],"damage_taken":[{"damage":9,"enemies":"Jaw Worm","floor":1,"turns":3},{"damage":17,"enemies":"Small Slimes","floor":2,"turns":3},{"damage":10,"enemies":"2 Louse","floor":3,"turns":3},{"damage":32,"enemies":"Gremlin Nob","floor":7,"turns":4},{"damage":12,"enemies":"Exordium Thugs","floor":8,"turns":3},{"damage":8,"enemies":"Blue Slaver","floor":10,"turns":2}],"seed_played":"2148052947186778774","potions_obtained":[{"floor":2,"key":"Strength Potion"},{"floor":7,"key":"Fire Potion"}],"is_trial":false,"path_per_floor":["M","M","M","?","?","R","E","M","T","M"],"character_chosen":"DEFECT","items_purchased":[],"campfire_rested":1,"item_purchase_floors":[],"current_hp_per_floor":[62,45,35,35,28,49,17,5,5,0],"gold":246,"neow_bonus":"TEN_PERCENT_HP_BONUS","is_prod":false,"is_daily":false,"chose_seed":false,"campfire_upgraded":0,"win_rate":0,"timestamp":1556155463,"path_taken":["M","M","M","?","?","R","E","M","T","M"],"build_version":"2019-01-23","purchased_purges":0,"victory":false,"max_hp_per_floor":[78,78,78,71,71,71,71,71,71,71],"card_choices":[{"not_picked":["Steam Power","Gash"],"picked":"Sweeping Beam","floor":1},{"not_picked":["Beam Cell","Barrage","Hello World"],"picked":"SKIP","floor":2},{"not_picked":["Go for the Eyes","Capacitor"],"picked":"Ball Lightning","floor":3},{"not_picked":["Compile Driver","Recycle"],"picked":"Steam","floor":7},{"not_picked":["Sweeping Beam","Chaos","Stack"],"picked":"SKIP","floor":8}],"player_experience":706764,"relics_obtained":[{"floor":7,"key":"Mercury Hourglass"},{"floor":9,"key":"Art of War"}],"event_choices":[{"damage_healed":0,"gold_gain":0,"player_choice":"Lose Max HP","damage_taken":0,"relics_obtained":["Golden Idol"],"max_hp_gain":0,"max_hp_loss":7,"event_name":"Golden Idol","floor":4,"gold_loss":0},{"cards_removed":["Strike_B"],"damage_healed":0,"gold_gain":0,"player_choice":"Card Removal","damage_taken":7,"max_hp_gain":0,"max_hp_loss":0,"event_name":"Golden Wing","floor":5,"gold_loss":0}],"is_beta":false,"boss_relics":[],"items_purged_floors":[],"is_endless":false,"potions_floor_spawned":[2,7],"killed_by":"Blue Slaver","ascension_level":19}