{"gold_per_floor":[12,31,31,41,53,87,87,119,119,136,136,153,153,179,179,179],"floor_reached":16,"playtime":1048,"items_purged":[],"score":279,"play_id":"8c2273fd-48b6-4baa-99e5-5a28326ae064","local_time":"20190422034149","is_ascension_mode":true,"campfire_choices":[{"data":"Fusion","floor":7,"key":"SMITH"},{"data":"Hologram","floor":11,"key":"SMITH"},{"floor":15,"key":"REST"}],"neow_cost":"NO_GOLD","seed_source_timestamp":75533777734933,"circlet_count":0,"master_deck":["AscendersBane","Strike_B","Strike_B","Strike_B","Defend_B","Defend_B","Defend_B","Zap","Dualcast","Tempest","Fusion+1","Cold Snap","Glacier","Biased Cognition","Recycle","Chill","Cold Snap","Undo","Hologram+1","Conserve Battery","Auto Shields"],"relics":["Cracked Core","PreservedInsect","Sundial","Calipers","Torii","Blood Vial"],"potions_floor_usage":[4,16,16],"damage_taken":[{"damage":1,"enemies":"Cultist","floor":1,"turns":4},{"damage":5,"enemies":"Small Slimes","floor":2,"turns":3},{"damage":1,"enemies":"2 Louse","floor":4,"turns":2},{"damage":2,"enemies":"Exordium Thugs","floor":5,"turns":5},{"damage":17,"enemies":"3 Sentries","floor":6,"turns":9},{"damage":0,"enemies":"Lagavulin","floor":8,"turns":5},{"damage":0,"enemies":"Large Slime","floor":10,"turns":6},{"damage":3,"enemies":"Blue Slaver","floor":12,"turns":3},{"damage":4,"enemies":"3 Sentries","floor":14,"turns":9},{"damage":28,"enemies":"Slime Boss","floor":16,"turns":14}],"seed_played":"-7759926208089472217","potions_obtained":[{"floor":2,"key":"AttackPotion"},{"floor":5,"key":"FocusPotion"},{"floor":6,"key":"Block Potion"}],"is_trial":false,"path_per_floor":["M","M","?","M","M","E","R","E","T","M","R","M","?","E","R","B"],"character_chosen":"DEFECT","items_purchased":[],"campfire_rested":1,"item_purchase_floors":[],"current_hp_per_floor":[63,58,58,57,55,38,38,38,38,38,38,35,9,5,26,0],"gold":179,"neow_bonus":"TRANSFORM_TWO_CARDS","is_prod":false,"is_daily":false,"chose_seed":false,"campfire_upgraded":2,"win_rate":0,"timestamp":1555897309,"path_taken":["M","M","?","M","M","E","R","E","T","M","R","?","?","E","R","BOSS"],"build_version":"2019-01-23","purchased_purges":0,"victory":false,"max_hp_per_floor":[71,71,71,71,71,71,71,71,71,71,71,71,71,71,71,71],"card_choices":[{"not_picked":["Sweeping Beam","Chaos"],"picked":"Cold Snap","floor":1},{"not_picked":["White Noise","BootSequence"],"picked":"Glacier","floor":2},{"not_picked":["Rebound","Heatsinks","Recycle"],"picked":"SKIP","floor":4},{"not_picked":["Rebound","Heatsinks"],"picked":"Recycle","floor":4},{"not_picked":["Go for the Eyes","Heatsinks"],"picked":"Chill","floor":5},{"not_picked":["Redo","Scrape"],"picked":"Cold Snap","floor":6},{"not_picked":["Steam","Redo"],"picked":"Undo","floor":8},{"not_picked":["Reprogram","Redo"],"picked":"Hologram","floor":10},{"not_picked":["Sweeping Beam","Barrage"],"picked":"Conserve Battery","floor":12},{"not_picked":["Barrage","Steam"],"picked":"Auto Shields","floor":14}],"player_experience":689628,"relics_obtained":[{"floor":6,"key":"PreservedInsect"},{"floor":8,"key":"Sundial"},{"floor":9,"key":"Calipers"},{"floor":14,"key":"Blood Vial"}],"event_choices":[{"damage_healed":0,"gold_gain":0,"player_choice":"1 cards matched","damage_taken":0,"max_hp_gain":0,"max_hp_loss":0,"event_name":"Match and Keep!","floor":3,"gold_loss":0,"cards_obtained":["Biased Cognition"]},{"damage_healed":0,"gold_gain":0,"player_choice":"Success","damage_taken":26,"relics_obtained":["Torii"],"max_hp_gain":0,"max_hp_loss":0,"event_name":"Scrap Ooze","floor":13,"gold_loss":0}],"is_beta":false,"boss_relics":[],"items_purged_floors":[],"is_endless":false,"potions_floor_spawned":[2,5,6,8,10],"killed_by":"Slime Boss","ascension_level":18}