{"gold_per_floor":[360,35,0,14,14,41,41,67,122,133,133,133,149,163,163,252,252,271,271,20,20,38,38,38,57,83,83,83,83,83,83,83,182,182,201,220,8,133,148,148,164,164,164,189,209,209,229,245,245,245,245],"floor_reached":51,"playtime":3207,"items_purged":["Parasite"],"score":1264,"play_id":"9788078e-c8c8-4e39-9474-12eaac0bec70","local_time":"20190321143429","is_ascension_mode":true,"campfire_choices":[{"floor":7,"key":"REST"},{"data":"Shockwave","floor":11,"key":"SMITH"},{"data":"Uppercut","floor":15,"key":"SMITH"},{"floor":23,"key":"REST"},{"data":"Limit Break","floor":27,"key":"SMITH"},{"data":"Spot Weakness","floor":29,"key":"SMITH"},{"data":"Second Wind","floor":32,"key":"SMITH"},{"data":"Shrug It Off","floor":40,"key":"SMITH"},{"floor":42,"key":"REST"},{"data":"Heavy Blade","floor":49,"key":"SMITH"}],"neow_cost":"CURSE","seed_source_timestamp":212882043197455,"circlet_count":0,"master_deck":["AscendersBane","Strike_R+1","Strike_R+1","Strike_R+1","Strike_R+1","Strike_R+1","Defend_R+1","Defend_R+1","Defend_R+1","Defend_R+1","Bash","Headbutt+1","Inflame","Spot Weakness+1","Shrug It Off+1","Shockwave+1","Uppercut+1","Limit Break+1","Pommel Strike+1","Second Wind+1","Shrug It Off","Battle Trance","Impervious","Disarm","Warcry","Parasite","Impervious","Metallicize+1","Whirlwind+1","Heavy Blade+1"],"relics":["Burning Blood","Centennial Puzzle","Charon\u0027s Ashes","Art of War","Self Forming Clay","Juzu Bracelet","Golden Idol","Eternal Feather","Vajra","Nilry\u0027s Codex","Bag of Preparation","Whetstone","Sozu","Bag of Marbles","Ginger","Kunai"],"potions_floor_usage":[6,14,18,22,47],"damage_taken":[{"damage":14,"enemies":"2 Louse","floor":1,"turns":4},{"damage":9,"enemies":"Jaw Worm","floor":4,"turns":4},{"damage":32,"enemies":"Lagavulin","floor":6,"turns":7},{"damage":24,"enemies":"3 Sentries","floor":8,"turns":6},{"damage":10,"enemies":"Small Slimes","floor":10,"turns":4},{"damage":0,"enemies":"2 Fungi Beasts","floor":13,"turns":3},{"damage":4,"enemies":"Exordium Thugs","floor":14,"turns":6},{"damage":25,"enemies":"Hexaghost","floor":16,"turns":9},{"damage":12,"enemies":"3 Byrds","floor":18,"turns":5},{"damage":23,"enemies":"Spheric Guardian","floor":22,"turns":7},{"damage":10,"enemies":"Snecko","floor":25,"turns":7},{"damage":57,"enemies":"Automaton","floor":33,"turns":10},{"damage":0,"enemies":"3 Shapes","floor":35,"turns":7},{"damage":0,"enemies":"Orb Walker","floor":36,"turns":4},{"damage":10,"enemies":"Mind Bloom Boss Battle","floor":38,"turns":6},{"damage":33,"enemies":"Writhing Mass","floor":39,"turns":8},{"damage":22,"enemies":"Transient","floor":41,"turns":6},{"damage":13,"enemies":"Sphere and 2 Shapes","floor":44,"turns":11},{"damage":1,"enemies":"3 Darklings","floor":45,"turns":4},{"damage":32,"enemies":"Transient","floor":47,"turns":6},{"damage":0,"enemies":"Maw","floor":48,"turns":5},{"damage":54,"enemies":"Time Eater","floor":50,"turns":10},{"damage":15,"enemies":"Awakened One","floor":51,"turns":12}],"seed_played":"-2135262123797514701","potions_obtained":[{"floor":1,"key":"AttackPotion"},{"floor":8,"key":"SkillPotion"},{"floor":16,"key":"Fire Potion"},{"floor":18,"key":"SteroidPotion"},{"floor":33,"key":"Energy Potion"}],"is_trial":false,"path_per_floor":["M","$","?","M","T","E","R","E","T","M","R","?","M","M","R","B",null,"M","?","$","?","M","R","?","M","T","R","T","R","?","?","R","B",null,"M","M","$","?","M","R","M","R","T","M","M","?","M","M","R","B","B"],"character_chosen":"IRONCLAD","items_purchased":["Inflame","Centennial Puzzle","Vajra","Second Wind","Bag of Marbles","Warcry"],"campfire_rested":3,"item_purchase_floors":[2,2,20,20,37,37],"current_hp_per_floor":[60,60,60,57,57,31,52,34,34,30,30,30,36,38,38,19,54,48,48,48,27,10,41,54,50,50,62,62,65,65,65,65,14,52,58,64,64,60,33,48,32,65,65,58,63,62,36,42,60,12,0],"gold":245,"neow_bonus":"TWO_FIFTY_GOLD","is_prod":false,"is_daily":false,"chose_seed":false,"campfire_upgraded":7,"win_rate":0,"timestamp":1553146469,"path_taken":["M","$","?","M","?","E","R","E","T","M","R","?","M","M","R","BOSS","M","?","$","?","M","R","?","M","T","R","?","R","?","?","R","BOSS","M","M","$","?","M","R","M","R","T","M","M","?","M","M","R","BOSS","BOSS"],"build_version":"2019-01-23","purchased_purges":1,"victory":false,"max_hp_per_floor":[75,72,72,72,72,72,72,72,72,72,72,65,65,65,65,65,65,65,65,65,65,65,65,65,65,65,65,65,65,65,65,65,65,65,65,65,65,65,65,65,65,65,65,65,65,62,62,62,62,62,62],"card_choices":[{"not_picked":["True Grit","Flex"],"picked":"Headbutt","floor":1},{"not_picked":["Wild Strike","Headbutt"],"picked":"Spot Weakness","floor":4},{"not_picked":["Anger","Warcry"],"picked":"Shrug It Off","floor":6},{"not_picked":["Seeing Red","Flex"],"picked":"Shockwave","floor":8},{"not_picked":["Flex","Entrench","Berserk"],"picked":"SKIP","floor":10},{"not_picked":["Body Slam","Rage","Warcry"],"picked":"SKIP","floor":13},{"not_picked":["Burning Pact","Clash"],"picked":"Uppercut","floor":14},{"not_picked":["Immolate","Impervious"],"picked":"Limit Break","floor":16},{"not_picked":["Anger","Intimidate+1"],"picked":"Pommel Strike+1","floor":18},{"not_picked":["Flex","Evolve"],"picked":"Shrug It Off","floor":22},{"not_picked":["Headbutt","Thunderclap"],"picked":"Battle Trance","floor":25},{"not_picked":["Limit Break","Dark Embrace"],"picked":"Impervious","floor":33},{"not_picked":["Blood for Blood","Cleave","Perfected Strike+1"],"picked":"SKIP","floor":35},{"not_picked":["Perfected Strike","Searing Blow"],"picked":"Disarm","floor":36},{"not_picked":["Anger","Pommel Strike+1"],"picked":"Impervious","floor":39},{"not_picked":["Sword Boomerang","Clash","Cleave"],"picked":"SKIP","floor":41},{"not_picked":["Sever Soul+1","Combust"],"picked":"Metallicize+1","floor":44},{"not_picked":["Wild Strike","Intimidate","Sword Boomerang+1"],"picked":"SKIP","floor":45},{"not_picked":["Twin Strike+1","Havoc"],"picked":"Whirlwind+1","floor":47},{"not_picked":["Flex+1","Wild Strike+1"],"picked":"Heavy Blade","floor":48}],"player_experience":759996,"relics_obtained":[{"floor":5,"key":"Charon\u0027s Ashes"},{"floor":6,"key":"Art of War"},{"floor":8,"key":"Self Forming Clay"},{"floor":9,"key":"Juzu Bracelet"},{"floor":21,"key":"Nilry\u0027s Codex"},{"floor":26,"key":"Bag of Preparation"},{"floor":28,"key":"Whetstone"},{"floor":38,"key":"Ginger"},{"floor":43,"key":"Kunai"}],"event_choices":[{"damage_healed":0,"gold_gain":0,"player_choice":"Left Gold","damage_taken":0,"max_hp_gain":0,"max_hp_loss":0,"event_name":"World of Goop","floor":3,"gold_loss":35},{"damage_healed":0,"gold_gain":0,"player_choice":"Lose Max HP","damage_taken":0,"relics_obtained":["Golden Idol"],"max_hp_gain":0,"max_hp_loss":7,"event_name":"Golden Idol","floor":12,"gold_loss":0},{"damage_healed":0,"gold_gain":0,"player_choice":"Ignored","damage_taken":0,"max_hp_gain":0,"max_hp_loss":0,"event_name":"N\u0027loth","floor":19,"gold_loss":0},{"damage_healed":0,"gold_gain":0,"player_choice":"Obtained Book","damage_taken":21,"max_hp_gain":0,"max_hp_loss":0,"event_name":"Cursed Tome","floor":21,"gold_loss":0},{"damage_healed":13,"gold_gain":0,"player_choice":"Heal","damage_taken":0,"max_hp_gain":0,"max_hp_loss":0,"event_name":"The Library","floor":24,"gold_loss":0},{"damage_healed":0,"gold_gain":0,"player_choice":"Simplicity","damage_taken":0,"max_hp_gain":0,"max_hp_loss":0,"event_name":"Back to Basics","floor":30,"gold_loss":0,"cards_upgraded":["Strike_R","Strike_R","Strike_R","Strike_R","Defend_R","Defend_R","Defend_R","Defend_R"]},{"damage_healed":0,"gold_gain":0,"player_choice":"Ignored","damage_taken":0,"max_hp_gain":0,"max_hp_loss":0,"event_name":"Ghosts","floor":31,"gold_loss":0},{"damage_healed":0,"gold_gain":0,"player_choice":"Fight","damage_taken":0,"max_hp_gain":0,"max_hp_loss":0,"event_name":"MindBloom","floor":38,"gold_loss":0},{"damage_healed":0,"gold_gain":0,"player_choice":"Max HP","damage_taken":0,"max_hp_gain":0,"max_hp_loss":3,"event_name":"Winding Halls","floor":46,"gold_loss":0}],"is_beta":false,"boss_relics":[{"not_picked":["Coffee Dripper","Runic Cube"],"picked":"Eternal Feather"},{"not_picked":["Calling Bell","Black Blood"],"picked":"Sozu"}],"items_purged_floors":[2],"is_endless":false,"potions_floor_spawned":[1,8,16,18,33,36,38,41,44,47],"killed_by":"Awakened One","ascension_level":20}