{"gold_per_floor":[118,43,43,43,43,43,43,318,318,329,345,167,167,179,179,254,254,268,283,86,1,1,1,1],"floor_reached":24,"playtime":498,"items_purged":["Normality","Regret"],"score":337,"play_id":"09e44afc-215d-4392-bcb1-8f8754f810d0","local_time":"20190314211043","is_ascension_mode":true,"campfire_choices":[{"data":"Gash","floor":6,"key":"SMITH"},{"floor":15,"key":"REST"},{"floor":23,"key":"REST"}],"neow_cost":"CURSE","seed_source_timestamp":85845637703000,"circlet_count":0,"master_deck":["AscendersBane","Strike_B","Strike_B","Strike_B","Defend_B","Defend_B","Defend_B","Defend_B","Zap","Dualcast","Gash+1","Defragment","Defragment","Defragment","Rainbow+1","Steam+1","Leap+1","Amplify+1","Loop"],"relics":["Cracked Core","Toxic Egg 2","Vajra","Turnip","Nuclear Battery","StoneCalendar","Nloth\u0027s Gift"],"potions_floor_usage":[],"damage_taken":[{"damage":1,"enemies":"Jaw Worm","floor":1,"turns":4},{"damage":12,"enemies":"Small Slimes","floor":10,"turns":3},{"damage":3,"enemies":"Cultist","floor":11,"turns":3},{"damage":10,"enemies":"Blue Slaver","floor":14,"turns":4},{"damage":49,"enemies":"The Guardian","floor":16,"turns":12},{"damage":18,"enemies":"Spheric Guardian","floor":18,"turns":5},{"damage":26,"enemies":"3 Byrds","floor":19,"turns":5},{"damage":31,"enemies":"Book of Stabbing","floor":24,"turns":3}],"seed_played":"-6819182005326247617","potions_obtained":[{"floor":1,"key":"SteroidPotion"},{"floor":10,"key":"SteroidPotion"},{"floor":19,"key":"Fire Potion"}],"is_trial":false,"path_per_floor":["M","$","?","T","?","R","$","?","T","M","M","$","?","M","R","B",null,"M","M","$","?","?","R","E"],"character_chosen":"DEFECT","items_purchased":["Defragment","Amplify+1","Loop"],"campfire_rested":2,"item_purchase_floors":[12,20,20],"current_hp_per_floor":[63,63,63,63,56,56,56,56,56,44,41,41,41,31,52,3,54,36,10,10,10,10,31,0],"gold":1,"neow_bonus":"ONE_RARE_RELIC","is_prod":false,"is_daily":false,"chose_seed":false,"campfire_upgraded":1,"win_rate":0,"timestamp":1552594243,"path_taken":["M","$","?","?","?","R","$","?","T","M","?","$","?","?","R","BOSS","M","M","$","?","?","R","E"],"build_version":"2019-01-23","purchased_purges":2,"victory":false,"max_hp_per_floor":[71,71,71,71,71,71,71,71,71,71,71,71,71,71,71,71,71,71,71,71,71,71,71,71],"card_choices":[{"not_picked":["Tempest","Streamline"],"picked":"Gash","floor":1},{"not_picked":["Ball Lightning","Turbo+1","Cold Snap"],"picked":"SKIP","floor":10},{"not_picked":["Coolheaded+1","Go for the Eyes"],"picked":"Defragment","floor":11},{"not_picked":["Steam+1","Amplify+1"],"picked":"Defragment","floor":14},{"not_picked":["Biased Cognition","Amplify+1"],"picked":"Rainbow+1","floor":16},{"not_picked":["Compile Driver","Consume+1"],"picked":"Steam+1","floor":18},{"not_picked":["Ball Lightning","Steam+1"],"picked":"Leap+1","floor":19}],"player_experience":481861,"relics_obtained":[{"floor":4,"key":"Vajra"},{"floor":9,"key":"Turnip"}],"event_choices":[{"damage_healed":0,"gold_gain":0,"player_choice":"Box","damage_taken":0,"relics_obtained":["Toxic Egg 2"],"max_hp_gain":0,"max_hp_loss":0,"event_name":"Big Fish","floor":3,"gold_loss":0,"cards_obtained":["Regret"]},{"cards_removed":["Regret"],"damage_healed":0,"gold_gain":0,"player_choice":"Card Removal","damage_taken":7,"max_hp_gain":0,"max_hp_loss":0,"event_name":"Golden Wing","floor":5,"gold_loss":0},{"damage_healed":0,"gold_gain":275,"player_choice":"Desecrate","damage_taken":0,"max_hp_gain":0,"max_hp_loss":0,"event_name":"Golden Shrine","floor":8,"gold_loss":0,"cards_obtained":["Regret"]},{"cards_removed":["Strike_B"],"damage_healed":0,"gold_gain":0,"player_choice":"Purged","damage_taken":0,"max_hp_gain":0,"max_hp_loss":0,"event_name":"Purifier","floor":13,"gold_loss":0},{"damage_healed":0,"gold_gain":0,"player_choice":"Obtained Relic","damage_taken":0,"relics_obtained":["StoneCalendar"],"max_hp_gain":0,"max_hp_loss":0,"event_name":"Addict","floor":21,"gold_loss":85},{"damage_healed":0,"gold_gain":0,"player_choice":"Traded Relic","damage_taken":0,"relics_obtained":["Nloth\u0027s Gift"],"max_hp_gain":0,"max_hp_loss":0,"event_name":"N\u0027loth","floor":22,"relics_lost":["Torii"],"gold_loss":0}],"is_beta":false,"boss_relics":[{"not_picked":["Coffee Dripper","Fusion Hammer"],"picked":"Nuclear Battery"}],"items_purged_floors":[2,12],"is_endless":false,"potions_floor_spawned":[1,10,19],"killed_by":"Book of Stabbing","ascension_level":17}