{"gold_per_floor":[110,110,120,137,151,151,182,357,433,449,18,18,30,46,46,149,149,162,182,182,200,2,28,28,62,133,163,163,163,163,189,189,290,340,353,366,412,412,60,60,94,106,106,106,131,131,15,15,15,15,15,15,15,44,44],"floor_reached":55,"playtime":6014,"items_purged":["Strike_G","Strike_G","Strike_G"],"score":995,"play_id":"3e13ef36-b687-462a-a6c7-71e917b5a52d","local_time":"20181123002305","is_ascension_mode":true,"campfire_choices":[{"data":"Cloak And Dagger","floor":6.0,"key":"SMITH"},{"data":"Apotheosis","floor":12.0,"key":"SMITH"},{"data":"Dodge and Roll","floor":15.0,"key":"SMITH"},{"data":"Cloak And Dagger","floor":24.0,"key":"SMITH"},{"floor":32.0,"key":"REST"},{"data":"Footwork","floor":40.0,"key":"SMITH"},{"data":"Glass Knife","floor":44.0,"key":"SMITH"},{"floor":49.0,"key":"RECALL"},{"data":"Adrenaline","floor":52.0,"key":"SMITH"}],"neow_cost":"NONE","seed_source_timestamp":0,"circlet_count":0,"master_deck":["Defend_G","Defend_G","Defend_G","Defend_G","Defend_G","Survivor","Neutralize+1","Dagger Spray","Cloak And Dagger+1","Quick Slash","Cloak And Dagger+1","Backstab+1","Doubt","Apotheosis+1","Dodge and Roll+1","Adrenaline+1","Deadly Poison+1","Quick Slash+1","Quick Slash+1","Terror","Caltrops+1","Dagger Spray","Sucker Punch","Dodge and Roll+1","Glass Knife+1","Leg Sweep+1","Footwork+1","Catalyst+1","Footwork+1","Parasite","Well Laid Plans+1","Deadly Poison+1","Doubt","Impatience"],"special_seed":0,"relics":["Ring of the Snake","NeowsBlessing","Ginger","Paper Crane","TwistedFunnel","WristBlade","Bag of Marbles","Dodecahedron","Juzu Bracelet","The Courier","Tiny House","Turnip","Ninja Scroll","Calipers","Singing Bowl","Matryoshka","Orichalcum"],"potions_floor_usage":[55],"damage_taken":[{"damage":0.0,"enemies":"Jaw Worm","floor":1.0,"turns":1.0},{"damage":0.0,"enemies":"Cultist","floor":3.0,"turns":1.0},{"damage":0.0,"enemies":"2 Louse","floor":4.0,"turns":1.0},{"damage":10.0,"enemies":"Large Slime","floor":5.0,"turns":6.0},{"damage":37.0,"enemies":"Gremlin Nob","floor":7.0,"turns":6.0},{"damage":0.0,"enemies":"2 Fungi Beasts","floor":10.0,"turns":2.0},{"damage":0.0,"enemies":"Lots of Slimes","floor":13.0,"turns":3.0},{"damage":0.0,"enemies":"Looter","floor":14.0,"turns":2.0},{"damage":22.0,"enemies":"The Guardian","floor":16.0,"turns":16.0},{"damage":0.0,"enemies":"3 Byrds","floor":18.0,"turns":4.0},{"damage":3.0,"enemies":"2 Thieves","floor":19.0,"turns":3.0},{"damage":0.0,"enemies":"Snake Plant","floor":20.0,"turns":1.0},{"damage":20.0,"enemies":"Snecko","floor":21.0,"turns":7.0},{"damage":3.0,"enemies":"Slavers","floor":23.0,"turns":3.0},{"damage":5.0,"enemies":"Gremlin Leader","floor":25.0,"turns":5.0},{"damage":4.0,"enemies":"Slavers","floor":27.0,"turns":4.0},{"damage":0.0,"enemies":"Gremlin Leader","floor":31.0,"turns":5.0},{"damage":52.0,"enemies":"Automaton","floor":33.0,"turns":11.0},{"damage":9.0,"enemies":"3 Darklings","floor":35.0,"turns":2.0},{"damage":0.0,"enemies":"3 Shapes","floor":36.0,"turns":3.0},{"damage":17.0,"enemies":"2 Orb Walkers","floor":37.0,"turns":6.0},{"damage":1.0,"enemies":"Reptomancer","floor":41.0,"turns":4.0},{"damage":4.0,"enemies":"Writhing Mass","floor":42.0,"turns":6.0},{"damage":37.0,"enemies":"Nemesis","floor":45.0,"turns":5.0},{"damage":51.0,"enemies":"Donu and Deca","floor":50.0,"turns":14.0},{"damage":42,"enemies":"Shield and Spear","floor":54,"turns":7},{"damage":32,"enemies":"The Heart","floor":55,"turns":2}],"seed_played":"-404212393375491631","potions_obtained":[{"floor":1.0,"key":"Explosive Potion"},{"floor":5.0,"key":"EssenceOfSteel"},{"floor":13.0,"key":"Regen Potion"},{"floor":14.0,"key":"Dexterity Potion"},{"floor":16.0,"key":"SmokeBomb"},{"floor":21.0,"key":"Explosive Potion"},{"floor":25.0,"key":"Regen Potion"},{"floor":27.0,"key":"Dexterity Potion"},{"floor":33.0,"key":"Fire Potion"},{"floor":34.0,"key":"Fire Potion"},{"floor":35.0,"key":"Ancient Potion"},{"floor":45.0,"key":"SmokeBomb"},{"floor":54,"key":"Strength Potion"}],"is_trial":false,"path_per_floor":["M","?","M","M","M","R","E","?","T","M","$","R","M","M","R","B",null,"M","M","M","M","$","E","R","E","T","E","?","?","?","E","R","B",null,"M","M","?","?","$","R","E","M","T","R","E","?","$","?","R","B",null,"R","$","E","B"],"character_chosen":"THE_SILENT","items_purchased":["TwistedFunnel","Apotheosis","Dexterity Potion","SpeedPotion","Footwork","Ninja Scroll","Energy Potion","SteroidPotion","Energy Potion"],"campfire_rested":1,"item_purchase_floors":[11,11,22,22,39,39,47,47,47],"current_hp_per_floor":[70,70,70,70,60,60,23,23,23,23,23,23,23,23,23,16,70,70,67,67,47,47,44,44,39,39,47,47,47,47,47,68,16,75,66,66,49,49,49,49,48,44,44,44,7,71,71,71,71,20,71,71,71,31,0],"gold":44,"neow_bonus":"THREE_ENEMY_KILL","is_prod":false,"is_daily":false,"chose_seed":false,"campfire_upgraded":7,"win_rate":0,"timestamp":1542954185,"path_taken":["M","?","M","M","?","R","E","?","T","M","$","R","M","M","R","BOSS","M","M","M","M","$","E","R","E","T","E","?","?","?","E","R","BOSS","M","M","?","?","$","R","E","M","T","R","E","?","$","?","R","BOSS","R","$","E","BOSS"],"build_version":"2018-11-15","purchased_purges":3,"victory":false,"max_hp_per_floor":[70,70,70,70,70,70,70,70,70,70,70,70,70,70,70,70,70,70,70,70,70,70,70,70,70,70,70,70,70,70,70,70,70,75,75,75,75,71,71,71,71,71,71,71,71,71,71,71,71,71,71,71,71,73,73],"card_choices":[{"not_picked":["Dash","Sucker Punch"],"picked":"Dagger Spray","floor":1.0},{"not_picked":["Slice","Flying Knee"],"picked":"Cloak And Dagger","floor":3.0},{"not_picked":["Concentrate","Backflip"],"picked":"Quick Slash","floor":4.0},{"not_picked":["Poisoned Stab","Prepared"],"picked":"Cloak And Dagger","floor":5.0},{"not_picked":["Infinite Blades","Deflect"],"picked":"Backstab","floor":7.0},{"not_picked":["Choke","Deadly Poison","Masterful Stab"],"picked":"SKIP","floor":10.0},{"not_picked":["Escape Plan","Outmaneuver","All Out Attack"],"picked":"SKIP","floor":13.0},{"not_picked":["Crippling Poison","Underhanded Strike"],"picked":"Dodge and Roll","floor":14.0},{"not_picked":["Tools of the Trade","Unload"],"picked":"Adrenaline","floor":16.0},{"not_picked":["Dagger Throw","Tactician"],"picked":"Deadly Poison+1","floor":18.0},{"not_picked":["Dagger Spray","Outmaneuver+1"],"picked":"Quick Slash+1","floor":19.0},{"not_picked":["Deadly Poison","Sucker Punch"],"picked":"Quick Slash+1","floor":21.0},{"not_picked":["Corpse Explosion","Bouncing Flask"],"picked":"Terror","floor":23.0},{"not_picked":["Finisher","Tactician","Outmaneuver"],"picked":"SKIP","floor":25.0},{"not_picked":["Acrobatics","Backflip"],"picked":"Caltrops+1","floor":27.0},{"not_picked":["Deadly Poison","Prepared+1","Acrobatics"],"picked":"SKIP","floor":31.0},{"not_picked":["Die Die Die","A Thousand Cuts"],"picked":"Glass Knife","floor":33.0},{"not_picked":["Dagger Spray","Catalyst"],"picked":"Leg Sweep+1","floor":35.0},{"not_picked":["Dagger Spray+1","Caltrops"],"picked":"Footwork+1","floor":36.0},{"not_picked":["Choke","Poisoned Stab+1"],"picked":"Catalyst+1","floor":37.0},{"not_picked":["Backflip","Flying Knee+1","Underhanded Strike+1"],"picked":"SKIP","floor":41.0},{"not_picked":["Distraction+1","Escape Plan+1"],"picked":"Well Laid Plans+1","floor":42.0},{"not_picked":["Well Laid Plans","Grand Finale"],"picked":"Deadly Poison+1","floor":45.0},{"not_picked":["Purity","Forethought"],"picked":"Impatience","floor":48.0},{"not_picked":["Acrobatics","Bouncing Flask","Backflip+1"],"picked":"Singing Bowl","floor":54}],"player_experience":236503,"relics_obtained":[{"floor":7.0,"key":"Ginger"},{"floor":9.0,"key":"Paper Crane"},{"floor":23.0,"key":"Bag of Marbles"},{"floor":25.0,"key":"Dodecahedron"},{"floor":27.0,"key":"Juzu Bracelet"},{"floor":31.0,"key":"The Courier"},{"floor":37.0,"key":"Turnip"},{"floor":41.0,"key":"Calipers"},{"floor":43.0,"key":"Singing Bowl"},{"floor":45.0,"key":"Matryoshka"},{"floor":54,"key":"Orichalcum"}],"event_choices":[{"damage_healed":0.0,"max_hp_gain":0.0,"max_hp_loss":0.0,"gold_gain":0.0,"event_name":"Accursed Blacksmith","player_choice":"Forge","floor":2.0,"gold_loss":0.0,"damage_taken":0.0,"cards_upgraded":["Neutralize"]},{"damage_healed":0.0,"max_hp_gain":0.0,"max_hp_loss":0.0,"gold_gain":175.0,"event_name":"Liars Game","player_choice":"AGREE","floor":8.0,"gold_loss":0.0,"damage_taken":0.0,"cards_obtained":["Doubt"]},{"damage_healed":0.0,"max_hp_gain":0.0,"max_hp_loss":0.0,"gold_gain":0.0,"cards_transformed":["Strike_G","Strike_G"],"event_name":"Drug Dealer","player_choice":"Became Test Subject","floor":28.0,"gold_loss":0.0,"damage_taken":0.0,"cards_obtained":["Dagger Spray","Sucker Punch"]},{"damage_healed":0.0,"max_hp_gain":0.0,"max_hp_loss":0.0,"gold_gain":0.0,"event_name":"The Mausoleum","player_choice":"Ignored","floor":29.0,"gold_loss":0.0,"damage_taken":0.0},{"damage_healed":0.0,"max_hp_gain":0.0,"max_hp_loss":0.0,"gold_gain":0.0,"event_name":"Duplicator","player_choice":"Copied","floor":30.0,"gold_loss":0.0,"damage_taken":0.0,"cards_obtained":["Dodge and Roll"]},{"damage_healed":0.0,"max_hp_gain":0.0,"max_hp_loss":0.0,"gold_gain":0.0,"event_name":"Mysterious Sphere","player_choice":"Fight","floor":37.0,"gold_loss":0.0,"damage_taken":0.0},{"damage_healed":0.0,"max_hp_gain":0.0,"max_hp_loss":4.0,"gold_gain":0.0,"event_name":"Winding Halls","player_choice":"Max HP","floor":38.0,"gold_loss":0.0,"damage_taken":0.0},{"damage_healed":64.0,"max_hp_gain":0.0,"max_hp_loss":0.0,"gold_gain":0.0,"event_name":"MindBloom","player_choice":"Heal","floor":46.0,"gold_loss":0.0,"damage_taken":0.0,"cards_obtained":["Doubt"]},{"damage_healed":0.0,"max_hp_gain":0.0,"max_hp_loss":0.0,"gold_gain":0.0,"event_name":"SensoryStone","player_choice":"Memory 1","floor":48.0,"gold_loss":0.0,"damage_taken":0.0}],"is_beta":false,"boss_relics":[{"not_picked":["Velvet Choker","Philosopher\u0027s Stone"],"picked":"WristBlade"},{"not_picked":["Pandora\u0027s Box","HoveringKite"],"picked":"Tiny House"}],"items_purged_floors":[11,22,39],"is_endless":false,"potions_floor_spawned":[1,5,13,14,16,21,25,27,33,35,45,54],"killed_by":"The Heart","ascension_level":4}