{"gold_per_floor":[118,118,128,128,146,180,195,195],"floor_reached":8,"playtime":522,"items_purged":[],"score":110,"play_id":"ccbdced0-e6a7-46c7-90a5-b5656b54cfd2","local_time":"20190422233759","is_ascension_mode":true,"campfire_choices":[],"neow_cost":"NONE","seed_source_timestamp":12563935035478,"circlet_count":0,"master_deck":["AscendersBane","Strike_B","Strike_B","Strike_B","Defend_B","Defend_B","Defend_B","Defend_B","Zap+1","Dualcast","Glacier","Capacitor","Coolheaded","Cold Snap"],"relics":["Cracked Core","Strawberry","Regal Pillow"],"potions_floor_usage":[8,8],"damage_taken":[{"damage":7,"enemies":"Jaw Worm","floor":1,"turns":4},{"damage":0,"enemies":"2 Louse","floor":3,"turns":3},{"damage":0,"enemies":"Cultist","floor":5,"turns":4},{"damage":13,"enemies":"3 Sentries","floor":6,"turns":15},{"damage":0,"enemies":"3 Louse","floor":7,"turns":5},{"damage":71,"enemies":"Gremlin Nob","floor":8,"turns":7}],"seed_played":"-8821545166392736417","potions_obtained":[{"floor":1,"key":"Weak Potion"},{"floor":5,"key":"SpeedPotion"}],"is_trial":false,"path_per_floor":["M","?","M","?","M","E","M","E"],"character_chosen":"DEFECT","items_purchased":[],"campfire_rested":0,"item_purchase_floors":[],"current_hp_per_floor":[64,64,64,64,64,51,51,0],"gold":195,"neow_bonus":"RANDOM_COMMON_RELIC","is_prod":false,"is_daily":false,"chose_seed":false,"campfire_upgraded":0,"win_rate":0,"timestamp":1555969079,"path_taken":["M","?","M","?","M","E","M","E"],"build_version":"2019-01-23","purchased_purges":0,"victory":false,"max_hp_per_floor":[78,78,78,78,78,78,78,78],"card_choices":[{"not_picked":["FTL","Rebound"],"picked":"Glacier","floor":1},{"not_picked":["Steam","Leap"],"picked":"Capacitor","floor":3},{"not_picked":["Steam","Turbo"],"picked":"Coolheaded","floor":5},{"not_picked":["Double Energy","Stack","Steam Power"],"picked":"SKIP","floor":6},{"not_picked":["Static Discharge","Reboot"],"picked":"Cold Snap","floor":7}],"player_experience":693673,"relics_obtained":[{"floor":6,"key":"Regal Pillow"}],"event_choices":[{"damage_healed":0,"gold_gain":0,"player_choice":"Grow","damage_taken":0,"max_hp_gain":0,"max_hp_loss":0,"event_name":"Living Wall","floor":2,"gold_loss":0,"cards_upgraded":["Zap"]},{"cards_removed":["Strike_B"],"damage_healed":0,"gold_gain":0,"player_choice":"Offered Basic","damage_taken":0,"max_hp_gain":0,"max_hp_loss":0,"event_name":"Bonfire Elementals","floor":4,"gold_loss":0}],"is_beta":false,"boss_relics":[],"items_purged_floors":[],"is_endless":false,"potions_floor_spawned":[1,5,7],"killed_by":"Gremlin Nob","ascension_level":18}