{"gold_per_floor":[115,115,134,161,181,216,216,216,241,241,251,281,295,314,314,390,390],"floor_reached":17,"playtime":554,"items_purged":[],"score":334,"play_id":"069211c6-5daa-4419-bd63-f4dfc05eaa95","local_time":"20190330002907","is_ascension_mode":true,"campfire_choices":[{"data":"Zap","floor":7,"key":"SMITH"},{"data":"Biased Cognition","floor":10,"key":"SMITH"},{"floor":15,"key":"REST"}],"neow_cost":"PERCENT_DAMAGE","seed_source_timestamp":11302867787562,"circlet_count":0,"master_deck":["AscendersBane","Strike_B","Strike_B","Strike_B","Strike_B","Defend_B","Defend_B","Defend_B","Defend_B","Zap+1","Dualcast","Biased Cognition+1","FTL","Leap","Conserve Battery","Auto Shields","Sweeping Beam","Leap","Coolheaded","Electrodynamics"],"relics":["Cracked Core","Vajra","Calipers","Pen Nib","Question Card"],"potions_floor_usage":[16,16],"damage_taken":[{"damage":4,"enemies":"Jaw Worm","floor":1,"turns":4},{"damage":0,"enemies":"Small Slimes","floor":3,"turns":2},{"damage":2,"enemies":"2 Louse","floor":5,"turns":2},{"damage":11,"enemies":"Gremlin Nob","floor":6,"turns":3},{"damage":6,"enemies":"Looter","floor":11,"turns":3},{"damage":18,"enemies":"3 Sentries","floor":12,"turns":8},{"damage":8,"enemies":"Blue Slaver","floor":13,"turns":2},{"damage":2,"enemies":"Large Slime","floor":14,"turns":4},{"damage":19,"enemies":"The Guardian","floor":16,"turns":16}],"seed_played":"-8919109187982564112","potions_obtained":[{"floor":1,"key":"GamblersBrew"},{"floor":3,"key":"EssenceOfSteel"},{"floor":12,"key":"Weak Potion"}],"is_trial":false,"path_per_floor":["M","?","M","T","M","E","R","?","T","R","M","E","M","M","R","B",null],"character_chosen":"DEFECT","items_purchased":[],"campfire_rested":1,"item_purchase_floors":[],"current_hp_per_floor":[42,65,65,65,63,52,52,52,52,52,46,28,20,18,39,20,20],"gold":390,"neow_bonus":"THREE_RARE_CARDS","is_prod":false,"is_daily":false,"chose_seed":false,"campfire_upgraded":2,"win_rate":0,"timestamp":1553923747,"path_taken":["M","?","M","?","M","E","R","?","T","R","M","E","M","?","R","BOSS"],"build_version":"2019-01-23","purchased_purges":0,"victory":false,"max_hp_per_floor":[71,71,71,71,71,71,71,71,71,71,71,71,71,71,71,71,71],"card_choices":[{"not_picked":["Reboot","Thunder Strike"],"picked":"Biased Cognition","floor":0},{"not_picked":["Lockon","Coolheaded"],"picked":"FTL","floor":1},{"not_picked":["Barrage","Steam Power","Streamline"],"picked":"SKIP","floor":3},{"not_picked":["Beam Cell","Tempest"],"picked":"Leap","floor":5},{"not_picked":["Chaos","Fission"],"picked":"Conserve Battery","floor":6},{"not_picked":["Sweeping Beam","Gash"],"picked":"Auto Shields","floor":11},{"not_picked":["BootSequence","Beam Cell"],"picked":"Sweeping Beam","floor":12},{"not_picked":["Sweeping Beam","Recycle","Stack"],"picked":"Leap","floor":13},{"not_picked":["Steam","Gash","Reinforced Body"],"picked":"Coolheaded","floor":14},{"not_picked":["Amplify","All For One","Meteor Strike"],"picked":"Electrodynamics","floor":16}],"player_experience":1196824,"relics_obtained":[{"floor":4,"key":"Vajra"},{"floor":6,"key":"Calipers"},{"floor":9,"key":"Pen Nib"},{"floor":12,"key":"Question Card"}],"event_choices":[{"damage_healed":23,"gold_gain":0,"player_choice":"Banana","damage_taken":0,"max_hp_gain":0,"max_hp_loss":0,"event_name":"Big Fish","floor":2,"gold_loss":0},{"damage_healed":0,"gold_gain":0,"player_choice":"Ignored","damage_taken":0,"max_hp_gain":0,"max_hp_loss":0,"event_name":"Golden Idol","floor":8,"gold_loss":0}],"is_beta":false,"boss_relics":[],"items_purged_floors":[],"is_endless":false,"potions_floor_spawned":[1,3,6,12,14],"ascension_level":20}