{"gold_per_floor":[112,112,130,1,18,28,39,56,56,56,34,62,62,89,89,186,186,205,304,322,333,333,333,352,371,371,399,399],"floor_reached":28,"playtime":1487,"items_purged":["Defend_B"],"score":254,"play_id":"cac6ea77-8def-4558-b28e-ad737cbb4803","local_time":"20181002131405","is_ascension_mode":true,"campfire_choices":[{"floor":15,"key":"REST"},{"data":"Chill","floor":23,"key":"SMITH"}],"neow_cost":"NONE","seed_source_timestamp":235047286572453,"circlet_count":0,"master_deck":["Strike_B","Strike_B","Strike_B","Strike_B","Defend_B","Defend_B","Defend_B","Zap","Dualcast","Glacier","Chill+1","Sweeping Beam","Leap","Streamline","Go for the Eyes","Blizzard","Steam","Cold Snap","Ball Lightning+1","Conserve Battery","Conserve Battery","Turbo+1","Barrage+1","Shame","Redo+1"],"relics":["Cracked Core","NeowsBlessing","Ginger","Odd Mushroom","Ice Cream","Cursed Key","Bottled Lightning","The Courier"],"potions_floor_usage":[8],"damage_taken":[{"damage":0,"enemies":"Small Slimes","floor":1,"turns":1},{"damage":0,"enemies":"Cultist","floor":3,"turns":1},{"damage":0,"enemies":"2 Louse","floor":5,"turns":1},{"damage":1,"enemies":"Looter","floor":6,"turns":4},{"damage":13,"enemies":"Gremlin Gang","floor":7,"turns":5},{"damage":22,"enemies":"Large Slime","floor":8,"turns":5},{"damage":7,"enemies":"The Mushroom Lair","floor":12,"turns":6},{"damage":28,"enemies":"Gremlin Nob","floor":14,"turns":5},{"damage":30,"enemies":"Slime Boss","floor":16,"turns":12},{"damage":6,"enemies":"Shell Parasite","floor":18,"turns":7},{"damage":0,"enemies":"Chosen","floor":20,"turns":5},{"damage":19,"enemies":"Centurion and Healer","floor":21,"turns":7},{"damage":0,"enemies":"Shelled Parasite and Fungi","floor":24,"turns":8},{"damage":17,"enemies":"Chosen and Byrds","floor":25,"turns":7},{"damage":21,"enemies":"Book of Stabbing","floor":27,"turns":7},{"damage":0,"enemies":"Snecko","floor":28,"turns":1}],"seed_played":"-2869789381819324455","potions_obtained":[{"floor":1,"key":"Fruit Juice"},{"floor":3,"key":"Regen Potion"},{"floor":5,"key":"PowerPotion"},{"floor":12,"key":"Fruit Juice"},{"floor":14,"key":"SpeedPotion"}],"is_trial":false,"path_per_floor":["M","?","M","$","M","M","M","M","T","?","$","?","$","E","R","B",null,"M","?","M","M","?","R","M","M","T","E"],"character_chosen":"DEFECT","items_purchased":["Sweeping Beam","Steam"],"campfire_rested":1,"item_purchase_floors":[4,11],"current_hp_per_floor":[75,75,75,75,75,74,61,39,39,64,64,57,57,29,51,21,75,69,69,69,50,50,50,50,33,33,12,12],"gold":399,"neow_bonus":"THREE_ENEMY_KILL","is_prod":false,"is_daily":false,"chose_seed":false,"campfire_upgraded":1,"win_rate":0,"timestamp":1538478845,"path_taken":["M","?","M","$","M","M","?","M","T","?","$","?","?","E","R","BOSS","M","?","?","M","?","R","M","M","T","E","M"],"build_version":"2018-09-27","purchased_purges":1,"victory":false,"max_hp_per_floor":[75,75,75,75,75,75,75,75,75,75,75,75,75,75,75,75,75,75,75,75,75,75,75,75,75,75,75,75],"card_choices":[{"not_picked":["Rip and Tear","Scrape"],"picked":"Glacier","floor":1},{"not_picked":["Redo","Turbo"],"picked":"Chill","floor":3},{"not_picked":["Sweeping Beam","Hello World"],"picked":"Leap","floor":5},{"not_picked":["Coolheaded","FTL"],"picked":"Streamline","floor":6},{"not_picked":["Hologram","Turbo"],"picked":"Go for the Eyes","floor":7},{"not_picked":["Leap","Rainbow"],"picked":"Blizzard","floor":8},{"not_picked":["Redo","Lockon"],"picked":"Cold Snap","floor":14},{"not_picked":["Loop+1","White Noise"],"picked":"Ball Lightning+1","floor":18},{"not_picked":["Beam Cell","Hologram"],"picked":"Conserve Battery","floor":20},{"not_picked":["Double Energy","Force Field+1"],"picked":"Conserve Battery","floor":21},{"not_picked":["Redo","Coolheaded+1"],"picked":"Turbo+1","floor":24},{"not_picked":["Aggregate","Streamline+1"],"picked":"Barrage+1","floor":25},{"not_picked":["Turbo+1","Capacitor"],"picked":"Redo+1","floor":27}],"player_experience":105637,"relics_obtained":[{"floor":9,"key":"Ginger"},{"floor":12,"key":"Odd Mushroom"},{"floor":14,"key":"Ice Cream"},{"floor":26,"key":"Bottled Lightning"},{"floor":27,"key":"The Courier"}],"event_choices":[{"event_name":"Scrap Ooze","player_choice":"unsuccessful","floor":2,"damage_taken":0},{"event_name":"Big Fish","player_choice":"Banana","floor":10,"damage_taken":0},{"event_name":"Mushrooms","player_choice":"Fought Mushrooms","floor":12,"damage_taken":0},{"event_name":"Nest","player_choice":"Stole From Cult","floor":19,"damage_taken":0},{"event_name":"Cursed Tome","player_choice":"Ignored","floor":22,"damage_taken":0}],"is_beta":false,"boss_relics":[{"not_picked":["Inserter","Empty Cage"],"picked":"Cursed Key"}],"items_purged_floors":[4],"is_endless":false,"potions_floor_spawned":[1,3,5,12,14,16,20,21,25,27],"killed_by":"Snecko","ascension_level":1}