{"gold_per_floor":[117,117,132,142,158,308,308,308,308,330,350,350,33,46,46,123,123,134,134,147,161,181,181,194,194,194,194,224,224,224,224,224,224],"floor_reached":33,"playtime":1332,"items_purged":[],"score":514,"play_id":"c7eb14da-3275-4a8f-8427-548c5599745c","local_time":"20190319004729","is_ascension_mode":true,"campfire_choices":[{"data":"Shockwave","floor":7.0,"key":"SMITH"},{"data":"Demon Form","floor":12.0,"key":"SMITH"},{"floor":15.0,"key":"REST"},{"floor":23.0,"key":"REST"},{"floor":25.0,"key":"REST"},{"data":"Armaments","floor":27,"key":"SMITH"},{"data":"Clothesline","floor":29,"key":"SMITH"},{"floor":32,"key":"REST"}],"neow_cost":"NONE","seed_source_timestamp":1021411236397685,"circlet_count":0,"master_deck":["AscendersBane","Strike_R","Strike_R","Strike_R","Strike_R","Strike_R","Defend_R","Defend_R","Defend_R","Defend_R","Bash","Clothesline+1","Shockwave+1","Demon Form+1","Battle Trance","Metallicize+1","Offering","Necronomicurse","Iron Wave+1","Armaments+1","Dropkick","Decay"],"special_seed":0,"relics":["Burning Blood","Frozen Egg 2","Odd Mushroom","Self Forming Clay","Cursed Key","Necronomicon","WingedGreaves"],"potions_floor_usage":[],"damage_taken":[{"damage":19.0,"enemies":"Small Slimes","floor":1.0,"turns":3.0},{"damage":7.0,"enemies":"Cultist","floor":3.0,"turns":4.0},{"damage":1.0,"enemies":"2 Louse","floor":4.0,"turns":3.0},{"damage":25.0,"enemies":"Large Slime","floor":5.0,"turns":8.0},{"damage":41.0,"enemies":"The Mushroom Lair","floor":10.0,"turns":4.0},{"damage":3.0,"enemies":"Looter","floor":11.0,"turns":4.0},{"damage":9.0,"enemies":"Gremlin Gang","floor":14.0,"turns":6.0},{"damage":28.0,"enemies":"The Guardian","floor":16.0,"turns":10.0},{"damage":26.0,"enemies":"Shell Parasite","floor":18.0,"turns":7.0},{"damage":12.0,"enemies":"Spheric Guardian","floor":20.0,"turns":6.0},{"damage":7.0,"enemies":"Snecko","floor":21.0,"turns":7.0},{"damage":9.0,"enemies":"Chosen and Byrds","floor":22.0,"turns":5.0},{"damage":23.0,"enemies":"Centurion and Healer","floor":24.0,"turns":6.0},{"damage":24,"enemies":"Slavers","floor":28,"turns":6},{"damage":76,"enemies":"Automaton","floor":33,"turns":6}],"seed_played":"4589187725094380908","potions_obtained":[{"floor":4.0,"key":"LiquidBronze"},{"floor":5.0,"key":"PowerPotion"},{"floor":10.0,"key":"Block Potion"},{"floor":14.0,"key":"GamblersBrew"},{"floor":20.0,"key":"Weak Potion"},{"floor":22.0,"key":"Regen Potion"}],"is_trial":false,"path_per_floor":["M","?","M","M","M","?","R","?","T","?","M","R","$","M","R","B",null,"M","?","M","M","M","R","M","R","T","R","E","R","?","?","R","B"],"character_chosen":"IRONCLAD","items_purchased":["Self Forming Clay","Metallicize+1"],"campfire_rested":4,"item_purchase_floors":[13,13],"current_hp_per_floor":[55,85,84,85,66,66,66,59,59,24,27,27,27,24,49,27,71,51,30,24,23,20,45,43,68,68,68,50,50,50,50,75,0],"gold":224,"neow_bonus":"ONE_RANDOM_RARE_CARD","is_prod":false,"is_daily":false,"chose_seed":false,"campfire_upgraded":4,"win_rate":0,"timestamp":1552924049,"path_taken":["M","?","M","M","?","?","R","?","T","?","M","R","$","M","R","BOSS","M","?","M","M","M","R","M","R","T","R","E","R","?","?","R","BOSS"],"build_version":"2019-01-23","purchased_purges":0,"victory":false,"max_hp_per_floor":[75,85,85,85,85,85,85,85,85,85,85,85,85,85,85,85,85,85,85,85,85,85,85,85,85,85,85,85,85,85,85,85,85],"card_choices":[{"not_picked":["Flex","Rage","Sentinel"],"picked":"SKIP","floor":1.0},{"not_picked":["Thunderclap","Headbutt"],"picked":"Clothesline","floor":3.0},{"not_picked":["Body Slam","Twin Strike"],"picked":"Shockwave","floor":4.0},{"not_picked":["Headbutt","Twin Strike"],"picked":"Demon Form","floor":5.0},{"not_picked":["Clothesline","Havoc"],"picked":"Battle Trance","floor":10.0},{"not_picked":["Twin Strike","Blood for Blood","Entrench"],"picked":"SKIP","floor":11.0},{"not_picked":["Body Slam","Sword Boomerang","Pommel Strike"],"picked":"SKIP","floor":14.0},{"not_picked":["Limit Break","Juggernaut+1"],"picked":"Offering","floor":16.0},{"not_picked":["True Grit","Seeing Red","Headbutt"],"picked":"SKIP","floor":18.0},{"not_picked":["Perfected Strike","Body Slam"],"picked":"Iron Wave","floor":20.0},{"not_picked":["Flex+1","Body Slam"],"picked":"Armaments","floor":21.0},{"not_picked":["Searing Blow","Armaments"],"picked":"Dropkick","floor":22.0},{"not_picked":["Sentinel","Armaments","Rampage"],"picked":"SKIP","floor":24.0},{"not_picked":["Combust+1","Reckless Charge","Barricade+1"],"picked":"SKIP","floor":28}],"player_experience":747261,"relics_obtained":[{"floor":9.0,"key":"Frozen Egg 2"},{"floor":10.0,"key":"Odd Mushroom"},{"floor":19.0,"key":"Necronomicon"},{"floor":28,"key":"WingedGreaves"}],"event_choices":[{"cards_removed":["Dark Embrace"],"damage_healed":20.0,"max_hp_gain":10.0,"max_hp_loss":0.0,"gold_gain":0.0,"event_name":"Bonfire Elementals","player_choice":"Offered Rare","floor":2.0,"gold_loss":0.0,"damage_taken":0.0},{"damage_healed":0.0,"max_hp_gain":0.0,"max_hp_loss":0.0,"gold_gain":150.0,"event_name":"Liars Game","player_choice":"AGREE","floor":6.0,"gold_loss":0.0,"damage_taken":0.0,"cards_obtained":["Doubt"]},{"cards_removed":["Doubt"],"damage_healed":0.0,"max_hp_gain":0.0,"max_hp_loss":0.0,"gold_gain":0.0,"event_name":"Golden Wing","player_choice":"Card Removal","floor":8.0,"gold_loss":0.0,"damage_taken":7.0},{"damage_healed":0.0,"max_hp_gain":0.0,"max_hp_loss":0.0,"gold_gain":0.0,"event_name":"Mushrooms","player_choice":"Fought Mushrooms","floor":10.0,"gold_loss":0.0,"damage_taken":0.0},{"damage_healed":0.0,"max_hp_gain":0.0,"max_hp_loss":0.0,"gold_gain":0.0,"event_name":"Cursed Tome","player_choice":"Obtained Book","floor":19.0,"gold_loss":0.0,"damage_taken":21.0},{"damage_healed":0,"gold_gain":0,"player_choice":"Smashed Altar","damage_taken":0,"max_hp_gain":0,"max_hp_loss":0,"event_name":"Forgotten Altar","floor":30,"gold_loss":0,"cards_obtained":["Decay"]},{"damage_healed":0,"gold_gain":0,"player_choice":"Upgraded","damage_taken":0,"max_hp_gain":0,"max_hp_loss":0,"event_name":"Upgrade Shrine","floor":31,"gold_loss":0,"cards_upgraded":["Iron Wave"]}],"is_beta":false,"boss_relics":[{"not_picked":["Orrery","Empty Cage"],"picked":"Cursed Key"}],"items_purged_floors":[],"is_endless":false,"potions_floor_spawned":[4,5,10,14,20,22],"killed_by":"Automaton","ascension_level":20}