{"gold_per_floor":[114,134,151,151,169,199,199,220,220,253,428,461,476,496,496,593,593,548,435,435,435,435,435,435,435,435,435,435,435,435,5,5,5],"floor_reached":33,"playtime":4232,"items_purged":["Doubt","Defend_R"],"score":322,"play_id":"1449acb5-9fd9-4ce2-b22e-846d973df4af","local_time":"20181123124232","is_ascension_mode":true,"campfire_choices":[{"floor":7,"key":"RECALL"},{"data":"Disarm","floor":15,"key":"SMITH"},{"data":"Rampage","floor":24,"key":"SMITH"},{"data":"Pommel Strike","floor":27,"key":"SMITH"},{"data":"Juggernaut","floor":32,"key":"SMITH"}],"neow_cost":"NONE","seed_source_timestamp":753341155192031,"circlet_count":0,"master_deck":["Strike_R","Strike_R","Strike_R","Strike_R","Defend_R","Defend_R","Defend_R","Bash","Forethought","Disarm+1","Clothesline","Shrug It Off","Pommel Strike+1","Pommel Strike","Ghostly Armor+1","Infernal Blade+1","Shrug It Off+1","Rampage+1","Double Tap+1","Body Slam+1","Entrench+1","Armaments+1","Clothesline+1","Cleave","Thunderclap+1","Battle Trance+1","Perfected Strike","Juggernaut+1","Chrysalis+1"],"relics":["Burning Blood","Anchor","Odd Mushroom","Toxic Egg 2","Meat on the Bone","Bottled Lightning","Ectoplasm","Darkstone Periapt","Question Card","Paper Frog","PreservedInsect"],"potions_floor_usage":[6,8,10,10,23,30,33],"damage_taken":[{"damage":4,"enemies":"Cultist","floor":1,"turns":4},{"damage":5,"enemies":"Small Slimes","floor":2,"turns":5},{"damage":10,"enemies":"Jaw Worm","floor":3,"turns":5},{"damage":14,"enemies":"Large Slime","floor":5,"turns":9},{"damage":12,"enemies":"Lagavulin","floor":6,"turns":4},{"damage":11,"enemies":"The Mushroom Lair","floor":8,"turns":4},{"damage":17,"enemies":"3 Sentries","floor":10,"turns":10},{"damage":21,"enemies":"Lagavulin","floor":12,"turns":10},{"damage":30,"enemies":"Gremlin Gang","floor":13,"turns":7},{"damage":2,"enemies":"3 Louse","floor":14,"turns":4},{"damage":13,"enemies":"The Guardian","floor":16,"turns":15},{"damage":12,"enemies":"2 Thieves","floor":18,"turns":4},{"damage":4,"enemies":"3 Byrds","floor":21,"turns":6},{"damage":20,"enemies":"Cultist and Chosen","floor":22,"turns":7},{"damage":31,"enemies":"Slavers","floor":23,"turns":7},{"damage":3,"enemies":"Centurion and Healer","floor":25,"turns":7},{"damage":0,"enemies":"Chosen and Byrds","floor":28,"turns":6},{"damage":4,"enemies":"Book of Stabbing","floor":30,"turns":6},{"damage":70,"enemies":"Automaton","floor":33,"turns":6}],"seed_played":"-4913102170102996991","potions_obtained":[{"floor":1,"key":"AttackPotion"},{"floor":2,"key":"Explosive Potion"},{"floor":5,"key":"Poison Potion"},{"floor":8,"key":"Energy Potion"},{"floor":12,"key":"EssenceOfSteel"},{"floor":14,"key":"SteroidPotion"},{"floor":21,"key":"Poison Potion"},{"floor":22,"key":"Explosive Potion"},{"floor":25,"key":"SkillPotion"},{"floor":30,"key":"Weak Potion"}],"is_trial":false,"path_per_floor":["M","M","M","T","M","E","R","?","T","E","?","E","M","M","R","B",null,"M","$","?","M","M","E","R","M","T","R","M","?","E","$","R","B"],"character_chosen":"IRONCLAD","items_purchased":["Entrench+1","PreservedInsect","Chrysalis+1"],"campfire_rested":0,"item_purchase_floors":[19,31,31],"current_hp_per_floor":[80,80,76,76,68,62,62,57,57,46,46,43,31,47,47,52,80,74,74,74,76,62,49,49,52,52,52,58,58,60,60,60,0],"gold":5,"neow_bonus":"RANDOM_COLORLESS","is_prod":false,"is_daily":false,"chose_seed":false,"campfire_upgraded":4,"win_rate":0,"timestamp":1542994952,"path_taken":["M","M","M","?","M","E","R","?","T","E","?","E","M","M","R","BOSS","M","$","?","M","M","E","R","M","T","R","?","?","E","$","R","BOSS"],"build_version":"2018-11-15","purchased_purges":2,"victory":false,"max_hp_per_floor":[80,80,80,80,80,80,80,80,80,80,80,80,80,80,80,80,80,80,80,80,80,80,80,80,80,80,80,80,80,80,80,80,80],"card_choices":[{"not_picked":["Carnage","Spot Weakness"],"picked":"Disarm","floor":1},{"not_picked":["Heavy Blade","Second Wind","Clash"],"picked":"SKIP","floor":2},{"not_picked":["Iron Wave","Rage"],"picked":"Clothesline","floor":3},{"not_picked":["Clash","Intimidate"],"picked":"Shrug It Off","floor":5},{"not_picked":["Second Wind","Spot Weakness"],"picked":"Pommel Strike","floor":6},{"not_picked":["Bludgeon","Clothesline"],"picked":"Pommel Strike","floor":8},{"not_picked":["Berserk","Pummel"],"picked":"Ghostly Armor+1","floor":10},{"not_picked":["Cleave","Uppercut"],"picked":"Infernal Blade+1","floor":12},{"not_picked":["Intimidate+1","Perfected Strike"],"picked":"Shrug It Off+1","floor":13},{"not_picked":["Second Wind+1","Reckless Charge"],"picked":"Rampage","floor":14},{"not_picked":["Limit Break+1","Fiend Fire"],"picked":"Double Tap+1","floor":16},{"not_picked":["Heavy Blade","Feel No Pain"],"picked":"Body Slam+1","floor":18},{"not_picked":["Pummel+1","Twin Strike"],"picked":"Armaments+1","floor":21},{"not_picked":["Heavy Blade","True Grit+1"],"picked":"Clothesline+1","floor":22},{"not_picked":["Clothesline","Burning Pact+1"],"picked":"Cleave","floor":23},{"not_picked":["Intimidate+1","Cleave"],"picked":"Thunderclap+1","floor":25},{"not_picked":["Feel No Pain","Heavy Blade","Dual Wield+1"],"picked":"Battle Trance+1","floor":28},{"not_picked":["Spot Weakness+1","Clash+1","Armaments+1"],"picked":"Juggernaut","floor":30}],"player_experience":24901,"relics_obtained":[{"floor":6,"key":"Anchor"},{"floor":8,"key":"Odd Mushroom"},{"floor":9,"key":"Toxic Egg 2"},{"floor":10,"key":"Meat on the Bone"},{"floor":12,"key":"Bottled Lightning"},{"floor":23,"key":"Darkstone Periapt"},{"floor":26,"key":"Question Card"},{"floor":30,"key":"Paper Frog"}],"event_choices":[{"damage_healed":0,"gold_gain":0,"player_choice":"Fought Mushrooms","damage_taken":0,"max_hp_gain":0,"max_hp_loss":0,"event_name":"Mushrooms","floor":8,"gold_loss":0},{"damage_healed":0,"gold_gain":175,"player_choice":"AGREE","damage_taken":0,"max_hp_gain":0,"max_hp_loss":0,"event_name":"Liars Game","floor":11,"gold_loss":0,"cards_obtained":["Doubt"]},{"cards_removed":["Strike_R"],"damage_healed":0,"gold_gain":0,"player_choice":"Purged","damage_taken":0,"max_hp_gain":0,"max_hp_loss":0,"event_name":"Purifier","floor":20,"gold_loss":0},{"damage_healed":0,"gold_gain":0,"player_choice":"Read","damage_taken":0,"max_hp_gain":0,"max_hp_loss":0,"event_name":"The Library","floor":29,"gold_loss":0,"cards_obtained":["Perfected Strike"]}],"is_beta":false,"boss_relics":[{"not_picked":["Cursed Key","Orrery"],"picked":"Ectoplasm"}],"items_purged_floors":[19,31],"is_endless":false,"potions_floor_spawned":[1,2,5,8,12,14,21,22,25,30],"killed_by":"Automaton","ascension_level":1}