{"gold_per_floor":[116,116,127,52,64,64,83,83,109,109,59,73,138,138,138,138],"floor_reached":16,"playtime":619,"items_purged":["Strike_G"],"score":115,"play_id":"ddf820cf-9dec-4e9a-b8b4-8c9bdbec428b","local_time":"20181014172845","is_ascension_mode":true,"campfire_choices":[{"data":"Neutralize","floor":6,"key":"SMITH"},{"data":"Dodge and Roll","floor":8,"key":"SMITH"},{"data":"PiercingWail","floor":10,"key":"SMITH"},{"floor":15,"key":"REST"}],"neow_cost":"","seed_source_timestamp":180938986391881,"circlet_count":0,"master_deck":["Defend_G+1","Defend_G","Defend_G","Defend_G","Defend_G","Strike_G","Strike_G","Strike_G+1","Survivor","Neutralize+1","Deadly Poison","PiercingWail+1","Deadly Poison","Dodge and Roll+1","Crippling Poison","Deadly Poison"],"relics":["Ring of the Snake","Smiling Mask","Tiny Chest"],"potions_floor_usage":[13,16],"damage_taken":[{"damage":7,"enemies":"Small Slimes","floor":1,"turns":4},{"damage":15,"enemies":"Cultist","floor":3,"turns":5},{"damage":2,"enemies":"Jaw Worm","floor":5,"turns":5},{"damage":0,"enemies":"2 Fungi Beasts","floor":7,"turns":4},{"damage":0,"enemies":"Red Slaver","floor":12,"turns":4},{"damage":17,"enemies":"Gremlin Nob","floor":13,"turns":4},{"damage":43,"enemies":"Slime Boss","floor":16,"turns":9}],"seed_played":"-2214016393842467615","potions_obtained":[{"floor":5,"key":"SpeedPotion"},{"floor":7,"key":"FearPotion"},{"floor":13,"key":"FearPotion"}],"is_trial":false,"path_per_floor":["M","?","M","$","M","R","M","R","T","R","?","M","E","?","R"],"character_chosen":"THE_SILENT","items_purchased":[],"campfire_rested":1,"item_purchase_floors":[],"current_hp_per_floor":[63,63,48,48,46,46,46,46,46,46,46,46,29,15,36,0],"gold":138,"neow_bonus":"","is_prod":false,"is_daily":false,"chose_seed":false,"campfire_upgraded":3,"win_rate":0,"timestamp":1539530925,"path_taken":["M","?","M","$","M","R","M","R","T","R","?","M","E","?","R","BOSS"],"build_version":"2018-10-11","purchased_purges":1,"victory":false,"max_hp_per_floor":[70,70,70,70,70,70,70,70,70,70,70,70,70,70,70,70],"card_choices":[{"not_picked":["Outmaneuver","Acrobatics"],"picked":"Deadly Poison","floor":1},{"not_picked":["Catalyst","Cloak And Dagger"],"picked":"PiercingWail","floor":3},{"not_picked":["Blade Dance","Finisher"],"picked":"Deadly Poison","floor":5},{"not_picked":["Bane","Outmaneuver"],"picked":"Dodge and Roll","floor":7},{"not_picked":["Predator","Poisoned Stab"],"picked":"Crippling Poison","floor":12},{"not_picked":["Eviscerate","Doppelganger"],"picked":"Deadly Poison","floor":13}],"player_experience":182950,"relics_obtained":[{"floor":9,"key":"Smiling Mask"},{"floor":13,"key":"Tiny Chest"}],"event_choices":[{"event_name":"WeMeetAgain","player_choice":"Attack","floor":2,"damage_taken":0},{"event_name":"The Cleric","player_choice":"Card Removal","floor":11,"damage_taken":0},{"event_name":"Shining Light","player_choice":"Entered Light","floor":14,"damage_taken":0}],"is_beta":false,"boss_relics":[],"items_purged_floors":[4],"is_endless":false,"potions_floor_spawned":[5,7,13],"killed_by":"Slime Boss","ascension_level":3}