{"gold_per_floor":[119,134,134,134,154,154,172,172,172,97,127,71,87,97,97,169,169,182,11,11,11,21,53,53,53,53,70,87,87,105,118,118,118],"floor_reached":33,"playtime":1105,"items_purged":[],"score":538,"play_id":"6b28d771-a2d0-43d5-858c-31ba162a8343","local_time":"20190413040914","is_ascension_mode":true,"campfire_choices":[{"data":"Neutralize","floor":6,"key":"SMITH"},{"data":"All Out Attack","floor":8,"key":"SMITH"},{"data":"A Thousand Cuts","floor":15,"key":"SMITH"},{"data":"Blade Dance","floor":25,"key":"SMITH"},{"floor":29,"key":"REST"},{"floor":32,"key":"REST"}],"neow_cost":"NONE","seed_source_timestamp":137726316062600,"circlet_count":0,"master_deck":["AscendersBane","Defend_G+1","Defend_G+1","Defend_G+1","Defend_G+1","Defend_G+1","Strike_G+1","Strike_G+1","Strike_G+1","Strike_G+1","Survivor","Neutralize+1","All Out Attack+1","Dash+1","Underhanded Strike","Heel Hook","A Thousand Cuts+1","Blade Dance+1","Sucker Punch","Acrobatics","After Image","Caltrops","Writhe","Blade Dance+1","Endless Agony","Ghostly","Ghostly","Ghostly","Terror","Infinite Blades","PiercingWail"],"relics":["Ring of the Snake","NeowsBlessing","Strawberry","Bottled Flame","Kunai","Philosopher\u0027s Stone","Bag of Preparation","Juzu Bracelet","Paper Crane","Ginger"],"potions_floor_usage":[23,27],"damage_taken":[{"damage":0,"enemies":"Small Slimes","floor":1,"turns":1},{"damage":0,"enemies":"Jaw Worm","floor":2,"turns":1},{"damage":0,"enemies":"2 Louse","floor":5,"turns":1},{"damage":4,"enemies":"Blue Slaver","floor":7,"turns":4},{"damage":12,"enemies":"3 Sentries","floor":11,"turns":9},{"damage":0,"enemies":"Exordium Thugs","floor":13,"turns":4},{"damage":1,"enemies":"Red Slaver","floor":14,"turns":3},{"damage":19,"enemies":"Slime Boss","floor":16,"turns":10},{"damage":3,"enemies":"Chosen","floor":18,"turns":6},{"damage":13,"enemies":"Shell Parasite","floor":22,"turns":5},{"damage":43,"enemies":"Book of Stabbing","floor":23,"turns":5},{"damage":1,"enemies":"Snecko","floor":27,"turns":5},{"damage":8,"enemies":"Shelled Parasite and Fungi","floor":28,"turns":5},{"damage":10,"enemies":"Centurion and Healer","floor":30,"turns":4},{"damage":0,"enemies":"Sentry and Sphere","floor":31,"turns":5},{"damage":39,"enemies":"Champ","floor":33,"turns":9}],"seed_played":"1520351446405498183","potions_obtained":[{"floor":2,"key":"Block Potion"},{"floor":7,"key":"Regen Potion"},{"floor":23,"key":"Poison Potion"},{"floor":27,"key":"FearPotion"}],"is_trial":false,"path_per_floor":["M","M","?","T","M","R","M","R","T","?","E","$","M","M","R","B",null,"M","$","?","?","M","E","?","R","T","M","M","R","M","M","R","B"],"character_chosen":"THE_SILENT","items_purchased":["Blade Dance","Bag of Preparation"],"campfire_rested":2,"item_purchase_floors":[12,19],"current_hp_per_floor":[59,59,59,66,66,66,62,62,62,62,50,50,50,49,49,30,62,59,59,59,59,46,15,15,15,15,14,6,16,6,6,16,0],"gold":118,"neow_bonus":"THREE_ENEMY_KILL","is_prod":false,"is_daily":false,"chose_seed":false,"campfire_upgraded":4,"win_rate":0,"timestamp":1555121354,"path_taken":["M","M","?","?","M","R","M","R","T","?","E","?","?","M","R","BOSS","M","$","?","?","M","E","?","R","T","M","M","R","M","M","R","BOSS"],"build_version":"2019-01-23","purchased_purges":0,"victory":false,"max_hp_per_floor":[66,66,66,73,73,73,73,73,73,73,73,73,73,73,73,73,73,73,73,73,73,73,73,36,36,36,36,36,36,36,36,36,36],"card_choices":[{"not_picked":["Sucker Punch","Infinite Blades"],"picked":"All Out Attack","floor":1},{"not_picked":["Prepared","Heel Hook"],"picked":"Dash","floor":2},{"not_picked":["Dagger Spray","Cloak And Dagger"],"picked":"Underhanded Strike","floor":5},{"not_picked":["Expertise","Quick Slash"],"picked":"Heel Hook","floor":7},{"not_picked":["Bane","Prepared"],"picked":"A Thousand Cuts","floor":11},{"not_picked":["Bane","Poisoned Stab"],"picked":"Sucker Punch","floor":13},{"not_picked":["Prepared","Poisoned Stab"],"picked":"Acrobatics","floor":14},{"not_picked":["Unload","Doppelganger"],"picked":"After Image","floor":16},{"not_picked":["Predator","Prepared"],"picked":"Caltrops","floor":18},{"not_picked":["PiercingWail","Dodge and Roll"],"picked":"Blade Dance+1","floor":22},{"not_picked":["Skewer","Bouncing Flask"],"picked":"Endless Agony","floor":23},{"not_picked":["Distraction+1","Slice"],"picked":"Terror","floor":27},{"not_picked":["Outmaneuver","Dodge and Roll","Deflect"],"picked":"SKIP","floor":28},{"not_picked":["Finisher","Backflip+1"],"picked":"Infinite Blades","floor":30},{"not_picked":["Dagger Spray+1","Acrobatics+1"],"picked":"PiercingWail","floor":31}],"player_experience":554087,"relics_obtained":[{"floor":4,"key":"Strawberry"},{"floor":9,"key":"Bottled Flame"},{"floor":11,"key":"Kunai"},{"floor":23,"key":"Paper Crane"},{"floor":26,"key":"Ginger"}],"event_choices":[{"damage_healed":0,"gold_gain":0,"player_choice":"Grow","damage_taken":0,"max_hp_gain":0,"max_hp_loss":0,"event_name":"Living Wall","floor":3,"gold_loss":0,"cards_upgraded":["Dash"]},{"cards_removed":["Strike_G"],"damage_healed":0,"gold_gain":0,"player_choice":"Card Removal","damage_taken":0,"max_hp_gain":0,"max_hp_loss":0,"event_name":"The Cleric","floor":10,"gold_loss":75},{"damage_healed":0,"gold_gain":0,"player_choice":"Simplicity","damage_taken":0,"max_hp_gain":0,"max_hp_loss":0,"event_name":"Back to Basics","floor":20,"gold_loss":0,"cards_upgraded":["Defend_G","Defend_G","Defend_G","Defend_G","Defend_G","Strike_G","Strike_G","Strike_G","Strike_G"]},{"damage_healed":0,"gold_gain":0,"player_choice":"Opened","damage_taken":0,"relics_obtained":["Juzu Bracelet"],"max_hp_gain":0,"max_hp_loss":0,"event_name":"The Mausoleum","floor":21,"gold_loss":0,"cards_obtained":["Writhe"]},{"damage_healed":0,"gold_gain":0,"player_choice":"Became a Ghost","damage_taken":0,"max_hp_gain":0,"max_hp_loss":37,"event_name":"Ghosts","floor":24,"gold_loss":0,"cards_obtained":["Ghostly","Ghostly","Ghostly"]}],"is_beta":false,"boss_relics":[{"not_picked":["Busted Crown","White Beast Statue"],"picked":"Philosopher\u0027s Stone"}],"items_purged_floors":[],"is_endless":false,"potions_floor_spawned":[2,7,11,13,23,27,30],"killed_by":"Champ","ascension_level":20}