{"gold_per_floor":[119,138,64,14,29,29,43,78,127,127,145,155,155,155,155,155],"floor_reached":16,"playtime":711,"items_purged":[],"score":102,"play_id":"f09c5997-af77-48b2-afc0-ef986cfb273b","local_time":"20181215213526","is_ascension_mode":false,"campfire_choices":[{"data":"Accuracy","floor":6,"key":"SMITH"},{"floor":10,"key":"REST"},{"data":"Infinite Blades","floor":13,"key":"SMITH"},{"data":"After Image","floor":15,"key":"SMITH"}],"neow_cost":"NONE","seed_source_timestamp":1455678718113245,"circlet_count":0,"master_deck":["Defend_G","Defend_G","Defend_G","Strike_G","Strike_G","Strike_G","Strike_G","Survivor","Neutralize","Outmaneuver","PiercingWail","Accuracy+1","Infinite Blades+1","Finisher","After Image+1","PiercingWail"],"relics":["Empty Cage","Sundial","Bag of Preparation","Lantern"],"potions_floor_usage":[8,12],"damage_taken":[{"damage":0,"enemies":"2 Louse","floor":1,"turns":3},{"damage":8,"enemies":"Jaw Worm","floor":2,"turns":5},{"damage":0,"enemies":"Small Slimes","floor":5,"turns":5},{"damage":29,"enemies":"Exordium Thugs","floor":7,"turns":5},{"damage":23,"enemies":"3 Sentries","floor":8,"turns":6},{"damage":0,"enemies":"Blue Slaver","floor":11,"turns":5},{"damage":2,"enemies":"Looter","floor":12,"turns":3},{"damage":32,"enemies":"Hexaghost","floor":16,"turns":10}],"seed_played":"-5339803462984339327","potions_obtained":[{"floor":7,"key":"Explosive Potion"},{"floor":11,"key":"Energy Potion"},{"floor":12,"key":"Energy Potion"}],"is_trial":false,"path_per_floor":["M","M","$","?","M","R","M","E","T","R","M","M","R","?","R","B"],"character_chosen":"THE_SILENT","items_purchased":["Accuracy"],"campfire_rested":1,"item_purchase_floors":[3],"current_hp_per_floor":[70,62,62,62,62,62,33,10,10,31,31,29,29,29,29,0],"gold":155,"neow_bonus":"BOSS_RELIC","is_prod":false,"is_daily":false,"chose_seed":false,"campfire_upgraded":3,"win_rate":0,"timestamp":1544877326,"path_taken":["M","M","$","?","M","R","M","E","T","R","M","M","R","?","R","BOSS"],"build_version":"2018-12-13","purchased_purges":0,"victory":false,"max_hp_per_floor":[70,70,70,70,70,70,70,70,70,70,70,70,70,70,70,70],"card_choices":[{"not_picked":["Acrobatics","Setup"],"picked":"Outmaneuver","floor":1},{"not_picked":["Dagger Throw","Bane"],"picked":"PiercingWail","floor":2},{"not_picked":["Outmaneuver","Terror"],"picked":"Infinite Blades","floor":5},{"not_picked":["Backflip","Crippling Poison"],"picked":"Finisher","floor":7},{"not_picked":["Backstab","Backflip"],"picked":"After Image","floor":8},{"not_picked":["Endless Agony","Quick Slash"],"picked":"PiercingWail","floor":11},{"not_picked":["Dagger Throw","Sucker Punch","Underhanded Strike"],"picked":"SKIP","floor":12}],"player_experience":210832,"relics_obtained":[{"floor":8,"key":"Sundial"},{"floor":9,"key":"Bag of Preparation"}],"event_choices":[{"cards_removed":["Defend_G"],"damage_healed":0,"gold_gain":0,"player_choice":"Card Removal","damage_taken":0,"max_hp_gain":0,"max_hp_loss":0,"event_name":"The Cleric","floor":4,"gold_loss":50},{"damage_healed":0,"gold_gain":0,"player_choice":"Searched \u00271\u0027 times","damage_taken":0,"relics_obtained":["Lantern"],"max_hp_gain":0,"max_hp_loss":0,"event_name":"Dead Adventurer","floor":14,"gold_loss":0}],"is_beta":false,"boss_relics":[],"items_purged_floors":[],"is_endless":false,"potions_floor_spawned":[7,11,12],"killed_by":"Hexaghost","ascension_level":0}