{"gold_per_floor":[119,135,135,135,135,135,166,197,233,264,308,331,343,368,380,466,478,508,534,546,570,24,24,43,43,43,43,43,73,73,73,73,147,147,159,176,176,24,42,42,42,70,96,109,38,38,54,54,54,54,54,54,54,30,59,59],"floor_reached":56,"playtime":2096,"items_purged":["Strike_R","Strike_R"],"score":1860,"play_id":"9d386963-381d-4dd5-9e36-6ee8569b5e5b","local_time":"20190409091653","is_ascension_mode":true,"campfire_choices":[{"data":"Bash","floor":6,"key":"SMITH"},{"data":"True Grit","floor":13,"key":"SMITH"},{"data":"Offering","floor":15,"key":"SMITH"},{"floor":23,"key":"REST"},{"floor":27,"key":"REST"},{"data":"Demon Form","floor":30,"key":"SMITH"},{"floor":32,"key":"REST"},{"floor":40,"key":"RECALL"},{"data":"Limit Break","floor":46,"key":"SMITH"},{"data":"Warcry","floor":49,"key":"SMITH"},{"data":"Shrug It Off","floor":53,"key":"SMITH"}],"neow_cost":"NONE","seed_source_timestamp":951534111175476,"circlet_count":0,"master_deck":["AscendersBane","Strike_R","Strike_R","Defend_R","Defend_R","Defend_R","Defend_R","Bash+1","Twin Strike","Offering+1","Whirlwind+1","Shrug It Off","Shrug It Off+1","True Grit+1","Clothesline+1","Reaper+1","Thunderclap+1","Body Slam+1","Spot Weakness+1","Demon Form+1","Double Tap+1","Heavy Blade+1","Pommel Strike+1","Warcry+1","Limit Break+1","Dropkick+1","Shrug It Off"],"relics":["Burning Blood","Bag of Marbles","Molten Egg 2","MawBank","Pen Nib","Omamori","Sozu","Enchiridion","Incense Burner","Juzu Bracelet","Nloth\u0027s Gift","Blood Vial","Pear","Coffee Dripper","Champion Belt","Pocketwatch","Art of War"],"potions_floor_usage":[16,21,29],"damage_taken":[{"damage":0,"enemies":"Jaw Worm","floor":1,"turns":1},{"damage":0,"enemies":"Small Slimes","floor":2,"turns":1},{"damage":0,"enemies":"3 Sentries","floor":7,"turns":1},{"damage":0,"enemies":"Cultist","floor":8,"turns":2},{"damage":8,"enemies":"Blue Slaver","floor":10,"turns":2},{"damage":9,"enemies":"Gremlin Nob","floor":11,"turns":3},{"damage":6,"enemies":"Exordium Thugs","floor":12,"turns":3},{"damage":0,"enemies":"Gremlin Gang","floor":14,"turns":1},{"damage":34,"enemies":"The Guardian","floor":16,"turns":14},{"damage":21,"enemies":"2 Thieves","floor":18,"turns":4},{"damage":17,"enemies":"Shell Parasite","floor":19,"turns":3},{"damage":11,"enemies":"Snake Plant","floor":21,"turns":4},{"damage":9,"enemies":"Centurion and Healer","floor":24,"turns":9},{"damage":22,"enemies":"Book of Stabbing","floor":29,"turns":3},{"damage":68,"enemies":"Champ","floor":33,"turns":9},{"damage":14,"enemies":"3 Shapes","floor":35,"turns":7},{"damage":1,"enemies":"3 Darklings","floor":36,"turns":2},{"damage":0,"enemies":"Sphere and 2 Shapes","floor":39,"turns":1},{"damage":30,"enemies":"Giant Head","floor":42,"turns":5},{"damage":30,"enemies":"Maw","floor":44,"turns":3},{"damage":0,"enemies":"Transient","floor":47,"turns":6},{"damage":21,"enemies":"Awakened One","floor":50,"turns":5},{"damage":65,"enemies":"Donu and Deca","floor":51,"turns":5},{"damage":90,"enemies":"Shield and Spear","floor":55,"turns":6},{"damage":52,"enemies":"The Heart","floor":56,"turns":2}],"seed_played":"-5155703024407115249","potions_obtained":[{"floor":10,"key":"FearPotion"},{"floor":11,"key":"Swift Potion"},{"floor":14,"key":"PowerPotion"},{"floor":16,"key":"Weak Potion"}],"is_trial":false,"path_per_floor":["M","M","?","T","?","R","E","M","T","M","E","M","R","M","R","B",null,"M","M","?","M","$","R","M","?","T","R","?","E","R","?","R","B",null,"M","M","?","$","M","R","$","E","T","M","?","R","M","?","R","B","B",null,"R","$","E","B"],"character_chosen":"IRONCLAD","items_purchased":["Incense Burner","Juzu Bracelet","Warcry","Shrug It Off"],"campfire_rested":3,"item_purchase_floors":[22,22,38,54],"current_hp_per_floor":[74,75,57,57,50,50,56,62,62,60,57,57,57,63,63,35,65,64,53,32,27,27,49,53,53,53,75,75,69,69,44,71,26,74,90,90,90,90,90,90,90,66,66,44,44,44,68,68,68,86,64,84,84,84,22,0],"gold":59,"neow_bonus":"THREE_ENEMY_KILL","is_prod":false,"is_daily":false,"chose_seed":false,"campfire_upgraded":7,"win_rate":0,"timestamp":1554769013,"path_taken":["M","M","?","?","?","R","E","M","T","M","E","M","R","M","R","BOSS","M","M","?","M","$","R","M","?","T","R","?","E","R","?","R","BOSS","M","M","?","$","M","R","?","E","T","M","?","R","M","?","R","BOSS","BOSS","R","$","E","BOSS"],"build_version":"2019-01-23","purchased_purges":2,"victory":false,"max_hp_per_floor":[75,75,75,75,75,75,75,75,75,75,75,75,75,75,75,75,75,75,75,75,75,75,75,75,75,75,75,75,85,85,90,90,90,90,90,90,90,90,90,90,90,90,90,90,90,90,90,90,90,90,90,90,90,90,90,90],"card_choices":[{"not_picked":["Perfected Strike","Iron Wave"],"picked":"Twin Strike","floor":1},{"not_picked":["Anger","Flame Barrier"],"picked":"Offering","floor":2},{"not_picked":["Pommel Strike+1","Anger+1"],"picked":"Whirlwind+1","floor":7},{"not_picked":["Sentinel","Burning Pact","Heavy Blade+1"],"picked":"SKIP","floor":8},{"not_picked":["Armaments","Power Through"],"picked":"Shrug It Off","floor":10},{"not_picked":["True Grit","Corruption"],"picked":"Shrug It Off","floor":11},{"not_picked":["Perfected Strike+1","Havoc"],"picked":"True Grit","floor":12},{"not_picked":["Anger+1","Combust"],"picked":"Clothesline+1","floor":14},{"not_picked":["Offering","Demon Form"],"picked":"Reaper+1","floor":16},{"not_picked":["Clothesline+1","Perfected Strike+1","Dual Wield"],"picked":"SKIP","floor":18},{"not_picked":["Clash+1","Dual Wield"],"picked":"Thunderclap+1","floor":19},{"not_picked":["True Grit","Pommel Strike+1","Headbutt+1"],"picked":"SKIP","floor":21},{"not_picked":["Wild Strike+1","Armaments"],"picked":"Body Slam+1","floor":24},{"not_picked":["Thunderclap+1","Clothesline+1"],"picked":"Demon Form","floor":29},{"not_picked":["Dark Embrace","Reaper+1"],"picked":"Double Tap","floor":33},{"not_picked":["Havoc","Shrug It Off"],"picked":"Heavy Blade+1","floor":35},{"not_picked":["Infernal Blade","Hemokinesis+1"],"picked":"Pommel Strike+1","floor":36},{"not_picked":["Sever Soul+1","Anger+1","Sword Boomerang+1"],"picked":"SKIP","floor":39},{"not_picked":["Burning Pact","Warcry"],"picked":"Limit Break","floor":42},{"not_picked":["Clothesline+1","Body Slam+1","Flex"],"picked":"SKIP","floor":44},{"not_picked":["True Grit","Double Tap"],"picked":"Dropkick+1","floor":47},{"not_picked":["Sword Boomerang+1","Pummel+1","Offering"],"picked":"SKIP","floor":55}],"player_experience":873765,"relics_obtained":[{"floor":4,"key":"Molten Egg 2"},{"floor":7,"key":"MawBank"},{"floor":9,"key":"Pen Nib"},{"floor":11,"key":"Omamori"},{"floor":20,"key":"Enchiridion"},{"floor":26,"key":"Blood Vial"},{"floor":29,"key":"Pear"},{"floor":42,"key":"Champion Belt"},{"floor":55,"key":"Art of War"}],"event_choices":[{"damage_healed":0,"gold_gain":0,"player_choice":"Success","damage_taken":18,"relics_obtained":["Bag of Marbles"],"max_hp_gain":0,"max_hp_loss":0,"event_name":"Scrap Ooze","floor":3,"gold_loss":0},{"cards_removed":["Strike_R"],"damage_healed":0,"gold_gain":0,"player_choice":"Card Removal","damage_taken":7,"max_hp_gain":0,"max_hp_loss":0,"event_name":"Golden Wing","floor":5,"gold_loss":0},{"damage_healed":0,"gold_gain":0,"player_choice":"Obtained Book","damage_taken":21,"max_hp_gain":0,"max_hp_loss":0,"event_name":"Cursed Tome","floor":20,"gold_loss":0},{"damage_healed":0,"gold_gain":0,"player_choice":"Traded Relic","damage_taken":0,"relics_obtained":["Nloth\u0027s Gift"],"max_hp_gain":0,"max_hp_loss":0,"event_name":"N\u0027loth","floor":25,"relics_lost":["NeowsBlessing"],"gold_loss":0},{"damage_healed":0,"gold_gain":0,"player_choice":"Read","damage_taken":0,"max_hp_gain":0,"max_hp_loss":0,"event_name":"The Library","floor":28,"gold_loss":0,"cards_obtained":["Spot Weakness"]},{"damage_healed":0,"gold_gain":0,"player_choice":"Shed Blood","damage_taken":30,"max_hp_gain":5,"max_hp_loss":0,"event_name":"Forgotten Altar","floor":31,"gold_loss":0},{"damage_healed":0,"gold_gain":0,"player_choice":"Forge","damage_taken":0,"max_hp_gain":0,"max_hp_loss":0,"event_name":"Accursed Blacksmith","floor":37,"gold_loss":0,"cards_upgraded":["Double Tap"]},{"damage_healed":0,"gold_gain":0,"player_choice":"Paid Gold","damage_taken":0,"relics_obtained":["Pocketwatch"],"max_hp_gain":0,"max_hp_loss":0,"event_name":"WeMeetAgain","floor":45,"gold_loss":71},{"damage_healed":0,"gold_gain":0,"player_choice":"Upgraded","damage_taken":0,"max_hp_gain":0,"max_hp_loss":0,"event_name":"Upgrade Shrine","floor":48,"gold_loss":0,"cards_upgraded":["Spot Weakness"]}],"is_beta":false,"boss_relics":[{"not_picked":["Runic Dome","Busted Crown"],"picked":"Sozu"},{"not_picked":["Philosopher\u0027s Stone","White Beast Statue"],"picked":"Coffee Dripper"}],"items_purged_floors":[22,38],"is_endless":false,"potions_floor_spawned":[10,11,14,16,18,19,33,35,44,47],"killed_by":"The Heart","ascension_level":20}