{"gold_per_floor":[116,40,112,112,34,61,77,112,112,37,49,103,103,103,103,178,178,191,191,191,91,91,91,110,110,192,117,167,192,192,203,203,279,279,295,295,295,91,101,101,201,233,305,338,338,188,240,240,240,240,240,240,240,70,100,100],"floor_reached":56,"playtime":3576,"items_purged":["Strike_G","Parasite","Venomology","Strike_G+1"],"score":2017,"play_id":"d5e8a448-7166-47b4-a51c-6033397093e0","local_time":"20190419233430","is_ascension_mode":true,"campfire_choices":[{"data":"Footwork","floor":13.0,"key":"SMITH"},{"data":"Well Laid Plans","floor":15.0,"key":"SMITH"},{"data":"A Thousand Cuts","floor":23.0,"key":"SMITH"},{"data":"Neutralize","floor":25.0,"key":"SMITH"},{"floor":32.0,"key":"REST"},{"data":"Footwork","floor":40.0,"key":"SMITH"},{"data":"Footwork","floor":45.0,"key":"SMITH"},{"floor":49.0,"key":"RECALL"},{"data":"Footwork","floor":53.0,"key":"SMITH"}],"neow_cost":"NONE","seed_source_timestamp":175247242705700,"circlet_count":0,"master_deck":["AscendersBane","Defend_G+1","Defend_G+1","Defend_G+1","Defend_G+1","Defend_G+1","Strike_G+1","Strike_G+1","Survivor","Neutralize+1","Sucker Punch","Well Laid Plans+1","Footwork+1","Quick Slash+1","Acrobatics","A Thousand Cuts+1","Prepared","Escape Plan","Footwork+1","Backstab","Footwork+1","Adrenaline","Leg Sweep","Dark Shackles","Dramatic Entrance","Footwork","Backflip+1","Skewer+1","Footwork+1","Terror","Finesse","Escape Plan"],"special_seed":0,"relics":["Ring of the Snake","NeowsBlessing","Meat on the Bone","Pen Nib","Dodecahedron","Sundial","Bag of Preparation","Black Star","Enchiridion","Ornamental Fan","Bronze Scales","Unceasing Top","Sozu","Ice Cream","Potion Belt","Paper Crane","Oddly Smooth Stone","Whetstone","Mango","Pantograph","Pear"],"potions_floor_usage":[],"damage_taken":[{"damage":0.0,"enemies":"Cultist","floor":1.0,"turns":1.0},{"damage":0.0,"enemies":"Gremlin Nob","floor":6.0,"turns":1.0},{"damage":0.0,"enemies":"Small Slimes","floor":7.0,"turns":1.0},{"damage":49.0,"enemies":"3 Sentries","floor":8.0,"turns":20.0},{"damage":0.0,"enemies":"Jaw Worm","floor":11.0,"turns":5.0},{"damage":17.0,"enemies":"The Guardian","floor":16.0,"turns":16.0},{"damage":10.0,"enemies":"Spheric Guardian","floor":18.0,"turns":6.0},{"damage":8.0,"enemies":"Chosen","floor":24.0,"turns":9.0},{"damage":22.0,"enemies":"Gremlin Leader","floor":29.0,"turns":6.0},{"damage":15.0,"enemies":"Sentry and Sphere","floor":31.0,"turns":7.0},{"damage":20.0,"enemies":"Champ","floor":33.0,"turns":19.0},{"damage":18.0,"enemies":"3 Darklings","floor":35.0,"turns":3.0},{"damage":0.0,"enemies":"3 Shapes","floor":39.0,"turns":4.0},{"damage":1.0,"enemies":"Mind Bloom Boss Battle","floor":41.0,"turns":9.0},{"damage":7.0,"enemies":"Nemesis","floor":42.0,"turns":9.0},{"damage":5.0,"enemies":"Giant Head","floor":44.0,"turns":12.0},{"damage":0.0,"enemies":"2 Orb Walkers","floor":47.0,"turns":5.0},{"damage":21.0,"enemies":"Donu and Deca","floor":50.0,"turns":16.0},{"damage":0.0,"enemies":"Time Eater","floor":51.0,"turns":11.0},{"damage":23,"enemies":"Shield and Spear","floor":55,"turns":9},{"damage":89,"enemies":"The Heart","floor":56,"turns":15}],"seed_played":"7040910760520468325","potions_obtained":[{"floor":6.0,"key":"Energy Potion"},{"floor":16.0,"key":"AttackPotion"},{"floor":24.0,"key":"SpeedPotion"},{"floor":31.0,"key":"GhostInAJar"}],"is_trial":false,"path_per_floor":["M","$","T","?","$","E","M","E","T","$","M","T","R","?","R","B",null,"M","?","?","$","?","R","M","R","T","$","?","E","?","M","R","B",null,"M","?","?","$","M","R","?","E","T","E","R","$","?","?","R","B","B",null,"R","$","E","B"],"character_chosen":"THE_SILENT","items_purchased":["Well Laid Plans","Footwork","Footwork","Footwork","Terror","Finesse"],"campfire_rested":1,"item_purchase_floors":[2,5,27,38,54,54],"current_hp_per_floor":[59,59,59,52,52,52,52,15,15,15,27,27,27,43,43,38,59,49,49,49,49,28,28,32,32,32,32,32,22,22,19,37,29,55,37,27,27,27,39,39,38,43,43,38,38,38,52,52,52,43,43,69,69,69,56,0],"gold":100,"neow_bonus":"THREE_ENEMY_KILL","is_prod":false,"is_daily":false,"chose_seed":false,"campfire_upgraded":7,"win_rate":0,"timestamp":1555709670,"path_taken":["M","?","?","?","$","E","?","E","T","?","?","?","R","?","R","BOSS","M","?","?","$","?","R","?","R","T","$","?","E","?","M","R","BOSS","M","?","?","$","?","R","?","E","T","E","R","$","?","?","R","BOSS","BOSS","R","$","E","BOSS"],"build_version":"2019-01-23","purchased_purges":4,"victory":false,"max_hp_per_floor":[66,66,66,66,66,66,66,66,66,66,66,66,66,66,66,66,66,66,66,66,63,63,63,63,63,63,63,63,63,63,63,63,63,63,63,63,63,63,63,63,63,63,63,63,63,63,77,77,77,77,77,77,77,77,87,87],"card_choices":[{"not_picked":["Flying Knee","Heel Hook"],"picked":"Sucker Punch","floor":1.0},{"not_picked":["Concentrate","Bullet Time"],"picked":"Quick Slash","floor":6.0},{"not_picked":["Eviscerate","Blade Dance","Bane"],"picked":"SKIP","floor":7.0},{"not_picked":["Expertise","Deadly Poison"],"picked":"Venomology","floor":8.0},{"not_picked":["Underhanded Strike","Dodge and Roll"],"picked":"Acrobatics","floor":11.0},{"not_picked":["Doppelganger","Envenom"],"picked":"A Thousand Cuts","floor":16.0},{"not_picked":["Poisoned Stab+1","Expertise"],"picked":"Prepared","floor":18.0},{"not_picked":["Terror","Dagger Throw"],"picked":"Escape Plan","floor":24.0},{"not_picked":["Deflect","Dodge and Roll"],"picked":"Backstab","floor":29.0},{"not_picked":["Dash","Dodge and Roll"],"picked":"Footwork","floor":31.0},{"not_picked":["Die Die Die","Burst"],"picked":"Adrenaline","floor":33.0},{"not_picked":["Crippling Poison+1","Bane"],"picked":"Leg Sweep","floor":35.0},{"not_picked":["Violence","Enlightenment"],"picked":"Dark Shackles","floor":36.0},{"not_picked":["Panacea","Jack Of All Trades"],"picked":"Dramatic Entrance","floor":36.0},{"not_picked":["Impatience","Chrysalis"],"picked":"Jack Of All Trades","floor":36.0},{"not_picked":["Outmaneuver","Quick Slash","Dagger Throw"],"picked":"SKIP","floor":39.0},{"not_picked":["Sucker Punch+1","Dagger Throw"],"picked":"Backflip+1","floor":41.0},{"not_picked":["Infinite Blades","Backflip"],"picked":"Skewer","floor":42.0},{"not_picked":["Acrobatics","Concentrate+1","Deflect"],"picked":"SKIP","floor":44.0},{"not_picked":["Catalyst","Dash+1"],"picked":"Footwork","floor":47.0},{"not_picked":["Slice","Leg Sweep"],"picked":"Escape Plan","floor":55}],"player_experience":569514,"relics_obtained":[{"floor":3.0,"key":"Meat on the Bone"},{"floor":6.0,"key":"Pen Nib"},{"floor":8.0,"key":"Dodecahedron"},{"floor":9.0,"key":"Sundial"},{"floor":12.0,"key":"Bag of Preparation"},{"floor":22.0,"key":"Enchiridion"},{"floor":26.0,"key":"Ornamental Fan"},{"floor":29.0,"key":"Bronze Scales"},{"floor":29.0,"key":"Unceasing Top"},{"floor":41.0,"key":"Ice Cream"},{"floor":42.0,"key":"Potion Belt"},{"floor":42.0,"key":"Paper Crane"},{"floor":44.0,"key":"Oddly Smooth Stone"},{"floor":44.0,"key":"Whetstone"},{"floor":47.0,"key":"Mango"},{"floor":55,"key":"Pantograph"},{"floor":55,"key":"Pear"}],"event_choices":[{"cards_removed":["Strike_G"],"damage_healed":0.0,"max_hp_gain":0.0,"max_hp_loss":0.0,"gold_gain":0.0,"event_name":"Golden Wing","player_choice":"Card Removal","floor":4.0,"gold_loss":0.0,"damage_taken":7.0},{"damage_healed":16.0,"max_hp_gain":0.0,"max_hp_loss":0.0,"gold_gain":0.0,"event_name":"Mushrooms","player_choice":"Healed and dodged fight","floor":14.0,"gold_loss":0.0,"damage_taken":0.0,"cards_obtained":["Parasite"]},{"damage_healed":0.0,"max_hp_gain":0.0,"max_hp_loss":0.0,"gold_gain":0.0,"event_name":"Vampires","player_choice":"Ignored","floor":19.0,"gold_loss":0.0,"damage_taken":0.0},{"damage_healed":0.0,"max_hp_gain":0.0,"max_hp_loss":0.0,"gold_gain":0.0,"event_name":"Back to Basics","player_choice":"Simplicity","floor":20.0,"gold_loss":0.0,"damage_taken":0.0,"cards_upgraded":["Defend_G","Defend_G","Defend_G","Defend_G","Defend_G","Strike_G","Strike_G","Strike_G"]},{"damage_healed":0.0,"max_hp_gain":0.0,"max_hp_loss":0.0,"gold_gain":0.0,"event_name":"Cursed Tome","player_choice":"Obtained Book","floor":22.0,"gold_loss":0.0,"damage_taken":21.0},{"damage_healed":0.0,"max_hp_gain":0.0,"max_hp_loss":0.0,"gold_gain":50.0,"event_name":"Nest","player_choice":"Stole From Cult","floor":28.0,"gold_loss":0.0,"damage_taken":0.0},{"damage_healed":0.0,"max_hp_gain":0.0,"max_hp_loss":0.0,"gold_gain":0.0,"event_name":"Ghosts","player_choice":"Ignored","floor":30.0,"gold_loss":0.0,"damage_taken":0.0},{"damage_healed":0.0,"max_hp_gain":0.0,"max_hp_loss":0.0,"gold_gain":0.0,"event_name":"SensoryStone","player_choice":"Memory 3","floor":36.0,"gold_loss":0.0,"damage_taken":10.0},{"damage_healed":0.0,"max_hp_gain":0.0,"max_hp_loss":0.0,"gold_gain":0.0,"event_name":"SecretPortal","player_choice":"Ignored","floor":37.0,"gold_loss":0.0,"damage_taken":0.0},{"damage_healed":0.0,"max_hp_gain":0.0,"max_hp_loss":0.0,"gold_gain":0.0,"event_name":"MindBloom","player_choice":"Fight","floor":41.0,"gold_loss":0.0,"damage_taken":0.0},{"damage_healed":0.0,"max_hp_gain":0.0,"max_hp_loss":0.0,"gold_gain":0.0,"event_name":"Mysterious Sphere","player_choice":"Fight","floor":47.0,"gold_loss":0.0,"damage_taken":0.0},{"cards_removed":["Jack Of All Trades"],"damage_healed":0.0,"max_hp_gain":0.0,"max_hp_loss":0.0,"gold_gain":0.0,"event_name":"Falling","player_choice":"Removed Skill","floor":48.0,"gold_loss":0.0,"damage_taken":0.0}],"is_beta":false,"boss_relics":[{"not_picked":["Empty Cage","HoveringKite"],"picked":"Black Star"},{"not_picked":["Runic Dome","Lizard Tail"],"picked":"Sozu"}],"items_purged_floors":[10,21,38,46],"is_endless":false,"potions_floor_spawned":[6,11,16,24,31,39,41,44,47,55],"killed_by":"The Heart","ascension_level":20}