{"gold_per_floor":[109,109,109,124,141,174,174,188,188,207,207,14,42,59,59,161,161,178,148,167,182,281,308,308,343,343,343,258,258,290,63,63,158,158,168,185,18,118,144,179,179,179],"floor_reached":42,"playtime":1629,"items_purged":["Shame"],"score":591,"play_id":"15b03ef2-6ca3-409e-a308-871175fa0db8","local_time":"20190504233208","is_ascension_mode":true,"campfire_choices":[{"floor":7,"key":"REST"},{"floor":11,"key":"REST"},{"data":"Capacitor","floor":15,"key":"SMITH"},{"floor":24,"key":"REST"},{"floor":27,"key":"REST"},{"data":"Electrodynamics","floor":29,"key":"SMITH"},{"floor":32,"key":"REST"},{"data":"Defragment","floor":41,"key":"SMITH"}],"neow_cost":"NONE","seed_source_timestamp":3665975251008,"circlet_count":0,"master_deck":["Strike_B+1","Strike_B","Strike_B","Strike_B","Defend_B","Defend_B+1","Defend_B","Defend_B","Zap","Dualcast","Tempest+1","Ball Lightning","Self Repair","Capacitor+1","Coolheaded","Go for the Eyes","Genetic Algorithm","Glacier","Electrodynamics+1","Defragment+1","Panache","Injury","Echo Form"],"relics":["Lizard Tail","Singing Bowl","Pear","Lee\u0027s Waffle","Boot","Cursed Key","Gremlin Horn","Bottled Tornado","Ancient Tea Set","Kunai","Philosopher\u0027s Stone","Peace Pipe","PreservedInsect","Emotion Chip"],"potions_floor_usage":[6,14,16,16,20,21,21,23,33,33,33,35,40,40],"damage_taken":[{"damage":6,"enemies":"Cultist","floor":1,"turns":4},{"damage":0,"enemies":"Small Slimes","floor":4,"turns":2},{"damage":2,"enemies":"Jaw Worm","floor":5,"turns":3},{"damage":28,"enemies":"3 Sentries","floor":6,"turns":4},{"damage":25,"enemies":"Lots of Slimes","floor":8,"turns":4},{"damage":22,"enemies":"Looter","floor":10,"turns":3},{"damage":23,"enemies":"Lagavulin","floor":13,"turns":7},{"damage":15,"enemies":"Exordium Thugs","floor":14,"turns":4},{"damage":55,"enemies":"Slime Boss","floor":16,"turns":9},{"damage":11,"enemies":"Spheric Guardian","floor":18,"turns":3},{"damage":31,"enemies":"2 Thieves","floor":20,"turns":3},{"damage":13,"enemies":"Centurion and Healer","floor":21,"turns":6},{"damage":86,"enemies":"Gremlin Leader","floor":23,"turns":6},{"damage":48,"enemies":"Slavers","floor":25,"turns":4},{"damage":48,"enemies":"Book of Stabbing","floor":30,"turns":9},{"damage":29,"enemies":"Automaton","floor":33,"turns":11},{"damage":0,"enemies":"3 Darklings","floor":35,"turns":2},{"damage":24,"enemies":"Orb Walker","floor":36,"turns":4},{"damage":0,"enemies":"Mind Bloom Boss Battle","floor":38,"turns":4},{"damage":66,"enemies":"Giant Head","floor":40,"turns":10},{"damage":48,"enemies":"Nemesis","floor":42,"turns":2}],"seed_played":"-1053074441729001680","potions_obtained":[{"floor":1,"key":"Explosive Potion"},{"floor":6,"key":"Swift Potion"},{"floor":13,"key":"Poison Potion"},{"floor":14,"key":"Fire Potion"},{"floor":18,"key":"Block Potion"},{"floor":19,"key":"LiquidBronze"},{"floor":19,"key":"Poison Potion"},{"floor":21,"key":"Fruit Juice"},{"floor":25,"key":"SneckoOil"},{"floor":30,"key":"SneckoOil"},{"floor":33,"key":"Explosive Potion"},{"floor":36,"key":"PowerPotion"},{"floor":38,"key":"Poison Potion"}],"is_trial":false,"path_per_floor":["M","?","?","M","M","E","R","M","T","M","R","$","E","M","R","B",null,"M","?","M","M","?","E","R","E","T","R","?","R","E","$","R","B",null,"M","M","$","?","T","E","R","E"],"character_chosen":"DEFECT","items_purchased":["Lee\u0027s Waffle","Defragment","FocusPotion","Panache"],"campfire_rested":5,"item_purchase_floors":[12,31,31,37],"current_hp_per_floor":[69,54,54,54,52,31,53,35,45,30,55,92,76,68,68,20,92,90,90,68,69,69,48,79,40,40,72,72,72,33,33,65,45,111,113,91,91,100,100,41,41,0],"gold":179,"neow_bonus":"BOSS_RELIC","is_prod":false,"is_daily":false,"chose_seed":false,"campfire_upgraded":3,"win_rate":0,"timestamp":1557027128,"path_taken":["M","?","?","M","?","E","R","M","T","M","R","$","E","M","R","BOSS","M","?","M","?","?","E","R","E","T","R","?","R","E","$","R","BOSS","M","M","$","?","?","E","R","E"],"build_version":"2019-01-23","purchased_purges":1,"victory":false,"max_hp_per_floor":[75,75,75,75,75,75,75,75,85,85,85,92,92,92,92,92,92,94,94,96,103,103,105,105,107,107,107,107,107,109,109,109,111,111,113,115,115,117,117,117,117,117],"card_choices":[{"not_picked":["Aggregate","Coolheaded"],"picked":"Tempest","floor":1},{"not_picked":["Chaos","Beam Cell"],"picked":"Ball Lightning","floor":4},{"not_picked":["Stack","Reprogram"],"picked":"Self Repair","floor":5},{"not_picked":["Multi-Cast","Ball Lightning"],"picked":"Capacitor","floor":6},{"not_picked":["Leap","Blizzard"],"picked":"Coolheaded","floor":8},{"not_picked":["Barrage","Skim"],"picked":"Go for the Eyes","floor":10},{"not_picked":["Auto Shields","Beam Cell"],"picked":"Genetic Algorithm","floor":13},{"not_picked":["Go for the Eyes","Barrage"],"picked":"Glacier","floor":14},{"not_picked":["Echo Form","Amplify"],"picked":"Electrodynamics","floor":16},{"not_picked":["Redo","Stack+1","Tempest"],"picked":"Singing Bowl","floor":18},{"not_picked":["Heatsinks+1","Storm","Beam Cell"],"picked":"Singing Bowl","floor":20},{"not_picked":["Streamline+1","Coolheaded","Compile Driver"],"picked":"Singing Bowl","floor":21},{"not_picked":["Undo","Leap+1","Hologram"],"picked":"Singing Bowl","floor":23},{"not_picked":["Go for the Eyes+1","Streamline+1","Turbo"],"picked":"Singing Bowl","floor":25},{"not_picked":["Meteor Strike","Go for the Eyes","Conserve Battery"],"picked":"Singing Bowl","floor":30},{"not_picked":["Electrodynamics","All For One","Thunder Strike"],"picked":"Singing Bowl","floor":33},{"not_picked":["Stack+1","Go for the Eyes+1","Gash+1"],"picked":"Singing Bowl","floor":35},{"not_picked":["Sunder","Barrage","Go for the Eyes+1"],"picked":"Singing Bowl","floor":36},{"not_picked":["Cold Snap","Compile Driver+1","Streamline+1"],"picked":"Singing Bowl","floor":38},{"not_picked":["Leap+1","Compile Driver+1"],"picked":"Echo Form","floor":40}],"player_experience":99251,"relics_obtained":[{"floor":6,"key":"Singing Bowl"},{"floor":9,"key":"Pear"},{"floor":13,"key":"Boot"},{"floor":23,"key":"Gremlin Horn"},{"floor":25,"key":"Bottled Tornado"},{"floor":30,"key":"Kunai"},{"floor":38,"key":"Peace Pipe"},{"floor":39,"key":"PreservedInsect"},{"floor":40,"key":"Emotion Chip"}],"event_choices":[{"damage_healed":0,"gold_gain":0,"player_choice":"Entered Light","damage_taken":15,"max_hp_gain":0,"max_hp_loss":0,"event_name":"Shining Light","floor":2,"gold_loss":0,"cards_upgraded":["Defend_B","Strike_B"]},{"damage_healed":0,"gold_gain":0,"player_choice":"Forge","damage_taken":0,"max_hp_gain":0,"max_hp_loss":0,"event_name":"Accursed Blacksmith","floor":3,"gold_loss":0,"cards_upgraded":["Tempest"]},{"damage_healed":0,"gold_gain":0,"player_choice":"Bought 2 Potions","damage_taken":0,"max_hp_gain":0,"max_hp_loss":0,"event_name":"The Woman in Blue","floor":19,"gold_loss":0},{"damage_healed":0,"gold_gain":99,"player_choice":"Stole From Cult","damage_taken":0,"max_hp_gain":0,"max_hp_loss":0,"event_name":"Nest","floor":22,"gold_loss":0},{"damage_healed":0,"gold_gain":0,"player_choice":"Obtained Relic","damage_taken":0,"relics_obtained":["Ancient Tea Set"],"max_hp_gain":0,"max_hp_loss":0,"event_name":"Addict","floor":28,"gold_loss":85},{"damage_healed":0,"gold_gain":0,"player_choice":"Fight","damage_taken":0,"max_hp_gain":0,"max_hp_loss":0,"event_name":"MindBloom","floor":38,"gold_loss":0}],"is_beta":false,"boss_relics":[{"not_picked":["Astrolabe","Velvet Choker"],"picked":"Cursed Key"},{"not_picked":["Calling Bell","Coffee Dripper"],"picked":"Philosopher\u0027s Stone"}],"items_purged_floors":[31],"is_endless":false,"potions_floor_spawned":[1,6,13,14,18,21,25,30,33,36,38],"killed_by":"Nemesis","ascension_level":2}