{"gold_per_floor":[119,135,149,102,177,206,206,107,132,132,147,147,160,170,170,274,274,287,287,303,12,26,26,43,59,82,96,96,112,112,141,141,245,245,263,279,279,289,307,335,335,335],"floor_reached":42,"playtime":2710,"items_purged":["Strike_B","Shame"],"score":479,"play_id":"41e5cd62-486b-435d-a354-63ebafa4df24","local_time":"20181211205311","is_ascension_mode":false,"campfire_choices":[{"data":"Zap","floor":7,"key":"SMITH"},{"floor":12,"key":"REST"},{"data":"Redo","floor":15,"key":"SMITH"},{"data":"Barrage","floor":23,"key":"SMITH"},{"floor":30,"key":"REST"},{"data":"Seek","floor":32,"key":"SMITH"}],"neow_cost":"PERCENT_DAMAGE","seed_source_timestamp":1105544594420857,"circlet_count":0,"master_deck":["Strike_B","Strike_B","Defend_B","Defend_B","Zap+1","Dualcast","Ball Lightning","Redo+1","Cold Snap","Leap","Barrage+1","Loop","Seek+1","Conserve Battery+1","Tempest","Go for the Eyes+1","Defragment","Glacier+1","Auto Shields+1","Defragment","Thunder Strike","Barrage+1","Capacitor","Coolheaded+1"],"relics":["Cracked Core","Bronze Scales","Vajra","Calling Bell","Centennial Puzzle","Blue Candle","Prayer Wheel","CultistMask","Runic Capacitor","Oddly Smooth Stone","War Paint","Fusion Hammer","The Courier"],"potions_floor_usage":[6,11,16,16,16,31,35,36,42],"damage_taken":[{"damage":2,"enemies":"Jaw Worm","floor":1,"turns":5},{"damage":1,"enemies":"Cultist","floor":2,"turns":3},{"damage":0,"enemies":"2 Louse","floor":3,"turns":2},{"damage":27,"enemies":"3 Sentries","floor":6,"turns":6},{"damage":0,"enemies":"Gremlin Gang","floor":11,"turns":2},{"damage":7,"enemies":"Blue Slaver","floor":13,"turns":2},{"damage":0,"enemies":"Large Slime","floor":14,"turns":4},{"damage":10,"enemies":"Hexaghost","floor":16,"turns":7},{"damage":6,"enemies":"Chosen","floor":18,"turns":4},{"damage":3,"enemies":"Spheric Guardian","floor":20,"turns":3},{"damage":15,"enemies":"Centurion and Healer","floor":22,"turns":7},{"damage":13,"enemies":"Snecko","floor":24,"turns":4},{"damage":6,"enemies":"Cultist and Chosen","floor":25,"turns":6},{"damage":15,"enemies":"Snake Plant","floor":27,"turns":4},{"damage":2,"enemies":"Sentry and Sphere","floor":29,"turns":4},{"damage":12,"enemies":"Book of Stabbing","floor":31,"turns":4},{"damage":10,"enemies":"Automaton","floor":33,"turns":10},{"damage":6,"enemies":"Orb Walker","floor":35,"turns":3},{"damage":3,"enemies":"3 Shapes","floor":36,"turns":4},{"damage":37,"enemies":"Sphere and 2 Shapes","floor":38,"turns":5},{"damage":11,"enemies":"Maw","floor":39,"turns":8},{"damage":0,"enemies":"Nemesis","floor":40,"turns":8},{"damage":20,"enemies":"Spire Growth","floor":42,"turns":2}],"seed_played":"-8940495934511680175","potions_obtained":[{"floor":2,"key":"LiquidBronze"},{"floor":6,"key":"EssenceOfSteel"},{"floor":10,"key":"SkillPotion"},{"floor":10,"key":"Ancient Potion"},{"floor":10,"key":"Explosive Potion"},{"floor":13,"key":"Ancient Potion"},{"floor":14,"key":"Poison Potion"},{"floor":22,"key":"LiquidBronze"},{"floor":24,"key":"Swift Potion"},{"floor":29,"key":"Fire Potion"},{"floor":31,"key":"SteroidPotion"},{"floor":33,"key":"Ancient Potion"},{"floor":36,"key":"Weak Potion"},{"floor":38,"key":"Strength Potion"}],"is_trial":false,"path_per_floor":["M","M","M","$","?","E","R","$","T","?","M","R","M","M","R","B",null,"M","?","M","$","M","R","M","M","T","M","$","M","R","E","R","B",null,"M","M","?","M","M","E","?","M"],"character_chosen":"DEFECT","items_purchased":["Cold Snap","Barrage","Runic Capacitor"],"campfire_rested":2,"item_purchase_floors":[4,8,21],"current_hp_per_floor":[52,51,51,51,40,13,13,13,13,13,13,35,28,28,28,18,75,69,69,66,66,51,51,38,32,32,17,17,15,37,25,25,15,75,69,66,66,29,18,18,18,0],"gold":335,"neow_bonus":"REMOVE_TWO","is_prod":false,"is_daily":false,"chose_seed":false,"campfire_upgraded":4,"win_rate":0,"timestamp":1544529191,"path_taken":["M","M","M","$","?","E","R","?","T","?","M","R","?","M","R","BOSS","M","?","M","$","M","R","M","M","T","M","$","?","R","E","R","BOSS","M","M","?","M","M","E","?","?"],"build_version":"2018-12-06","purchased_purges":2,"victory":false,"max_hp_per_floor":[75,75,75,75,75,75,75,75,75,75,75,75,75,75,75,75,75,75,75,75,75,75,75,75,75,75,75,75,75,75,75,75,75,75,75,75,75,75,75,75,75,75],"card_choices":[{"not_picked":["Conserve Battery","Coolheaded"],"picked":"Ball Lightning","floor":1},{"not_picked":["Compile Driver","Coolheaded"],"picked":"Redo","floor":2},{"not_picked":["Hello World","Undo","Skim"],"picked":"SKIP","floor":3},{"not_picked":["BootSequence","FTL"],"picked":"Leap","floor":6},{"not_picked":["Sweeping Beam","Beam Cell"],"picked":"Loop","floor":11},{"not_picked":["Heatsinks","Hello World","Cold Snap"],"picked":"SKIP","floor":13},{"not_picked":["Barrage","Fusion","Genetic Algorithm"],"picked":"SKIP","floor":14},{"not_picked":["Fission","Echo Form"],"picked":"Seek","floor":16},{"not_picked":["Genetic Algorithm+1","Gash"],"picked":"Conserve Battery+1","floor":18},{"not_picked":["Loop","Leap"],"picked":"Tempest","floor":18},{"not_picked":["Skim+1","White Noise"],"picked":"Go for the Eyes+1","floor":20},{"not_picked":["Steam+1","Sweeping Beam+1","Leap"],"picked":"SKIP","floor":20},{"not_picked":["Rebound","Conserve Battery","Gash"],"picked":"SKIP","floor":22},{"not_picked":["Chill","Conserve Battery","Cold Snap"],"picked":"SKIP","floor":22},{"not_picked":["Sunder","White Noise","Buffer"],"picked":"SKIP","floor":24},{"not_picked":["Cold Snap","Gash","Fusion"],"picked":"SKIP","floor":24},{"not_picked":["Hologram","Fusion","Rebound"],"picked":"SKIP","floor":25},{"not_picked":["Beam Cell","Lockon","Storm"],"picked":"SKIP","floor":25},{"not_picked":["Hologram","Aggregate"],"picked":"Defragment","floor":27},{"not_picked":["Sweeping Beam","Reinforced Body","Beam Cell"],"picked":"SKIP","floor":27},{"not_picked":["Machine Learning","Steam Power"],"picked":"Glacier+1","floor":29},{"not_picked":["Capacitor","Go for the Eyes"],"picked":"Auto Shields","floor":29},{"not_picked":["Streamline","Force Field"],"picked":"Defragment","floor":31},{"not_picked":["Buffer","Core Surge"],"picked":"Thunder Strike","floor":33},{"not_picked":["Streamline","Leap+1"],"picked":"Barrage+1","floor":35},{"not_picked":["Static Discharge","Auto Shields+1","Ball Lightning+1"],"picked":"SKIP","floor":35},{"not_picked":["Seek","BootSequence"],"picked":"Capacitor","floor":36},{"not_picked":["Gash","Hologram","Barrage+1"],"picked":"SKIP","floor":36},{"not_picked":["Hologram","Gash"],"picked":"Coolheaded+1","floor":38},{"not_picked":["Sweeping Beam+1","Redo+1","Genetic Algorithm+1"],"picked":"SKIP","floor":38},{"not_picked":["Redo+1","Stack+1","Leap+1"],"picked":"SKIP","floor":39},{"not_picked":["Sunder","Capacitor+1","Beam Cell+1"],"picked":"SKIP","floor":39},{"not_picked":["Sunder","Ball Lightning","Self Repair"],"picked":"SKIP","floor":40}],"player_experience":148798,"relics_obtained":[{"floor":6,"key":"Bronze Scales"},{"floor":9,"key":"Vajra"},{"floor":17,"key":"Centennial Puzzle"},{"floor":17,"key":"Blue Candle"},{"floor":17,"key":"Prayer Wheel"},{"floor":26,"key":"Oddly Smooth Stone"},{"floor":31,"key":"War Paint"},{"floor":40,"key":"The Courier"}],"event_choices":[{"damage_healed":0,"gold_gain":75,"player_choice":"Gather Gold","damage_taken":11,"max_hp_gain":0,"max_hp_loss":0,"event_name":"World of Goop","floor":5,"gold_loss":0},{"damage_healed":0,"gold_gain":0,"player_choice":"Got Potions","damage_taken":0,"max_hp_gain":0,"max_hp_loss":0,"event_name":"Lab","floor":10,"gold_loss":0},{"damage_healed":0,"gold_gain":0,"player_choice":"Trade","damage_taken":0,"relics_obtained":["CultistMask"],"max_hp_gain":0,"max_hp_loss":0,"event_name":"FaceTrader","floor":19,"gold_loss":0},{"cards_removed":["Defend_B"],"damage_healed":0,"gold_gain":0,"player_choice":"Removed Skill","damage_taken":0,"max_hp_gain":0,"max_hp_loss":0,"event_name":"Falling","floor":37,"gold_loss":0},{"cards_removed":["Injury","Writhe"],"damage_healed":0,"gold_gain":0,"player_choice":"Removed Curses","damage_taken":0,"max_hp_gain":0,"max_hp_loss":0,"event_name":"Fountain of Cleansing","floor":41,"gold_loss":0}],"is_beta":false,"boss_relics":[{"not_picked":["Ectoplasm","Runic Dome"],"picked":"Calling Bell"},{"not_picked":["Cursed Key","Orrery"],"picked":"Fusion Hammer"}],"items_purged_floors":[8,21],"is_endless":false,"potions_floor_spawned":[2,6,13,14,22,24,29,31,33,36,38],"killed_by":"Spire Growth","ascension_level":0}