{"gold_per_floor":[115,115,125,135,150,150,177,189,243,299,299,330,330,290,290,367,367,367,367,29,29,29,29,29,29,29,29,29,29,29,29,29,29,29,29,29,29,29,29,29,29,29,29,29,29,29,29,29,29,29],"floor_reached":50,"playtime":3015,"items_purged":[],"score":1155,"play_id":"ff876a00-1774-40aa-92fb-25724c559a31","local_time":"20190413172835","is_ascension_mode":true,"campfire_choices":[{"data":"Skewer","floor":6.0,"key":"SMITH"},{"floor":11.0,"key":"REST"},{"data":"Neutralize","floor":15.0,"key":"SMITH"},{"data":"Crippling Poison","floor":24.0,"key":"SMITH"},{"data":"Cloak And Dagger","floor":27.0,"key":"SMITH"},{"data":"Backflip","floor":30.0,"key":"SMITH"},{"floor":32.0,"key":"REST"},{"floor":40.0,"key":"REST"},{"floor":47,"key":"REST"},{"floor":49,"key":"RECALL"}],"neow_cost":"CURSE","seed_source_timestamp":1325527542540783,"circlet_count":0,"master_deck":["AscendersBane","Defend_G","Defend_G","Defend_G","Defend_G","Defend_G","Strike_G","Strike_G","Strike_G","Strike_G","Strike_G","Survivor","Neutralize+1","Skewer+1","Quick Slash","Backflip+1","Cloak And Dagger+1","Deflect","Predator+1","Poisoned Stab+1","Die Die Die","Crippling Poison+1","PiercingWail","Prepared","Cloak And Dagger","Caltrops","Wraith Form v2","Catalyst+1","Calculated Gamble","Apotheosis","Parasite","Backflip","Dodge and Roll"],"special_seed":0,"relics":["Ring of the Snake","Mango","Pen Nib","Ancient Tea Set","Matryoshka","Art of War","Pantograph","Ninja Scroll","Ectoplasm","Paper Crane","Tingsha","Incense Burner","Sundial","The Courier","Pear","Whetstone","Black Star","Du-Vu Doll"],"potions_floor_usage":[50,50],"damage_taken":[{"damage":6.0,"enemies":"2 Louse","floor":1.0,"turns":4.0},{"damage":1.0,"enemies":"Cultist","floor":3.0,"turns":3.0},{"damage":4.0,"enemies":"Small Slimes","floor":4.0,"turns":3.0},{"damage":1.0,"enemies":"Blue Slaver","floor":5.0,"turns":6.0},{"damage":35.0,"enemies":"3 Sentries","floor":7.0,"turns":12.0},{"damage":3.0,"enemies":"Looter","floor":8.0,"turns":3.0},{"damage":5.0,"enemies":"3 Sentries","floor":10.0,"turns":8.0},{"damage":6.0,"enemies":"Gremlin Nob","floor":12.0,"turns":3.0},{"damage":37.0,"enemies":"The Guardian","floor":16.0,"turns":11.0},{"damage":2.0,"enemies":"3 Byrds","floor":18.0,"turns":5.0},{"damage":6.0,"enemies":"Shell Parasite","floor":21.0,"turns":3.0},{"damage":0.0,"enemies":"Gremlin Leader","floor":23.0,"turns":2.0},{"damage":2.0,"enemies":"Slavers","floor":25.0,"turns":4.0},{"damage":0.0,"enemies":"Centurion and Healer","floor":28.0,"turns":4.0},{"damage":20.0,"enemies":"Shelled Parasite and Fungi","floor":29.0,"turns":6.0},{"damage":18.0,"enemies":"Gremlin Leader","floor":31.0,"turns":7.0},{"damage":24.0,"enemies":"Automaton","floor":33.0,"turns":10.0},{"damage":20.0,"enemies":"3 Darklings","floor":35.0,"turns":5.0},{"damage":1.0,"enemies":"Orb Walker","floor":36.0,"turns":2.0},{"damage":19.0,"enemies":"Writhing Mass","floor":38.0,"turns":8.0},{"damage":10.0,"enemies":"3 Darklings","floor":42.0,"turns":4.0},{"damage":23,"enemies":"Transient","floor":45,"turns":6},{"damage":25,"enemies":"Nemesis","floor":46,"turns":9},{"damage":24,"enemies":"Sphere and 2 Shapes","floor":48,"turns":7},{"damage":40,"enemies":"Time Eater","floor":50,"turns":11}],"seed_played":"-1437380147701163301","potions_obtained":[{"floor":1.0,"key":"Dexterity Potion"},{"floor":4.0,"key":"Poison Potion"},{"floor":10.0,"key":"AttackPotion"},{"floor":14.0,"key":"Poison Potion"},{"floor":14.0,"key":"SteroidPotion"},{"floor":21.0,"key":"FearPotion"},{"floor":23.0,"key":"Poison Potion"},{"floor":29.0,"key":"GamblersBrew"},{"floor":31.0,"key":"Energy Potion"},{"floor":33.0,"key":"SneckoOil"},{"floor":35.0,"key":"GhostInAJar"},{"floor":38.0,"key":"Explosive Potion"},{"floor":42.0,"key":"Ancient Potion"},{"floor":48,"key":"GhostInAJar"}],"is_trial":false,"path_per_floor":["M","?","M","M","M","R","E","M","T","?","R","E","T","?","R","B",null,"M","T","$","M","?","E","R","E","T","R","M","M","R","E","R","B",null,"M","M","?","M","$","R","?","M","T","?","M","E","R","M","R","B"],"character_chosen":"THE_SILENT","items_purchased":["Incense Burner"],"campfire_rested":4,"item_purchase_floors":[20],"current_hp_per_floor":[67,67,66,62,61,61,26,23,23,18,42,36,36,36,36,24,66,64,64,64,58,74,74,74,72,82,82,82,62,62,44,71,66,84,64,63,63,44,44,71,71,61,61,61,38,13,38,14,14,0],"gold":29,"neow_bonus":"ONE_RARE_RELIC","is_prod":false,"is_daily":false,"chose_seed":false,"campfire_upgraded":5,"win_rate":0,"timestamp":1555144115,"path_taken":["M","?","?","M","?","R","E","M","T","?","R","E","?","?","R","BOSS","M","?","?","M","?","E","R","E","T","R","M","M","R","E","R","BOSS","M","M","?","M","$","R","?","M","T","?","M","E","R","M","R","BOSS"],"build_version":"2019-01-23","purchased_purges":0,"victory":false,"max_hp_per_floor":[80,80,80,80,80,80,80,80,80,80,80,80,80,80,80,80,80,80,80,80,80,80,80,80,80,90,90,90,90,90,90,90,90,90,90,90,90,90,90,90,85,85,85,85,85,85,85,85,85,85],"card_choices":[{"not_picked":["Catalyst","Eviscerate"],"picked":"Skewer","floor":1.0},{"not_picked":["Flying Knee","Slice"],"picked":"Quick Slash","floor":3.0},{"not_picked":["Bane","Blade Dance"],"picked":"Backflip","floor":4.0},{"not_picked":["Prepared","Underhanded Strike"],"picked":"Cloak And Dagger","floor":5.0},{"not_picked":["Expertise","Unload"],"picked":"Deflect","floor":7.0},{"not_picked":["Underhanded Strike","Concentrate"],"picked":"Predator","floor":8.0},{"not_picked":["Distraction","Dodge and Roll"],"picked":"Poisoned Stab","floor":10.0},{"not_picked":["Deflect","Outmaneuver","Concentrate"],"picked":"SKIP","floor":12.0},{"not_picked":["Phantasmal Killer","Tools of the Trade"],"picked":"Die Die Die","floor":16.0},{"not_picked":["Backflip","Bane+1"],"picked":"Crippling Poison","floor":18.0},{"not_picked":["Distraction","Eviscerate","Bouncing Flask"],"picked":"SKIP","floor":21.0},{"not_picked":["Distraction","Eviscerate","Bouncing Flask"],"picked":"SKIP","floor":21.0},{"not_picked":["Prepared","Endless Agony"],"picked":"PiercingWail","floor":23.0},{"not_picked":["Accuracy","Flying Knee"],"picked":"Prepared","floor":25.0},{"not_picked":["Dagger Spray","Choke+1","Blade Dance"],"picked":"SKIP","floor":28.0},{"not_picked":["Setup","Eviscerate+1"],"picked":"Cloak And Dagger","floor":29.0},{"not_picked":["Prepared","Doppelganger"],"picked":"Caltrops","floor":31.0},{"not_picked":["Doppelganger","Venomology"],"picked":"Wraith Form v2","floor":33.0},{"not_picked":["Prepared","Outmaneuver+1"],"picked":"Catalyst+1","floor":35.0},{"not_picked":["Crippling Poison","Prepared+1"],"picked":"Calculated Gamble","floor":36.0},{"not_picked":["Good Instincts","Deep Breath"],"picked":"Apotheosis","floor":37.0},{"not_picked":["Backstab","Underhanded Strike","Reflex"],"picked":"SKIP","floor":38.0},{"not_picked":["Sucker Punch","Flying Knee"],"picked":"Backflip","floor":42.0},{"not_picked":["Bane","Distraction","Flechettes"],"picked":"SKIP","floor":45},{"not_picked":["Grand Finale","Poisoned Stab","Cloak And Dagger"],"picked":"SKIP","floor":46},{"not_picked":["Flechettes","Deflect"],"picked":"Dodge and Roll","floor":48}],"player_experience":916027,"relics_obtained":[{"floor":7.0,"key":"Pen Nib"},{"floor":9.0,"key":"Ancient Tea Set"},{"floor":10.0,"key":"Matryoshka"},{"floor":12.0,"key":"Art of War"},{"floor":13.0,"key":"Pantograph"},{"floor":13.0,"key":"Ninja Scroll"},{"floor":19.0,"key":"Paper Crane"},{"floor":19.0,"key":"Tingsha"},{"floor":23.0,"key":"Sundial"},{"floor":25.0,"key":"The Courier"},{"floor":26.0,"key":"Pear"},{"floor":31.0,"key":"Whetstone"},{"floor":46,"key":"Du-Vu Doll"}],"event_choices":[{"cards_removed":["Normality"],"damage_healed":0.0,"max_hp_gain":0.0,"max_hp_loss":0.0,"gold_gain":0.0,"event_name":"Purifier","player_choice":"Purged","floor":2.0,"gold_loss":0.0,"damage_taken":0.0},{"damage_healed":0.0,"max_hp_gain":0.0,"max_hp_loss":0.0,"gold_gain":0.0,"event_name":"Dead Adventurer","player_choice":"Searched \u00271\u0027 times","floor":10.0,"gold_loss":0.0,"damage_taken":0.0},{"damage_healed":0.0,"max_hp_gain":0.0,"max_hp_loss":0.0,"gold_gain":0.0,"event_name":"The Woman in Blue","player_choice":"Bought 3 Potions","floor":14.0,"gold_loss":0.0,"damage_taken":0.0},{"damage_healed":16.0,"max_hp_gain":0.0,"max_hp_loss":0.0,"gold_gain":0.0,"event_name":"The Library","player_choice":"Heal","floor":22.0,"gold_loss":0.0,"damage_taken":0.0},{"damage_healed":0.0,"max_hp_gain":0.0,"max_hp_loss":0.0,"gold_gain":0.0,"event_name":"SensoryStone","player_choice":"Memory 1","floor":37.0,"gold_loss":0.0,"damage_taken":0.0},{"damage_healed":0.0,"max_hp_gain":0.0,"max_hp_loss":5.0,"gold_gain":0.0,"event_name":"Winding Halls","player_choice":"Max HP","floor":41.0,"gold_loss":0.0,"damage_taken":0.0},{"damage_healed":0,"gold_gain":0,"player_choice":"Ignored","damage_taken":0,"max_hp_gain":0,"max_hp_loss":0,"event_name":"Mysterious Sphere","floor":44,"gold_loss":0}],"is_beta":false,"boss_relics":[{"not_picked":["Runic Dome","Fusion Hammer"],"picked":"Ectoplasm"},{"not_picked":["Eternal Feather","WristBlade"],"picked":"Black Star"}],"items_purged_floors":[],"is_endless":false,"potions_floor_spawned":[1,4,10,21,23,29,31,33,35,38,42,48],"killed_by":"Time Eater","ascension_level":20}