{"gold_per_floor":[118,118,118,31,31,65,65,80,80,90,90,4,4,14,14,85,85,100,100,119,139,13,13,13,13,13,46,72,84,107,134,146,233,245,273,1284,1296,555,570,586,586,191,191,211,227,227,227,253,253,253,253,253,253,8,40,40],"floor_reached":57,"playtime":4603,"items_purged":["Normality","Normality","Parasite"],"score":2675,"play_id":"a371ab3f-be7a-43db-b2eb-8389635aca12","local_time":"20190423162020","is_ascension_mode":true,"campfire_choices":[{"data":"All Out Attack","floor":7,"key":"SMITH"},{"data":"Well Laid Plans","floor":11,"key":"SMITH"},{"data":"Noxious Fumes","floor":13,"key":"SMITH"},{"data":"Poisoned Stab","floor":15,"key":"SMITH"},{"data":"Deadly Poison","floor":23,"key":"SMITH"},{"data":"Footwork","floor":25,"key":"SMITH"},{"data":"Dagger Spray","floor":29,"key":"SMITH"},{"floor":32,"key":"REST"},{"floor":41,"key":"RECALL"},{"floor":49,"key":"REST"},{"data":"Catalyst","floor":53,"key":"SMITH"}],"neow_cost":"NONE","seed_source_timestamp":370574583945316,"circlet_count":0,"master_deck":["AscendersBane","Defend_G+1","Defend_G+1","Defend_G+1","Defend_G+1","Defend_G+1","Strike_G+1","Strike_G+1","Strike_G+1","Strike_G+1","Strike_G+1","Survivor","Neutralize+1","PiercingWail","All Out Attack+1","Blur","Dodge and Roll","Well Laid Plans+1","Noxious Fumes+1","Poisoned Stab+1","After Image","Footwork+1","Backflip","Footwork+1","Deadly Poison+1","Dagger Spray+1","PiercingWail","Malaise","Footwork+1","Dodge and Roll","Dash","PiercingWail","The Bomb","Catalyst+1","Blur+1","Footwork+1","Catalyst+1","Backflip","Catalyst"],"relics":["Ring of the Snake","NeowsBlessing","Meat on the Bone","Centennial Puzzle","Velvet Choker","Ornamental Fan","MawBank","Snecko Eye","Bird Faced Urn","Vajra","Membership Card","Sundial","Bronze Scales","DollysMirror","Bag of Marbles"],"potions_floor_usage":[21,27,33,38,51,56],"damage_taken":[{"damage":0,"enemies":"Small Slimes","floor":1,"turns":2},{"damage":0,"enemies":"3 Sentries","floor":6,"turns":1},{"damage":0,"enemies":"2 Louse","floor":8,"turns":1},{"damage":0,"enemies":"Cultist","floor":10,"turns":4},{"damage":0,"enemies":"Blue Slaver","floor":14,"turns":5},{"damage":18,"enemies":"The Guardian","floor":16,"turns":12},{"damage":3,"enemies":"Spheric Guardian","floor":18,"turns":6},{"damage":2,"enemies":"3 Byrds","floor":20,"turns":5},{"damage":3,"enemies":"3 Cultists","floor":21,"turns":4},{"damage":22,"enemies":"Gremlin Leader","floor":27,"turns":11},{"damage":2,"enemies":"Shelled Parasite and Fungi","floor":28,"turns":7},{"damage":12,"enemies":"Chosen and Byrds","floor":30,"turns":7},{"damage":0,"enemies":"Snake Plant","floor":31,"turns":6},{"damage":46,"enemies":"Collector","floor":33,"turns":10},{"damage":2,"enemies":"3 Darklings","floor":35,"turns":6},{"damage":2,"enemies":"3 Shapes","floor":39,"turns":5},{"damage":19,"enemies":"Jaw Worm Horde","floor":40,"turns":7},{"damage":5,"enemies":"Spire Growth","floor":44,"turns":10},{"damage":4,"enemies":"Writhing Mass","floor":45,"turns":7},{"damage":55,"enemies":"Nemesis","floor":48,"turns":11},{"damage":19,"enemies":"Time Eater","floor":50,"turns":21},{"damage":62,"enemies":"Donu and Deca","floor":51,"turns":13},{"damage":61,"enemies":"Shield and Spear","floor":55,"turns":11},{"damage":24,"enemies":"The Heart","floor":56,"turns":14}],"seed_played":"-5825015455012953551","potions_obtained":[{"floor":1,"key":"SneckoOil"},{"floor":10,"key":"Swift Potion"},{"floor":18,"key":"SteroidPotion"},{"floor":30,"key":"FearPotion"},{"floor":39,"key":"Energy Potion"}],"is_trial":false,"path_per_floor":["M","?","?","$","?","E","R","M","T","M","R","$","R","M","R","B",null,"M","?","M","M","$","R","?","R","T","E","M","R","M","M","R","B",null,"M","?","?","$","M","M","R","$","T","M","M","?","?","E","R","B","B",null,"R","$","E","B",null],"character_chosen":"THE_SILENT","items_purchased":["All Out Attack","Noxious Fumes","Footwork","Deadly Poison","Fruit Juice","SpeedPotion","Bird Faced Urn","Vajra","Membership Card","PiercingWail","The Bomb","GhostInAJar","DollysMirror","Backflip"],"campfire_rested":2,"item_purchase_floors":[4,12,22,22,38,38,38,38,42,42,42,54,54,54],"current_hp_per_floor":[59,59,41,41,46,46,46,46,46,46,46,46,46,46,46,40,63,60,60,58,55,55,55,55,55,55,45,43,43,43,43,64,30,61,59,59,59,64,68,61,61,61,61,68,72,72,72,38,59,54,18,59,59,59,22,24],"gold":40,"neow_bonus":"THREE_ENEMY_KILL","is_prod":false,"is_daily":false,"chose_seed":false,"campfire_upgraded":8,"win_rate":0,"timestamp":1556004020,"path_taken":["M","?","?","$","?","E","R","M","T","M","R","$","R","M","R","BOSS","M","?","?","M","$","R","?","R","T","E","M","R","M","M","R","BOSS","M","?","?","?","M","M","R","$","T","M","M","?","?","E","R","BOSS","BOSS","R","$","E","BOSS"],"build_version":"2019-01-23","purchased_purges":3,"victory":true,"max_hp_per_floor":[66,66,66,66,71,71,71,71,71,71,71,71,71,71,71,71,71,71,71,71,71,71,71,71,71,71,71,71,71,71,71,71,71,71,71,71,67,72,72,72,72,72,72,72,72,72,72,72,72,72,72,72,72,69,69,69],"card_choices":[{"not_picked":["Endless Agony","Sucker Punch"],"picked":"PiercingWail","floor":1},{"not_picked":["Heel Hook","PiercingWail"],"picked":"Blur","floor":6},{"not_picked":["Outmaneuver","Eviscerate"],"picked":"Dodge and Roll","floor":8},{"not_picked":["Flying Knee","Catalyst"],"picked":"Well Laid Plans","floor":10},{"not_picked":["Dodge and Roll","Expertise"],"picked":"Poisoned Stab","floor":14},{"not_picked":["Venomology","Tools of the Trade"],"picked":"After Image","floor":16},{"not_picked":["Accuracy","Eviscerate"],"picked":"Footwork","floor":18},{"not_picked":["Slice+1","Underhanded Strike","Quick Slash"],"picked":"SKIP","floor":20},{"not_picked":["Dagger Spray","Poisoned Stab"],"picked":"Backflip","floor":21},{"not_picked":["Choke","Cloak And Dagger"],"picked":"Dagger Spray","floor":27},{"not_picked":["Unload","Skewer"],"picked":"PiercingWail","floor":28},{"not_picked":["Tactician","Blade Dance","Outmaneuver"],"picked":"SKIP","floor":30},{"not_picked":["Eviscerate","All Out Attack","Slice"],"picked":"SKIP","floor":31},{"not_picked":["Burst","Envenom"],"picked":"Malaise","floor":33},{"not_picked":["Endless Agony","PiercingWail"],"picked":"Footwork+1","floor":35},{"not_picked":["Blade Dance","Quick Slash+1"],"picked":"Dodge and Roll","floor":39},{"not_picked":["Skewer","Acrobatics"],"picked":"Dash","floor":40},{"not_picked":["Bane","Underhanded Strike"],"picked":"Catalyst","floor":44},{"not_picked":["Choke+1","Endless Agony"],"picked":"Blur+1","floor":45},{"not_picked":["Outmaneuver","Deflect"],"picked":"Footwork+1","floor":48},{"not_picked":["Expertise","PiercingWail"],"picked":"Catalyst","floor":55}],"player_experience":1058611,"relics_obtained":[{"floor":6,"key":"Centennial Puzzle"},{"floor":26,"key":"Ornamental Fan"},{"floor":27,"key":"MawBank"},{"floor":43,"key":"Sundial"},{"floor":48,"key":"Bronze Scales"},{"floor":55,"key":"Bag of Marbles"}],"event_choices":[{"damage_healed":0,"gold_gain":0,"player_choice":"Grow","damage_taken":0,"max_hp_gain":0,"max_hp_loss":0,"event_name":"Living Wall","floor":2,"gold_loss":0,"cards_upgraded":["Neutralize"]},{"damage_healed":0,"gold_gain":0,"player_choice":"Success","damage_taken":18,"relics_obtained":["Meat on the Bone"],"max_hp_gain":0,"max_hp_loss":0,"event_name":"Scrap Ooze","floor":3,"gold_loss":0},{"damage_healed":0,"gold_gain":0,"player_choice":"Donut","damage_taken":0,"max_hp_gain":5,"max_hp_loss":0,"event_name":"Big Fish","floor":5,"gold_loss":0},{"damage_healed":0,"gold_gain":0,"player_choice":"Upgraded","damage_taken":0,"max_hp_gain":0,"max_hp_loss":0,"event_name":"Upgrade Shrine","floor":19,"gold_loss":0,"cards_upgraded":["Footwork"]},{"damage_healed":0,"gold_gain":0,"player_choice":"Simplicity","damage_taken":0,"max_hp_gain":0,"max_hp_loss":0,"event_name":"Back to Basics","floor":24,"gold_loss":0,"cards_upgraded":["Defend_G","Defend_G","Defend_G","Defend_G","Defend_G","Strike_G","Strike_G","Strike_G","Strike_G","Strike_G"]},{"damage_healed":0,"gold_gain":999,"player_choice":"Gold","damage_taken":0,"max_hp_gain":0,"max_hp_loss":0,"event_name":"MindBloom","floor":36,"gold_loss":0,"cards_obtained":["Normality","Normality"]},{"damage_healed":0,"gold_gain":0,"player_choice":"Max HP","damage_taken":0,"max_hp_gain":0,"max_hp_loss":4,"event_name":"Winding Halls","floor":37,"gold_loss":0},{"damage_healed":0,"gold_gain":0,"player_choice":"Ignored","damage_taken":0,"max_hp_gain":0,"max_hp_loss":0,"event_name":"Mysterious Sphere","floor":46,"gold_loss":0},{"damage_healed":0,"gold_gain":0,"player_choice":"Ignored","damage_taken":0,"max_hp_gain":0,"max_hp_loss":0,"event_name":"Tomb of Lord Red Mask","floor":47,"gold_loss":0}],"is_beta":false,"boss_relics":[{"not_picked":["Orrery","WristBlade"],"picked":"Velvet Choker"},{"not_picked":["Calling Bell","Sozu"],"picked":"Snecko Eye"}],"items_purged_floors":[38,42,54],"is_endless":false,"potions_floor_spawned":[1,10,18,30,39,40],"ascension_level":20}