{"gold_per_floor":[110,60,70,82,95,95,95,95,122,156,156,156,173,192,192,295,295,309,323,121,131,166,166,195,294,320,320,336,352,370,370,370,370],"floor_reached":33,"playtime":1803,"items_purged":["Strike_B"],"score":417,"play_id":"a849a607-ed88-4035-adff-b87158ce9510","local_time":"20190511234225","is_ascension_mode":true,"campfire_choices":[{"data":"Barrage","floor":6,"key":"SMITH"},{"floor":8,"key":"REST"},{"data":"Zap","floor":11,"key":"SMITH"},{"data":"Recycle","floor":15,"key":"SMITH"},{"data":"Doom and Gloom","floor":23,"key":"SMITH"},{"floor":27,"key":"REST"},{"floor":32,"key":"REST"}],"neow_cost":"NONE","seed_source_timestamp":1308792514447793,"circlet_count":0,"master_deck":["AscendersBane","Defend_B+1","Defend_B","Defend_B","Defend_B","Zap+1","Dualcast+1","Electrodynamics","Glacier","Barrage+1","Static Discharge","Steam+1","Self Repair","Recycle+1","BootSequence","Steam Power+1","Coolheaded+1","Doom and Gloom+1","Leap+1","Loop","Hologram","Turbo"],"relics":["Cracked Core","Smiling Mask","Art of War","Empty Cage","Strawberry","Red Mask","Whetstone","War Paint","Juzu Bracelet"],"potions_floor_usage":[14,16,24],"damage_taken":[{"damage":11,"enemies":"2 Louse","floor":1,"turns":2},{"damage":1,"enemies":"Jaw Worm","floor":3,"turns":3},{"damage":1,"enemies":"Cultist","floor":4,"turns":3},{"damage":6,"enemies":"Lots of Slimes","floor":5,"turns":2},{"damage":5,"enemies":"3 Sentries","floor":10,"turns":4},{"damage":0,"enemies":"Looter","floor":13,"turns":4},{"damage":7,"enemies":"3 Louse","floor":14,"turns":2},{"damage":44,"enemies":"Hexaghost","floor":16,"turns":12},{"damage":7,"enemies":"Spheric Guardian","floor":18,"turns":5},{"damage":16,"enemies":"Shell Parasite","floor":19,"turns":10},{"damage":5,"enemies":"Snake Plant","floor":21,"turns":5},{"damage":22,"enemies":"Masked Bandits","floor":22,"turns":3},{"damage":40,"enemies":"Slavers","floor":24,"turns":5},{"damage":36,"enemies":"Cultist and Chosen","floor":28,"turns":5},{"damage":11,"enemies":"Chosen and Byrds","floor":29,"turns":6},{"damage":5,"enemies":"Snecko","floor":30,"turns":5},{"damage":58,"enemies":"Collector","floor":33,"turns":5}],"seed_played":"-4282844796231676861","potions_obtained":[{"floor":3,"key":"SkillPotion"},{"floor":4,"key":"Strength Potion"},{"floor":14,"key":"GamblersBrew"},{"floor":21,"key":"Ancient Potion"},{"floor":22,"key":"Regen Potion"},{"floor":28,"key":"Swift Potion"}],"is_trial":false,"path_per_floor":["M","?","M","M","M","R","?","R","T","E","R","?","M","M","R","B",null,"M","M","$","M","?","R","E","?","T","R","M","M","M","?","R","B"],"character_chosen":"DEFECT","items_purchased":["Strawberry"],"campfire_rested":3,"item_purchase_floors":[20],"current_hp_per_floor":[57,57,56,55,49,49,34,56,56,51,51,51,58,51,51,14,60,60,51,58,60,45,45,26,26,26,50,21,17,19,19,43,0],"gold":370,"neow_bonus":"ONE_RANDOM_RARE_CARD","is_prod":false,"is_daily":false,"chose_seed":false,"campfire_upgraded":4,"win_rate":0,"timestamp":1557610945,"path_taken":["M","?","M","M","M","R","?","R","T","E","R","?","?","M","R","BOSS","M","M","?","M","?","R","E","?","T","R","M","M","M","?","R","BOSS"],"build_version":"2019-01-23","purchased_purges":1,"victory":false,"max_hp_per_floor":[75,75,75,75,75,75,75,75,75,75,75,75,75,75,75,75,75,75,75,82,82,82,82,82,82,82,82,82,82,82,82,82,82],"card_choices":[{"not_picked":["Go for the Eyes","Hologram"],"picked":"Glacier","floor":1},{"not_picked":["Gash","Coolheaded"],"picked":"Barrage","floor":3},{"not_picked":["Compile Driver","Sweeping Beam"],"picked":"Static Discharge","floor":4},{"not_picked":["Machine Learning","Stack"],"picked":"Steam","floor":5},{"not_picked":["Force Field","Rebound"],"picked":"Self Repair","floor":10},{"not_picked":["Darkness","Beam Cell"],"picked":"Recycle","floor":13},{"not_picked":["Streamline","Stack"],"picked":"BootSequence","floor":14},{"not_picked":["Rip and Tear","Redo"],"picked":"Steam Power","floor":18},{"not_picked":["Sweeping Beam","Hologram+1"],"picked":"Coolheaded+1","floor":19},{"not_picked":["Static Discharge","Coolheaded+1","Doom and Gloom"],"picked":"SKIP","floor":21},{"not_picked":["Static Discharge","Coolheaded+1"],"picked":"Doom and Gloom","floor":21},{"not_picked":["Hologram","FTL"],"picked":"Leap+1","floor":22},{"not_picked":["Stack","Cold Snap+1"],"picked":"Loop","floor":24},{"not_picked":["Genetic Algorithm","Coolheaded","Sweeping Beam"],"picked":"SKIP","floor":28},{"not_picked":["Stack","Recycle"],"picked":"Hologram","floor":29},{"not_picked":["Creative AI","Conserve Battery"],"picked":"Turbo","floor":30}],"player_experience":563194,"relics_obtained":[{"floor":9,"key":"Smiling Mask"},{"floor":10,"key":"Art of War"},{"floor":22,"key":"Red Mask"},{"floor":24,"key":"Whetstone"},{"floor":26,"key":"War Paint"}],"event_choices":[{"cards_removed":["Strike_B"],"damage_healed":0,"gold_gain":0,"player_choice":"Card Removal","damage_taken":0,"max_hp_gain":0,"max_hp_loss":0,"event_name":"The Cleric","floor":2,"gold_loss":50},{"damage_healed":0,"gold_gain":0,"player_choice":"Entered Light","damage_taken":15,"max_hp_gain":0,"max_hp_loss":0,"event_name":"Shining Light","floor":7,"gold_loss":0,"cards_upgraded":["Steam","Defend_B"]},{"damage_healed":0,"gold_gain":0,"player_choice":"Bought 0 Potions","damage_taken":0,"max_hp_gain":0,"max_hp_loss":0,"event_name":"The Woman in Blue","floor":12,"gold_loss":0},{"damage_healed":0,"gold_gain":0,"player_choice":"Fought Bandits","damage_taken":0,"max_hp_gain":0,"max_hp_loss":0,"event_name":"Masked Bandits","floor":22,"gold_loss":0},{"damage_healed":0,"gold_gain":99,"player_choice":"Stole From Cult","damage_taken":0,"max_hp_gain":0,"max_hp_loss":0,"event_name":"Nest","floor":25,"gold_loss":0},{"damage_healed":0,"gold_gain":0,"player_choice":"Opened","damage_taken":0,"relics_obtained":["Juzu Bracelet"],"max_hp_gain":0,"max_hp_loss":0,"event_name":"The Mausoleum","floor":31,"gold_loss":0}],"is_beta":false,"boss_relics":[{"not_picked":["Ectoplasm","Lizard Tail"],"picked":"Empty Cage"}],"items_purged_floors":[20],"is_endless":false,"potions_floor_spawned":[3,4,14,21,22,28,30],"killed_by":"Collector","ascension_level":11}