{"gold_per_floor":[218,218,229,229,242,242,270,545,571,601,430,440,440,459,459,535,535,547,564,564,32,0,0,0],"floor_reached":24,"playtime":554,"items_purged":["Strike_B","Strike_B"],"score":408,"play_id":"18603394-c57b-47ca-995a-fd9f58036cb4","local_time":"20190512025605","is_ascension_mode":true,"campfire_choices":[{"data":"Defragment","floor":6.0,"key":"SMITH"},{"floor":13.0,"key":"REST"},{"data":"Defragment","floor":15.0,"key":"SMITH"},{"floor":23.0,"key":"REST"}],"neow_cost":"NONE","seed_source_timestamp":0,"circlet_count":0,"master_deck":["AscendersBane","Strike_B","Strike_B","Defend_B","Defend_B","Defend_B","Defend_B","Zap","Dualcast","Reinforced Body","Conserve Battery","Defragment+1","Blizzard","Chill","Defragment+1","Go for the Eyes","White Noise","Leap","Reboot","Conserve Battery+1","Hologram","Self Repair","Undo","Defragment"],"special_seed":0,"relics":["Cracked Core","Omamori","Bronze Scales","Darkstone Periapt","Snecko Eye","Gambling Chip"],"potions_floor_usage":[],"damage_taken":[{"damage":17.0,"enemies":"Small Slimes","floor":1.0,"turns":4.0},{"damage":0.0,"enemies":"Cultist","floor":3.0,"turns":3.0},{"damage":0.0,"enemies":"2 Louse","floor":5.0,"turns":3.0},{"damage":44.0,"enemies":"Gremlin Nob","floor":7.0,"turns":4.0},{"damage":19.0,"enemies":"Lagavulin","floor":10.0,"turns":7.0},{"damage":0.0,"enemies":"2 Fungi Beasts","floor":12.0,"turns":4.0},{"damage":1.0,"enemies":"Red Slaver","floor":14.0,"turns":3.0},{"damage":16.0,"enemies":"Hexaghost","floor":16.0,"turns":12.0},{"damage":18.0,"enemies":"Chosen","floor":18.0,"turns":7.0},{"damage":1.0,"enemies":"3 Byrds","floor":19.0,"turns":2.0},{"damage":0,"enemies":"Slavers","floor":24,"turns":1}],"seed_played":"-5254302274044165901","potions_obtained":[{"floor":3.0,"key":"PowerPotion"},{"floor":5.0,"key":"Strength Potion"},{"floor":7.0,"key":"Explosive Potion"},{"floor":14.0,"key":"SkillPotion"},{"floor":18.0,"key":"Energy Potion"},{"floor":19.0,"key":"Explosive Potion"}],"is_trial":false,"path_per_floor":["M","?","M","?","M","R","E","?","T","E","$","M","R","M","R","B",null,"M","M","?","$","?","R","E"],"character_chosen":"DEFECT","items_purchased":["Defragment","Go for the Eyes","Gambling Chip","Undo","Defragment"],"campfire_rested":2,"item_purchase_floors":[11,11,21,21,21],"current_hp_per_floor":[47,43,43,66,66,66,22,22,22,3,3,3,24,23,23,7,55,37,36,36,36,36,57,57],"gold":0,"neow_bonus":"HUNDRED_GOLD","is_prod":false,"is_daily":false,"chose_seed":false,"campfire_upgraded":2,"win_rate":0,"timestamp":1557622565,"path_taken":["M","?","?","?","M","R","E","?","T","E","$","?","R","M","R","BOSS","M","M","?","$","?","R","E"],"build_version":"2019-01-23","purchased_purges":2,"victory":false,"max_hp_per_floor":[71,71,71,71,71,71,71,71,71,71,71,71,71,71,71,71,71,71,71,71,71,71,71,71],"card_choices":[{"not_picked":["Beam Cell","Redo"],"picked":"Reinforced Body","floor":1.0},{"not_picked":["Reinforced Body","Static Discharge"],"picked":"Conserve Battery","floor":3.0},{"not_picked":["Barrage","Reinforced Body"],"picked":"Defragment","floor":5.0},{"not_picked":["Barrage","Thunder Strike"],"picked":"Blizzard","floor":7.0},{"not_picked":["Coolheaded","Streamline"],"picked":"Chill","floor":10.0},{"not_picked":["Redo","Compile Driver"],"picked":"White Noise","floor":12.0},{"not_picked":["Redo","Turbo"],"picked":"Leap","floor":14.0},{"not_picked":["Fission","Rainbow"],"picked":"Reboot","floor":16.0},{"not_picked":["Streamline","Hello World"],"picked":"Conserve Battery+1","floor":18.0},{"not_picked":["Lockon","Beam Cell"],"picked":"Hologram","floor":19.0}],"player_experience":659737,"relics_obtained":[{"floor":7.0,"key":"Omamori"},{"floor":9.0,"key":"Bronze Scales"},{"floor":10.0,"key":"Darkstone Periapt"}],"event_choices":[{"damage_healed":0.0,"max_hp_gain":0.0,"max_hp_loss":0.0,"gold_gain":0.0,"event_name":"The Woman in Blue","player_choice":"Bought 0 Potions","floor":2.0,"gold_loss":0.0,"damage_taken":0.0},{"damage_healed":23.0,"max_hp_gain":0.0,"max_hp_loss":0.0,"gold_gain":0.0,"event_name":"Big Fish","player_choice":"Banana","floor":4.0,"gold_loss":0.0,"damage_taken":0.0},{"damage_healed":0.0,"max_hp_gain":0.0,"max_hp_loss":0.0,"gold_gain":275.0,"event_name":"Golden Shrine","player_choice":"Desecrate","floor":8.0,"gold_loss":0.0,"damage_taken":0.0,"cards_obtained":["Regret"]},{"damage_healed":0.0,"max_hp_gain":0.0,"max_hp_loss":0.0,"gold_gain":0.0,"event_name":"The Library","player_choice":"Read","floor":20.0,"gold_loss":0.0,"damage_taken":0.0,"cards_obtained":["Self Repair"]},{"damage_healed":0.0,"max_hp_gain":0.0,"max_hp_loss":0.0,"gold_gain":0.0,"event_name":"Masked Bandits","player_choice":"Paid Fearfully","floor":22.0,"gold_loss":32.0,"damage_taken":0.0}],"is_beta":false,"boss_relics":[{"not_picked":["Tiny House","Cursed Key"],"picked":"Snecko Eye"}],"items_purged_floors":[11,21],"is_endless":false,"potions_floor_spawned":[3,5,7,14,18,19],"killed_by":"Slavers","ascension_level":20}