{"gold_per_floor":[116,127,145,161,19,19,54,68,68,68,84,64,96,113,113,209,209,221,235,17,17,34,34],"floor_reached":23,"playtime":2331,"items_purged":[],"score":267,"play_id":"fd9c3717-1899-41e7-95a1-649c623c0a54","local_time":"20181124083616","is_ascension_mode":true,"campfire_choices":[{"data":"Uppercut","floor":6.0,"key":"SMITH"},{"data":"True Grit","floor":10.0,"key":"SMITH"},{"data":"Clothesline","floor":15.0,"key":"SMITH"}],"neow_cost":"NONE","seed_source_timestamp":0,"circlet_count":0,"master_deck":["Strike_R","Strike_R","Strike_R","Strike_R","Strike_R","Defend_R","Defend_R","Defend_R","Defend_R","Bash","Inflame","Flame Barrier","True Grit+1","Uppercut+1","Dramatic Entrance","Spot Weakness","Exhume","Clothesline+1","Feel No Pain","Inflame","Feel No Pain","Offering","Seeing Red","Uppercut","Uppercut","Limit Break"],"special_seed":0,"relics":["Burning Blood","Boot","Gremlin Horn","Prayer Wheel","Mango","Velvet Choker"],"potions_floor_usage":[23,23],"damage_taken":[{"damage":5.0,"enemies":"Small Slimes","floor":1.0,"turns":4.0},{"damage":1.0,"enemies":"Cultist","floor":2.0,"turns":4.0},{"damage":12.0,"enemies":"2 Louse","floor":3.0,"turns":4.0},{"damage":5.0,"enemies":"Blue Slaver","floor":4.0,"turns":6.0},{"damage":26.0,"enemies":"Gremlin Nob","floor":7.0,"turns":5.0},{"damage":0.0,"enemies":"Lots of Slimes","floor":8.0,"turns":1.0},{"damage":0.0,"enemies":"Gremlin Gang","floor":11.0,"turns":2.0},{"damage":10.0,"enemies":"3 Sentries","floor":13.0,"turns":5.0},{"damage":10.0,"enemies":"Exordium Wildlife","floor":14.0,"turns":5.0},{"damage":50.0,"enemies":"Slime Boss","floor":16.0,"turns":12.0},{"damage":31,"enemies":"Spheric Guardian","floor":18,"turns":5},{"damage":17,"enemies":"2 Thieves","floor":19,"turns":3},{"damage":19,"enemies":"Snecko","floor":22,"turns":4},{"damage":32,"enemies":"Book of Stabbing","floor":23,"turns":4}],"seed_played":"6432552679106996433","potions_obtained":[{"floor":2.0,"key":"Swift Potion"},{"floor":3.0,"key":"Weak Potion"},{"floor":8.0,"key":"SteroidPotion"},{"floor":11.0,"key":"SpeedPotion"},{"floor":12.0,"key":"SneckoOil"},{"floor":22,"key":"EssenceOfSteel"}],"is_trial":false,"path_per_floor":["M","M","M","M","$","R","E","M","T","R","M","?","E","M","R","B",null,"M","M","$","?","M","E"],"character_chosen":"IRONCLAD","items_purchased":["Explosive Potion","Dramatic Entrance","Uppercut","Limit Break","SteroidPotion"],"campfire_rested":0,"item_purchase_floors":[5,5,20,20,20],"current_hp_per_floor":[73,78,72,73,73,73,53,59,59,59,65,65,75,71,71,27,77,52,41,41,41,28,0],"gold":34,"neow_bonus":"RANDOM_COMMON_RELIC","is_prod":false,"is_daily":false,"chose_seed":false,"campfire_upgraded":3,"win_rate":0,"timestamp":1543070176,"path_taken":["M","M","M","M","$","R","E","M","T","R","M","?","E","?","R","BOSS","M","M","$","?","M","E"],"build_version":"2018-11-15","purchased_purges":0,"victory":false,"max_hp_per_floor":[80,80,80,80,80,80,80,80,80,80,80,80,94,94,94,94,94,94,94,94,94,94,94],"card_choices":[{"not_picked":["Cleave","Perfected Strike"],"picked":"Inflame","floor":1.0},{"not_picked":["Body Slam","Armaments"],"picked":"Flame Barrier","floor":2.0},{"not_picked":["Pommel Strike","Wild Strike"],"picked":"True Grit","floor":3.0},{"not_picked":["Clothesline","Havoc"],"picked":"Uppercut","floor":4.0},{"not_picked":["Sword Boomerang","Burning Pact"],"picked":"Spot Weakness","floor":7.0},{"not_picked":["Clash","Sword Boomerang"],"picked":"Exhume","floor":8.0},{"not_picked":["Pommel Strike","Carnage"],"picked":"Clothesline","floor":11.0},{"not_picked":["True Grit","Armaments"],"picked":"Feel No Pain","floor":11.0},{"not_picked":["Bludgeon","Rage","Clothesline"],"picked":"SKIP","floor":13.0},{"not_picked":["Cleave","Armaments"],"picked":"Inflame","floor":14.0},{"not_picked":["Reckless Charge","Clash"],"picked":"Feel No Pain","floor":14.0},{"not_picked":["Demon Form","Bludgeon"],"picked":"Offering","floor":16.0},{"not_picked":["Pommel Strike","Twin Strike","Havoc"],"picked":"SKIP","floor":18},{"not_picked":["Heavy Blade","Clothesline","Burning Pact"],"picked":"SKIP","floor":18},{"not_picked":["Body Slam","Heavy Blade"],"picked":"Seeing Red","floor":19},{"not_picked":["Iron Wave","Reckless Charge"],"picked":"Uppercut","floor":19},{"not_picked":["Twin Strike","Clothesline","Infernal Blade"],"picked":"SKIP","floor":22},{"not_picked":["Warcry","Iron Wave","Pommel Strike"],"picked":"SKIP","floor":22}],"player_experience":268915,"relics_obtained":[{"floor":7.0,"key":"Gremlin Horn"},{"floor":9.0,"key":"Prayer Wheel"},{"floor":13.0,"key":"Mango"}],"event_choices":[{"damage_healed":0.0,"max_hp_gain":0.0,"max_hp_loss":0.0,"gold_gain":0.0,"event_name":"The Woman in Blue","player_choice":"Bought 1 Potion","floor":12.0,"gold_loss":0.0,"damage_taken":0.0},{"damage_healed":0,"gold_gain":0,"player_choice":"Leave","damage_taken":0,"max_hp_gain":0,"max_hp_loss":0,"event_name":"FaceTrader","floor":21,"gold_loss":0}],"is_beta":false,"boss_relics":[{"not_picked":["Empty Cage","Snecko Eye"],"picked":"Velvet Choker"}],"items_purged_floors":[],"is_endless":false,"potions_floor_spawned":[2,3,8,11,22],"killed_by":"Book of Stabbing","ascension_level":6}