{"gold_per_floor":[113,126,142,154,154,154,154,154,181,181,193,193,207,262,262,359,359,371,357,370,387,399,399,126,144,144,144,155,155,155,173,173,272,272,282,282,294,312,322,322,337,354,407,407,407,440,459,477,477,477],"floor_reached":50,"playtime":5555,"items_purged":["Strike_G"],"score":558,"play_id":"a3c858e8-78b0-457e-8c52-0ac64edbb477","local_time":"20180928163008","is_ascension_mode":true,"campfire_choices":[{"data":"Neutralize","floor":6,"key":"SMITH"},{"data":"Deadly Poison","floor":8,"key":"SMITH"},{"data":"Deadly Poison","floor":10,"key":"SMITH"},{"floor":15,"key":"REST"},{"floor":23,"key":"REST"},{"data":"After Image","floor":27,"key":"SMITH"},{"data":"Footwork","floor":29,"key":"SMITH"},{"floor":32,"key":"REST"},{"floor":40,"key":"REST"},{"floor":49,"key":"REST"}],"neow_cost":"NONE","seed_source_timestamp":607107165787514,"circlet_count":0,"master_deck":["Defend_G+1","Defend_G+1","Defend_G+1","Defend_G+1","Defend_G+1","Strike_G+1","Strike_G+1","Strike_G+1","Strike_G+1","Survivor","Neutralize+1","Deadly Poison+1","Backstab+1","Deadly Poison+1","Dagger Spray+1","Escape Plan","Footwork+1","Dodge and Roll","Masterful Stab","After Image+1","Acrobatics+1","Well Laid Plans","Noxious Fumes+1","Dodge and Roll","Deadly Poison","Leg Sweep","Caltrops","Deflect+1","Deadly Poison","Outmaneuver","Catalyst","Deflect+1","PiercingWail+1","PiercingWail+1","Deflect+1","Doubt","Flying Knee","Dodge and Roll+1"],"relics":["Ring of the Snake","Whetstone","Tiny Chest","White Beast Statue","Regal Pillow","Lizard Tail","Vajra","Meat on the Bone"],"potions_floor_usage":[22,25,38,41,42,46,48,48,48,50],"damage_taken":[{"damage":1,"enemies":"Cultist","floor":1,"turns":4},{"damage":2,"enemies":"Small Slimes","floor":2,"turns":3},{"damage":1,"enemies":"Jaw Worm","floor":3,"turns":3},{"damage":1,"enemies":"Exordium Wildlife","floor":4,"turns":2},{"damage":5,"enemies":"Large Slime","floor":11,"turns":5},{"damage":0,"enemies":"3 Louse","floor":13,"turns":2},{"damage":3,"enemies":"Lagavulin","floor":14,"turns":5},{"damage":26,"enemies":"Hexaghost","floor":16,"turns":9},{"damage":6,"enemies":"Chosen","floor":18,"turns":5},{"damage":2,"enemies":"2 Thieves","floor":19,"turns":4},{"damage":4,"enemies":"Cultist and Chosen","floor":20,"turns":7},{"damage":11,"enemies":"Snake Plant","floor":21,"turns":6},{"damage":18,"enemies":"Sentry and Sphere","floor":22,"turns":8},{"damage":19,"enemies":"Centurion and Healer","floor":25,"turns":8},{"damage":0,"enemies":"Snecko","floor":28,"turns":5},{"damage":3,"enemies":"3 Cultists","floor":31,"turns":5},{"damage":6,"enemies":"Automaton","floor":33,"turns":12},{"damage":11,"enemies":"3 Darklings","floor":35,"turns":8},{"damage":1,"enemies":"3 Shapes","floor":37,"turns":6},{"damage":39,"enemies":"Transient","floor":38,"turns":5},{"damage":49,"enemies":"Spire Growth","floor":39,"turns":7},{"damage":12,"enemies":"Sphere and 2 Shapes","floor":41,"turns":5},{"damage":11,"enemies":"Reptomancer","floor":42,"turns":7},{"damage":22,"enemies":"Nemesis","floor":46,"turns":11},{"damage":7,"enemies":"4 Shapes","floor":47,"turns":9},{"damage":9,"enemies":"Transient","floor":48,"turns":5},{"damage":91,"enemies":"Donu and Deca","floor":50,"turns":10}],"seed_played":"-2788412611568291949","potions_obtained":[{"floor":1,"key":"Explosive Potion"},{"floor":13,"key":"Ancient Potion"},{"floor":14,"key":"Strength Potion"},{"floor":16,"key":"Dexterity Potion"},{"floor":19,"key":"Fire Potion"},{"floor":21,"key":"SpeedPotion"},{"floor":22,"key":"Regen Potion"},{"floor":25,"key":"SteroidPotion"},{"floor":39,"key":"Explosive Potion"},{"floor":41,"key":"Block Potion"},{"floor":42,"key":"Dexterity Potion"},{"floor":46,"key":"Poison Potion"},{"floor":48,"key":"LiquidBronze"}],"is_trial":false,"path_per_floor":["M","M","M","M","?","R","?","R","T","R","M","?","M","E","R","B",null,"M","M","M","M","M","R","$","M","T","R","M","R","?","M","R","B",null,"M","?","M","M","M","R","M","M","T","?","?","E","M","M","R"],"character_chosen":"THE_SILENT","items_purchased":["Deadly Poison","Leg Sweep","Caltrops"],"campfire_rested":5,"item_purchase_floors":[24,24,24],"current_hp_per_floor":[69,67,66,65,70,70,55,55,55,55,50,50,50,47,69,43,75,69,67,63,52,34,56,56,52,52,52,52,52,52,49,75,69,75,64,64,63,24,21,58,46,35,35,75,71,49,42,45,71,0],"gold":477,"neow_bonus":"THREE_CARDS","is_prod":false,"is_daily":false,"chose_seed":false,"campfire_upgraded":5,"win_rate":0,"timestamp":1538145008,"path_taken":["M","M","?","M","?","R","?","R","T","R","M","?","M","E","R","BOSS","M","M","?","M","M","R","$","M","T","R","M","R","?","M","R","BOSS","M","?","M","M","M","R","?","M","T","?","?","E","M","M","R","BOSS"],"build_version":"2018-09-27","purchased_purges":1,"victory":false,"max_hp_per_floor":[70,70,70,70,75,75,75,75,75,75,75,75,75,75,75,75,75,75,75,75,75,75,75,75,75,75,75,75,75,75,75,75,75,75,75,75,75,75,75,75,75,75,75,75,71,71,71,71,71,71],"card_choices":[{"not_picked":["Prepared","Underhanded Strike"],"picked":"Deadly Poison","floor":0},{"not_picked":["Predator","Poisoned Stab"],"picked":"Backstab","floor":1},{"not_picked":["Quick Slash","Poisoned Stab"],"picked":"Deadly Poison","floor":2},{"not_picked":["Expertise","Accuracy"],"picked":"Dagger Spray","floor":3},{"not_picked":["Bane","Reflex"],"picked":"Escape Plan","floor":4},{"not_picked":["Catalyst","Poisoned Stab"],"picked":"Footwork","floor":11},{"not_picked":["Choke","Prepared"],"picked":"Dodge and Roll","floor":13},{"not_picked":["Dagger Spray","Bane"],"picked":"Masterful Stab","floor":14},{"not_picked":["Venomology","Unload"],"picked":"After Image","floor":16},{"not_picked":["Accuracy","Footwork"],"picked":"Acrobatics+1","floor":18},{"not_picked":["Poisoned Stab","Deadly Poison"],"picked":"Well Laid Plans","floor":19},{"not_picked":["Underhanded Strike+1","Skewer+1"],"picked":"Noxious Fumes+1","floor":20},{"not_picked":["Acrobatics","Sucker Punch+1","Dagger Throw+1"],"picked":"SKIP","floor":21},{"not_picked":["Blade Dance","Dash"],"picked":"Dodge and Roll","floor":22},{"not_picked":["Flying Knee","Escape Plan"],"picked":"Deflect+1","floor":25},{"not_picked":["Cloak And Dagger","Infinite Blades"],"picked":"Deadly Poison","floor":28},{"not_picked":["Infinite Blades","Dagger Throw"],"picked":"Outmaneuver","floor":31},{"not_picked":["All Out Attack","Cloak And Dagger","Flechettes+1"],"picked":"SKIP","floor":35},{"not_picked":["Acrobatics","Dagger Throw+1"],"picked":"Catalyst","floor":37},{"not_picked":["Flechettes","Cloak And Dagger+1"],"picked":"Deflect+1","floor":38},{"not_picked":["Prepared","Calculated Gamble"],"picked":"PiercingWail+1","floor":39},{"not_picked":["Underhanded Strike","Sucker Punch"],"picked":"PiercingWail+1","floor":41},{"not_picked":["Riddle With Holes","Dagger Throw+1"],"picked":"Deflect+1","floor":42},{"not_picked":["Choke","Blade Dance","Calculated Gamble+1"],"picked":"SKIP","floor":46},{"not_picked":["Eviscerate+1","Expertise+1"],"picked":"Flying Knee","floor":47},{"not_picked":["Prepared+1","Leg Sweep"],"picked":"Dodge and Roll+1","floor":48}],"player_experience":57999,"relics_obtained":[{"floor":9,"key":"Whetstone"},{"floor":14,"key":"Tiny Chest"},{"floor":26,"key":"Regal Pillow"},{"floor":43,"key":"Vajra"},{"floor":46,"key":"Meat on the Bone"}],"event_choices":[{"event_name":"Big Fish","player_choice":"Donut","floor":5,"damage_taken":0},{"event_name":"Shining Light","player_choice":"Entered Light","floor":7,"damage_taken":0},{"event_name":"Liars Game","player_choice":"disagreed","floor":12,"damage_taken":0},{"event_name":"Back to Basics","player_choice":"Simplicity","floor":30,"damage_taken":0},{"event_name":"Mysterious Sphere","player_choice":"Ignore","floor":36,"damage_taken":0},{"event_name":"MindBloom","player_choice":"Heal","floor":44,"damage_taken":0},{"event_name":"Winding Halls","player_choice":"Max HP","floor":45,"damage_taken":0}],"is_beta":false,"boss_relics":[{"not_picked":["Sozu","Snecko Eye"],"picked":"White Beast Statue"},{"not_picked":["Orrery","Eternal Feather"],"picked":"Lizard Tail"}],"items_purged_floors":[24],"is_endless":false,"potions_floor_spawned":[1,13,14,16,18,19,20,21,22,25,28,31,33,35,37,38,39,41,42,46,47,48],"killed_by":"Donu and Deca","ascension_level":1}