{"gold_per_floor":[119,119,119,131,131,131,162,162,162,162,175,186,218,183,183,256,256,256,3,3,3,3,3,3,3,3,3,3,3],"floor_reached":29,"playtime":904,"items_purged":["Strike_B"],"score":598,"play_id":"d5b456f4-7bab-4e74-8de9-846cda536607","local_time":"20190407221256","is_ascension_mode":true,"campfire_choices":[{"data":"Zap","floor":6.0,"key":"SMITH"},{"data":"Dualcast","floor":8.0,"key":"SMITH"},{"data":"Sweeping Beam","floor":10.0,"key":"SMITH"},{"data":"Sunder","floor":15.0,"key":"SMITH"},{"floor":23,"key":"REST"},{"data":"Machine Learning","floor":25,"key":"SMITH"},{"floor":28,"key":"REST"}],"neow_cost":"NONE","seed_source_timestamp":826443482837303,"circlet_count":0,"master_deck":["AscendersBane","Strike_B","Strike_B","Strike_B","Defend_B","Defend_B","Defend_B","Defend_B","Zap+1","Dualcast+1","Sweeping Beam+1","Cold Snap","Ball Lightning","Sunder+1","Machine Learning+1","Reinforced Body+1","Genetic Algorithm","Compile Driver","Skim+1","Steam","Biased Cognition","Rebound"],"special_seed":0,"relics":["Cracked Core","NeowsBlessing","Bird Faced Urn","Mummified Hand","Gremlin Horn","Singing Bowl","Happy Flower","Ectoplasm","Red Mask","War Paint","Ornamental Fan"],"potions_floor_usage":[24,29],"damage_taken":[{"damage":0.0,"enemies":"Small Slimes","floor":1.0,"turns":1.0},{"damage":0.0,"enemies":"Jaw Worm","floor":4.0,"turns":1.0},{"damage":0.0,"enemies":"Lagavulin","floor":7.0,"turns":1.0},{"damage":0.0,"enemies":"2 Louse","floor":11.0,"turns":1.0},{"damage":5.0,"enemies":"Looter","floor":12.0,"turns":3.0},{"damage":26.0,"enemies":"3 Sentries","floor":13.0,"turns":6.0},{"damage":43.0,"enemies":"Slime Boss","floor":16.0,"turns":7.0},{"damage":1.0,"enemies":"Spheric Guardian","floor":18.0,"turns":3.0},{"damage":38,"enemies":"Masked Bandits","floor":21,"turns":4},{"damage":17,"enemies":"Chosen","floor":22,"turns":4},{"damage":0,"enemies":"Gremlin Leader","floor":24,"turns":4},{"damage":8,"enemies":"3 Cultists","floor":27,"turns":4},{"damage":83,"enemies":"Slavers","floor":29,"turns":8}],"seed_played":"-8095090187990438926","potions_obtained":[{"floor":7.0,"key":"FearPotion"},{"floor":12.0,"key":"SpeedPotion"},{"floor":16.0,"key":"FocusPotion"},{"floor":24,"key":"FairyPotion"}],"is_trial":false,"path_per_floor":["M","?","?","M","T","R","E","R","T","R","M","M","E","?","R","B",null,"M","$","?","?","M","R","E","R","T","M","R","E"],"character_chosen":"DEFECT","items_purchased":["Reinforced Body","Genetic Algorithm","Compile Driver"],"campfire_rested":2,"item_purchase_floors":[19,19,19],"current_hp_per_floor":[64,59,59,59,59,59,59,59,59,59,59,56,30,48,48,5,56,59,59,74,37,22,44,46,46,46,42,64,0],"gold":3,"neow_bonus":"THREE_ENEMY_KILL","is_prod":false,"is_daily":false,"chose_seed":false,"campfire_upgraded":5,"win_rate":0,"timestamp":1554642776,"path_taken":["M","?","?","M","?","R","E","R","T","R","M","M","E","?","R","BOSS","M","$","?","?","M","R","E","R","T","M","R","E"],"build_version":"2019-01-23","purchased_purges":1,"victory":false,"max_hp_per_floor":[71,71,71,71,71,71,71,71,71,71,71,73,73,73,73,73,73,75,75,75,75,75,75,75,75,75,75,75,75],"card_choices":[{"not_picked":["Barrage","Lockon"],"picked":"Sweeping Beam","floor":1.0},{"not_picked":["Beam Cell","Turbo","Force Field"],"picked":"SKIP","floor":4.0},{"not_picked":["Hello World","Steam"],"picked":"Cold Snap","floor":7.0},{"not_picked":["Doom and Gloom","Stack"],"picked":"Ball Lightning","floor":11.0},{"not_picked":["Melter","Compile Driver","Hyperbeam"],"picked":"Singing Bowl","floor":12.0},{"not_picked":["Go for the Eyes","Storm"],"picked":"Sunder","floor":13.0},{"not_picked":["Multi-Cast","Hyperbeam"],"picked":"Machine Learning","floor":16.0},{"not_picked":["Go for the Eyes","Stack+1","Steam Power"],"picked":"Singing Bowl","floor":18.0},{"not_picked":["Hologram","Redo"],"picked":"Skim","floor":21},{"not_picked":["Melter+1","Sweeping Beam"],"picked":"Steam","floor":22},{"not_picked":["Compile Driver","Hologram"],"picked":"Biased Cognition","floor":24},{"not_picked":["Leap","Stack"],"picked":"Rebound","floor":27}],"player_experience":855723,"relics_obtained":[{"floor":5.0,"key":"Mummified Hand"},{"floor":7.0,"key":"Gremlin Horn"},{"floor":9.0,"key":"Singing Bowl"},{"floor":13.0,"key":"Happy Flower"},{"floor":21,"key":"Red Mask"},{"floor":24,"key":"War Paint"},{"floor":26,"key":"Ornamental Fan"}],"event_choices":[{"damage_healed":0.0,"max_hp_gain":0.0,"max_hp_loss":0.0,"gold_gain":0.0,"event_name":"Scrap Ooze","player_choice":"Success","floor":2.0,"gold_loss":0.0,"damage_taken":5.0,"relics_obtained":["Bird Faced Urn"]},{"damage_healed":0.0,"max_hp_gain":0.0,"max_hp_loss":0.0,"gold_gain":0.0,"event_name":"Liars Game","player_choice":"Ignored","floor":3.0,"gold_loss":0.0,"damage_taken":0.0},{"damage_healed":18.0,"max_hp_gain":0.0,"max_hp_loss":0.0,"gold_gain":0.0,"event_name":"The Cleric","player_choice":"Healed","floor":14.0,"gold_loss":35.0,"damage_taken":0.0},{"damage_healed":15,"gold_gain":0,"player_choice":"Heal","damage_taken":0,"max_hp_gain":0,"max_hp_loss":0,"event_name":"The Library","floor":20,"gold_loss":0},{"damage_healed":0,"gold_gain":0,"player_choice":"Fought Bandits","damage_taken":0,"max_hp_gain":0,"max_hp_loss":0,"event_name":"Masked Bandits","floor":21,"gold_loss":0}],"is_beta":false,"boss_relics":[{"not_picked":["Runic Dome","Empty Cage"],"picked":"Ectoplasm"}],"items_purged_floors":[19],"is_endless":false,"potions_floor_spawned":[7,12,16,18,24],"killed_by":"Slavers","ascension_level":20}