{"gold_per_floor":[116,130,143,143,17,17,35,52,52,3,28,28,54,72,72,150,150,163,163,173,191,141,141,141],"floor_reached":24,"playtime":852,"items_purged":["Strike_R"],"score":416,"play_id":"dfd6b923-bddf-4971-af3a-5145fbe15c1d","local_time":"20190512103208","is_ascension_mode":true,"campfire_choices":[{"data":"Bash","floor":6,"key":"SMITH"},{"floor":12,"key":"REST"},{"data":"Inflame","floor":15,"key":"SMITH"},{"floor":23,"key":"REST"}],"neow_cost":"NONE","seed_source_timestamp":519921111449200,"circlet_count":0,"master_deck":["AscendersBane","Strike_R","Strike_R","Strike_R+1","Defend_R","Defend_R","Defend_R","Defend_R+1","Bash+1","Sentinel","Headbutt","Inflame+1","True Grit","Anger","Heavy Blade","Whirlwind+1","Dropkick+1","Corruption","Demon Form+1","True Grit","Flame Barrier","Cleave+1"],"relics":["Burning Blood","Molten Egg 2","Sundial","Mercury Hourglass","Velvet Choker","CultistMask"],"potions_floor_usage":[8,11],"damage_taken":[{"damage":7,"enemies":"Cultist","floor":1,"turns":4},{"damage":1,"enemies":"2 Louse","floor":2,"turns":4},{"damage":8,"enemies":"Jaw Worm","floor":3,"turns":7},{"damage":4,"enemies":"Looter","floor":7,"turns":3},{"damage":1,"enemies":"Lots of Slimes","floor":8,"turns":2},{"damage":22,"enemies":"Lagavulin","floor":11,"turns":5},{"damage":29,"enemies":"Gremlin Nob","floor":13,"turns":4},{"damage":7,"enemies":"Exordium Thugs","floor":14,"turns":4},{"damage":23,"enemies":"Hexaghost","floor":16,"turns":7},{"damage":19,"enemies":"Spheric Guardian","floor":18,"turns":4},{"damage":0,"enemies":"3 Byrds","floor":20,"turns":3},{"damage":24,"enemies":"Snake Plant","floor":21,"turns":3},{"damage":63,"enemies":"Book of Stabbing","floor":24,"turns":4}],"seed_played":"4160255606900945041","potions_obtained":[{"floor":1,"key":"Explosive Potion"},{"floor":3,"key":"PowerPotion"}],"is_trial":false,"path_per_floor":["M","M","M","?","$","R","M","M","T","?","E","R","E","M","R","B",null,"M","?","M","M","?","R","E"],"character_chosen":"IRONCLAD","items_purchased":["Anger"],"campfire_rested":2,"item_purchase_floors":[5],"current_hp_per_floor":[67,72,70,47,47,47,49,54,54,54,38,60,37,36,36,19,61,48,48,54,36,36,58,0],"gold":141,"neow_bonus":"TRANSFORM_CARD","is_prod":false,"is_daily":false,"chose_seed":false,"campfire_upgraded":2,"win_rate":0,"timestamp":1557624728,"path_taken":["M","M","M","?","$","R","M","M","T","?","E","R","E","M","R","BOSS","M","?","?","M","?","R","E"],"build_version":"2019-01-23","purchased_purges":1,"victory":false,"max_hp_per_floor":[75,75,75,75,75,75,75,75,75,75,75,75,75,75,75,75,75,75,75,75,75,75,75,75],"card_choices":[{"not_picked":["Entrench","Dropkick"],"picked":"Headbutt","floor":1},{"not_picked":["Cleave","Havoc"],"picked":"Inflame","floor":2},{"not_picked":["Pummel","Thunderclap"],"picked":"True Grit","floor":3},{"not_picked":["Wild Strike","Iron Wave"],"picked":"Heavy Blade","floor":7},{"not_picked":["Anger","Warcry","Iron Wave"],"picked":"SKIP","floor":8},{"not_picked":["Iron Wave+1","Havoc"],"picked":"Whirlwind+1","floor":11},{"not_picked":["Warcry","Juggernaut"],"picked":"Dropkick+1","floor":13},{"not_picked":["Power Through","Heavy Blade+1"],"picked":"Corruption","floor":14},{"not_picked":["Impervious","Exhume"],"picked":"Demon Form","floor":16},{"not_picked":["Burning Pact","Second Wind"],"picked":"True Grit","floor":18},{"not_picked":["True Grit","Anger+1"],"picked":"Flame Barrier","floor":20},{"not_picked":["Searing Blow+1","Perfected Strike+1"],"picked":"Cleave+1","floor":21}],"player_experience":1344782,"relics_obtained":[{"floor":9,"key":"Molten Egg 2"},{"floor":11,"key":"Sundial"},{"floor":13,"key":"Mercury Hourglass"}],"event_choices":[{"damage_healed":0,"gold_gain":0,"player_choice":"Entered Light","damage_taken":23,"max_hp_gain":0,"max_hp_loss":0,"event_name":"Shining Light","floor":4,"gold_loss":0,"cards_upgraded":["Strike_R","Defend_R"]},{"damage_healed":0,"gold_gain":0,"player_choice":"Left Gold","damage_taken":0,"max_hp_gain":0,"max_hp_loss":0,"event_name":"World of Goop","floor":10,"gold_loss":49},{"damage_healed":0,"gold_gain":0,"player_choice":"Trade","damage_taken":0,"relics_obtained":["CultistMask"],"max_hp_gain":0,"max_hp_loss":0,"event_name":"FaceTrader","floor":19,"gold_loss":0},{"damage_healed":0,"gold_gain":0,"player_choice":"Upgrade","damage_taken":0,"max_hp_gain":0,"max_hp_loss":0,"event_name":"Designer","floor":22,"gold_loss":50,"cards_upgraded":["Demon Form"]}],"is_beta":false,"boss_relics":[{"not_picked":["Runic Cube","Pandora\u0027s Box"],"picked":"Velvet Choker"}],"items_purged_floors":[5],"is_endless":false,"potions_floor_spawned":[1,3],"killed_by":"Book of Stabbing","ascension_level":20}