{"gold_per_floor":[111,211,230,230,230,258,258,258,336,353,353,371,389,414,414,414],"floor_reached":16,"playtime":710,"items_purged":[],"score":188,"play_id":"8e484622-7c92-40dc-880b-df082850967d","local_time":"20190502204622","is_ascension_mode":true,"campfire_choices":[{"data":"Whirlwind","floor":7,"key":"SMITH"},{"data":"Warcry","floor":11,"key":"SMITH"},{"data":"Uppercut","floor":15,"key":"SMITH"}],"neow_cost":"NONE","seed_source_timestamp":1665020663639652,"circlet_count":0,"master_deck":["AscendersBane","Strike_R","Strike_R","Strike_R","Strike_R","Defend_R","Defend_R","Defend_R","Defend_R","Bash","Whirlwind+1","Warcry+1","Iron Wave","Clothesline","Uppercut+1","Havoc"],"relics":["Burning Blood","NeowsBlessing","Peace Pipe","Shuriken","The Courier","Odd Mushroom"],"potions_floor_usage":[16],"damage_taken":[{"damage":0,"enemies":"Cultist","floor":1,"turns":1},{"damage":0,"enemies":"Jaw Worm","floor":3,"turns":1},{"damage":0,"enemies":"Gremlin Nob","floor":6,"turns":1},{"damage":0,"enemies":"Small Slimes","floor":10,"turns":2},{"damage":8,"enemies":"Blue Slaver","floor":12,"turns":2},{"damage":6,"enemies":"Lots of Slimes","floor":13,"turns":2},{"damage":30,"enemies":"The Mushroom Lair","floor":14,"turns":3},{"damage":54,"enemies":"The Guardian","floor":16,"turns":15}],"seed_played":"-3194423664639388419","potions_obtained":[{"floor":1,"key":"Weak Potion"},{"floor":12,"key":"Ancient Potion"}],"is_trial":false,"path_per_floor":["M","?","M","?","?","E","R","T","T","M","R","M","M","?","R","B"],"character_chosen":"IRONCLAD","items_purchased":[],"campfire_rested":0,"item_purchase_floors":[],"current_hp_per_floor":[78,78,80,80,73,79,79,79,79,80,80,78,78,54,54,0],"gold":414,"neow_bonus":"THREE_ENEMY_KILL","is_prod":false,"is_daily":false,"chose_seed":false,"campfire_upgraded":3,"win_rate":0,"timestamp":1556847982,"path_taken":["M","?","?","?","?","E","R","?","T","?","R","M","M","?","R","BOSS"],"build_version":"2019-01-23","purchased_purges":0,"victory":false,"max_hp_per_floor":[80,80,80,80,80,80,80,80,80,80,80,80,80,80,80,80],"card_choices":[{"not_picked":["Entrench","Evolve","Sword Boomerang"],"picked":"SKIP","floor":1},{"not_picked":["Corruption","Sword Boomerang"],"picked":"Whirlwind","floor":3},{"not_picked":["Sever Soul","Wild Strike"],"picked":"Warcry","floor":6},{"not_picked":["Sword Boomerang","Thunderclap"],"picked":"Iron Wave","floor":10},{"not_picked":["Searing Blow","Infernal Blade"],"picked":"Clothesline","floor":12},{"not_picked":["Feel No Pain","Seeing Red"],"picked":"Uppercut","floor":13},{"not_picked":["Brutality","Iron Wave"],"picked":"Havoc","floor":14}],"player_experience":374209,"relics_obtained":[{"floor":6,"key":"Peace Pipe"},{"floor":8,"key":"Shuriken"},{"floor":9,"key":"The Courier"},{"floor":14,"key":"Odd Mushroom"}],"event_choices":[{"damage_healed":0,"gold_gain":100,"player_choice":"Pray","damage_taken":0,"max_hp_gain":0,"max_hp_loss":0,"event_name":"Golden Shrine","floor":2,"gold_loss":0},{"damage_healed":0,"gold_gain":0,"player_choice":"Ignored","damage_taken":0,"max_hp_gain":0,"max_hp_loss":0,"event_name":"Liars Game","floor":4,"gold_loss":0},{"cards_removed":["Strike_R"],"damage_healed":0,"gold_gain":0,"player_choice":"Card Removal","damage_taken":7,"max_hp_gain":0,"max_hp_loss":0,"event_name":"Golden Wing","floor":5,"gold_loss":0},{"damage_healed":0,"gold_gain":0,"player_choice":"Fought Mushrooms","damage_taken":0,"max_hp_gain":0,"max_hp_loss":0,"event_name":"Mushrooms","floor":14,"gold_loss":0}],"is_beta":false,"boss_relics":[],"items_purged_floors":[],"is_endless":false,"potions_floor_spawned":[1,12],"killed_by":"The Guardian","ascension_level":10}