{"gold_per_floor":[116,11,86,99,113,113,133,133,133,103,128,128,144,158,158,236,236,247,261,102,136,136,136,163,163,163,163,178,188,188,207,207,284,284,299,309,320,335,112,112,132,157,157,157,174,193,193,212,212,212,212],"floor_reached":51,"playtime":2639,"items_purged":["Strike_R","Immolate"],"score":1356,"play_id":"4456933c-9731-428e-ad58-8c0ae06206bf","local_time":"20190317094921","is_ascension_mode":true,"campfire_choices":[{"data":"Flex","floor":6.0,"key":"SMITH"},{"data":"Heavy Blade","floor":8.0,"key":"SMITH"},{"data":"Bash","floor":12.0,"key":"SMITH"},{"data":"Uppercut","floor":15.0,"key":"SMITH"},{"data":"Double Tap","floor":23.0,"key":"SMITH"},{"floor":25.0,"key":"REST"},{"data":"Shrug It Off","floor":27.0,"key":"SMITH"},{"data":"Cleave","floor":32.0,"key":"SMITH"},{"data":"Heavy Blade","floor":40.0,"key":"SMITH"},{"data":"Spot Weakness","floor":47.0,"key":"SMITH"},{"floor":49.0,"key":"REST"}],"neow_cost":"NONE","seed_source_timestamp":879736420503842,"circlet_count":0,"master_deck":["AscendersBane","Defend_R","Defend_R","Defend_R","Defend_R","Bash+1","Sword Boomerang","Flex+1","Pommel Strike","Shrug It Off+1","Heavy Blade+1","Uppercut+1","Double Tap+1","Ghostly Armor+1","Flex+1","Anger+1","Warcry+1","True Grit+1","Battle Trance","Battle Trance","Cleave+1","Spot Weakness+1","Spot Weakness+1","Shrug It Off","Disarm+1","Heavy Blade+1","Flash of Steel","Offering"],"special_seed":0,"relics":["Burning Blood","Pen Nib","Bag of Preparation","Letter Opener","Astrolabe","Red Mask","Question Card","Mercury Hourglass","Cursed Key","Ice Cream"],"potions_floor_usage":[],"damage_taken":[{"damage":5.0,"enemies":"2 Louse","floor":1.0,"turns":3.0},{"damage":0.0,"enemies":"Cultist","floor":4.0,"turns":2.0},{"damage":0.0,"enemies":"Small Slimes","floor":5.0,"turns":2.0},{"damage":0.0,"enemies":"Gremlin Gang","floor":7.0,"turns":1.0},{"damage":15.0,"enemies":"3 Sentries","floor":11.0,"turns":4.0},{"damage":2.0,"enemies":"Large Slime","floor":13.0,"turns":5.0},{"damage":6.0,"enemies":"3 Louse","floor":14.0,"turns":3.0},{"damage":34.0,"enemies":"The Guardian","floor":16.0,"turns":9.0},{"damage":0.0,"enemies":"Shell Parasite","floor":18.0,"turns":1.0},{"damage":0.0,"enemies":"Chosen","floor":19.0,"turns":3.0},{"damage":0.0,"enemies":"Masked Bandits","floor":21.0,"turns":2.0},{"damage":59.0,"enemies":"Gremlin Leader","floor":24.0,"turns":8.0},{"damage":6.0,"enemies":"3 Cultists","floor":28.0,"turns":3.0},{"damage":0.0,"enemies":"Snake Plant","floor":29.0,"turns":1.0},{"damage":20.0,"enemies":"Snecko","floor":31.0,"turns":4.0},{"damage":77.0,"enemies":"Collector","floor":33.0,"turns":7.0},{"damage":14.0,"enemies":"3 Shapes","floor":35.0,"turns":1.0},{"damage":18.0,"enemies":"3 Darklings","floor":36.0,"turns":4.0},{"damage":1.0,"enemies":"Jaw Worm Horde","floor":37.0,"turns":2.0},{"damage":1.0,"enemies":"4 Shapes","floor":38.0,"turns":5.0},{"damage":0.0,"enemies":"3 Darklings","floor":41.0,"turns":4.0},{"damage":12.0,"enemies":"Giant Head","floor":42.0,"turns":5.0},{"damage":0.0,"enemies":"Transient","floor":45.0,"turns":6.0},{"damage":7.0,"enemies":"4 Shapes","floor":46.0,"turns":4.0},{"damage":7.0,"enemies":"3 Darklings","floor":48.0,"turns":3.0},{"damage":86.0,"enemies":"Donu and Deca","floor":50.0,"turns":7.0},{"damage":29,"enemies":"Awakened One","floor":51,"turns":6}],"seed_played":"-8531028976505274974","potions_obtained":[{"floor":5.0,"key":"SteroidPotion"},{"floor":10.0,"key":"SkillPotion"},{"floor":11.0,"key":"FairyPotion"},{"floor":13.0,"key":"Explosive Potion"},{"floor":18.0,"key":"Explosive Potion"},{"floor":29.0,"key":"Regen Potion"},{"floor":31.0,"key":"Regen Potion"},{"floor":35.0,"key":"Ancient Potion"},{"floor":36.0,"key":"SteroidPotion"},{"floor":46.0,"key":"Regen Potion"},{"floor":48.0,"key":"BloodPotion"}],"is_trial":false,"path_per_floor":["M","$","?","M","M","R","M","R","T","?","E","R","M","M","R","B",null,"M","M","$","?","?","R","E","R","T","R","M","M","?","M","R","B",null,"M","M","M","M","$","R","M","E","T","?","M","M","R","M","R","B","B"],"character_chosen":"IRONCLAD","items_purchased":["Flex","AttackPotion","Battle Trance","Heavy Blade","Flash of Steel"],"campfire_rested":2,"item_purchase_floors":[2,2,20,39,39],"current_hp_per_floor":[69,69,58,64,70,70,75,75,75,75,66,66,70,70,70,42,67,73,75,75,75,75,75,22,44,44,44,44,50,50,36,36,10,59,51,39,44,49,49,49,55,49,49,49,55,54,54,53,75,17,0],"gold":212,"neow_bonus":"RANDOM_COMMON_RELIC","is_prod":false,"is_daily":false,"chose_seed":false,"campfire_upgraded":9,"win_rate":0,"timestamp":1552783761,"path_taken":["M","$","?","M","M","R","M","R","T","?","E","R","M","M","R","BOSS","M","M","?","?","?","R","E","R","T","R","?","M","?","M","R","BOSS","M","M","M","M","$","R","M","E","T","?","M","?","R","M","R","BOSS","BOSS"],"build_version":"2019-01-23","purchased_purges":2,"victory":false,"max_hp_per_floor":[75,75,75,75,75,75,75,75,75,75,75,75,75,75,75,75,75,75,75,75,75,75,75,75,75,75,75,75,75,75,75,75,75,75,75,75,75,75,75,75,75,75,75,75,75,75,75,75,75,75,75],"card_choices":[{"not_picked":["Twin Strike","Blood for Blood"],"picked":"Sword Boomerang","floor":1.0},{"not_picked":["True Grit","Entrench"],"picked":"Pommel Strike","floor":4.0},{"not_picked":["Uppercut","Clothesline"],"picked":"Shrug It Off","floor":5.0},{"not_picked":["Fire Breathing","Clash"],"picked":"Heavy Blade","floor":7.0},{"not_picked":["Iron Wave","Burning Pact","Sword Boomerang"],"picked":"SKIP","floor":11.0},{"not_picked":["Sentinel","Perfected Strike"],"picked":"Uppercut","floor":13.0},{"not_picked":["True Grit","Corruption","Combust"],"picked":"SKIP","floor":14.0},{"not_picked":["Fiend Fire","Limit Break"],"picked":"Double Tap","floor":16.0},{"not_picked":["Evolve+1","Anger"],"picked":"Warcry+1","floor":18.0},{"not_picked":["Heavy Blade","Second Wind"],"picked":"True Grit+1","floor":19.0},{"not_picked":["Intimidate","Feel No Pain"],"picked":"Battle Trance","floor":21.0},{"not_picked":["Thunderclap","Wild Strike","Juggernaut"],"picked":"SKIP","floor":24.0},{"not_picked":["Iron Wave","Pommel Strike","Body Slam"],"picked":"Cleave","floor":28.0},{"not_picked":["Havoc","Dual Wield","Anger"],"picked":"Spot Weakness+1","floor":29.0},{"not_picked":["Pommel Strike","Sword Boomerang","Bludgeon"],"picked":"Spot Weakness","floor":31.0},{"not_picked":["Dark Embrace","Reaper","Impervious"],"picked":"Immolate","floor":33.0},{"not_picked":["Anger","Heavy Blade","Twin Strike"],"picked":"Shrug It Off","floor":35.0},{"not_picked":["Thunderclap+1","Sword Boomerang","Body Slam","True Grit+1"],"picked":"SKIP","floor":36.0},{"not_picked":["Dark Embrace","Pommel Strike","Wild Strike+1","Dual Wield"],"picked":"SKIP","floor":37.0},{"not_picked":["Metallicize","Cleave+1","Havoc"],"picked":"Disarm+1","floor":38.0},{"not_picked":["Heavy Blade","Pommel Strike+1","Rage","Warcry+1"],"picked":"SKIP","floor":41.0},{"not_picked":["Heavy Blade","Pommel Strike","Feel No Pain","Flex"],"picked":"SKIP","floor":42.0},{"not_picked":["Havoc+1","Feel No Pain+1","Dual Wield+1"],"picked":"Offering","floor":45.0},{"not_picked":["Flex","Cleave","Flame Barrier","Entrench"],"picked":"SKIP","floor":46.0},{"not_picked":["Headbutt","Sword Boomerang","Power Through","Pommel Strike"],"picked":"SKIP","floor":48.0}],"player_experience":721802,"relics_obtained":[{"floor":9.0,"key":"Bag of Preparation"},{"floor":11.0,"key":"Letter Opener"},{"floor":21.0,"key":"Red Mask"},{"floor":24.0,"key":"Question Card"},{"floor":26.0,"key":"Mercury Hourglass"},{"floor":42.0,"key":"Ice Cream"}],"event_choices":[{"damage_healed":0.0,"max_hp_gain":0.0,"max_hp_loss":0.0,"gold_gain":75.0,"event_name":"World of Goop","player_choice":"Gather Gold","floor":3.0,"gold_loss":0.0,"damage_taken":11.0},{"damage_healed":0.0,"max_hp_gain":0.0,"max_hp_loss":0.0,"gold_gain":0.0,"event_name":"The Woman in Blue","player_choice":"Bought 2 Potions","floor":10.0,"gold_loss":0.0,"damage_taken":0.0},{"damage_healed":0.0,"max_hp_gain":0.0,"max_hp_loss":0.0,"gold_gain":0.0,"event_name":"Masked Bandits","player_choice":"Fought Bandits","floor":21.0,"gold_loss":0.0,"damage_taken":0.0},{"cards_removed":["Strike_R"],"damage_healed":0.0,"max_hp_gain":0.0,"max_hp_loss":0.0,"gold_gain":0.0,"event_name":"Wheel of Change","player_choice":"Card Removal","floor":22.0,"gold_loss":0.0,"damage_taken":0.0},{"damage_healed":0.0,"max_hp_gain":0.0,"max_hp_loss":0.0,"gold_gain":0.0,"event_name":"Ghosts","player_choice":"Ignored","floor":30.0,"gold_loss":0.0,"damage_taken":0.0},{"damage_healed":0.0,"max_hp_gain":0.0,"max_hp_loss":0.0,"gold_gain":0.0,"event_name":"Match and Keep!","player_choice":"0 cards matched","floor":44.0,"gold_loss":0.0,"damage_taken":0.0,"cards_obtained":[]}],"is_beta":false,"boss_relics":[{"not_picked":["Black Star","Orrery"],"picked":"Astrolabe"},{"not_picked":["Mark of Pain","Tiny House"],"picked":"Cursed Key"}],"items_purged_floors":[20,39],"is_endless":false,"potions_floor_spawned":[5,11,13,18,29,31,35,36,38,41,46,48],"killed_by":"Awakened One","ascension_level":20}