{"gold_per_floor":[117,117,131,56,70,100,100,115,138,154,154,170,170,25,25,126,126,66,79,89,89,89,117,117,117,186,217,217,235,249,268,268,368,368,380,380,380,31,47,75,75],"floor_reached":41,"playtime":5202,"items_purged":["Strike_G","Strike_G","Strike_G"],"score":511,"play_id":"7d99d900-32d6-4a2e-91c6-b0341f3e774d","local_time":"20180925155332","is_ascension_mode":false,"campfire_choices":[{"data":"Neutralize","floor":7,"key":"SMITH"},{"data":"Noxious Fumes","floor":13,"key":"SMITH"},{"data":"Blur","floor":15,"key":"SMITH"},{"data":"Noxious Fumes","floor":24,"key":"SMITH"},{"floor":28,"key":"REST"},{"floor":32,"key":"REST"}],"neow_cost":"","seed_source_timestamp":346058154640462,"circlet_count":0,"master_deck":["Defend_G","Defend_G","Defend_G","Defend_G","Defend_G","Strike_G","Strike_G","Survivor","Neutralize+1","Noxious Fumes+1","Leg Sweep","Dagger Spray","Escape Plan","Footwork","Blur+1","Footwork","Flying Knee","Adrenaline","Backstab+1","Crippling Poison","Noxious Fumes+1","Crippling Poison+1","Infinite Blades+1","Backflip","Deflect","Deflect","Caltrops","Acrobatics","Escape Plan","Backstab","Backflip"],"relics":["Ring of the Snake","Bronze Scales","Bag of Marbles","PreservedInsect","Kunai","White Beast Statue","Regal Pillow","Shuriken","Sundial","Orrery","Blood Vial","Orichalcum"],"potions_floor_usage":[27,27,27,33,40],"damage_taken":[{"damage":2,"enemies":"Jaw Worm","floor":1,"turns":4},{"damage":0,"enemies":"Small Slimes","floor":3,"turns":3},{"damage":1,"enemies":"Cultist","floor":5,"turns":5},{"damage":3,"enemies":"3 Sentries","floor":6,"turns":6},{"damage":7,"enemies":"Exordium Thugs","floor":8,"turns":6},{"damage":0,"enemies":"Blue Slaver","floor":10,"turns":6},{"damage":1,"enemies":"Red Slaver","floor":12,"turns":4},{"damage":0,"enemies":"Hexaghost","floor":16,"turns":10},{"damage":6,"enemies":"2 Thieves","floor":18,"turns":4},{"damage":7,"enemies":"Spheric Guardian","floor":19,"turns":7},{"damage":1,"enemies":"Centurion and Healer","floor":20,"turns":9},{"damage":19,"enemies":"Book of Stabbing","floor":23,"turns":5},{"damage":12,"enemies":"Slavers","floor":27,"turns":4},{"damage":14,"enemies":"Chosen and Byrds","floor":29,"turns":5},{"damage":12,"enemies":"Cultist and Chosen","floor":30,"turns":7},{"damage":0,"enemies":"Centurion and Healer","floor":31,"turns":7},{"damage":15,"enemies":"Champ","floor":33,"turns":13},{"damage":10,"enemies":"3 Shapes","floor":35,"turns":3},{"damage":29,"enemies":"3 Darklings","floor":39,"turns":5},{"damage":21,"enemies":"Nemesis","floor":40,"turns":9},{"damage":20,"enemies":"Sphere and 2 Shapes","floor":41,"turns":3}],"seed_played":"-7599527546121562434","potions_obtained":[{"floor":3,"key":"Block Potion"},{"floor":6,"key":"Ancient Potion"},{"floor":10,"key":"PowerPotion"},{"floor":18,"key":"Dexterity Potion"},{"floor":27,"key":"SteroidPotion"},{"floor":29,"key":"GhostInAJar"},{"floor":30,"key":"Ancient Potion"},{"floor":31,"key":"Poison Potion"},{"floor":33,"key":"SteroidPotion"},{"floor":35,"key":"Block Potion"},{"floor":40,"key":"SkillPotion"}],"is_trial":false,"path_per_floor":["M","?","M","$","M","E","R","M","T","M","T","M","R","$","R","B",null,"M","M","M","$","?","E","R","?","T","E","R","M","M","M","R","B",null,"M","?","?","$","M","E"],"character_chosen":"THE_SILENT","items_purchased":["Flying Knee","Backstab","Blood Vial"],"campfire_rested":2,"item_purchase_floors":[14,38,38],"current_hp_per_floor":[68,56,56,56,55,52,52,45,45,45,45,44,44,44,44,44,70,64,57,56,56,56,37,37,37,37,25,61,47,35,35,70,55,70,60,60,60,60,33,14,0],"gold":75,"neow_bonus":"","is_prod":false,"is_daily":false,"chose_seed":false,"campfire_upgraded":4,"win_rate":0.0,"timestamp":1537883612,"path_taken":["M","?","M","$","M","E","R","M","T","?","?","M","R","$","R","BOSS","M","M","M","$","?","E","R","?","T","E","R","M","M","M","R","BOSS","M","?","?","$","?","E","M"],"build_version":"2018-09-20","purchased_purges":3,"victory":false,"max_hp_per_floor":[70,70,70,70,70,70,70,70,70,70,70,70,70,70,70,70,70,70,70,70,70,70,70,70,70,70,70,70,70,70,70,70,70,70,70,70,66,66,66,66,66],"card_choices":[{"not_picked":["Blade Dance","Terror"],"picked":"Noxious Fumes","floor":1},{"not_picked":["Heel Hook","Sucker Punch"],"picked":"Leg Sweep","floor":3},{"not_picked":["Underhanded Strike","Finisher"],"picked":"Dagger Spray","floor":5},{"not_picked":["Endless Agony","Dagger Spray"],"picked":"Escape Plan","floor":6},{"not_picked":["Deflect","Dagger Throw"],"picked":"Footwork","floor":8},{"not_picked":["Backflip","Backstab"],"picked":"Blur","floor":10},{"not_picked":["Sucker Punch","Dagger Spray"],"picked":"Footwork","floor":12},{"not_picked":["Unload","After Image"],"picked":"Adrenaline","floor":16},{"not_picked":["Footwork+1","Underhanded Strike"],"picked":"Backstab+1","floor":18},{"not_picked":["Blade Dance+1","Well Laid Plans"],"picked":"Crippling Poison","floor":19},{"not_picked":["Blade Dance","Riddle With Holes"],"picked":"Noxious Fumes","floor":20},{"not_picked":["Skewer","Backflip"],"picked":"Crippling Poison+1","floor":23},{"not_picked":["Bullet Time","Flechettes"],"picked":"Infinite Blades+1","floor":27},{"not_picked":["PiercingWail","Dagger Throw"],"picked":"Backflip","floor":29},{"not_picked":["Dagger Spray","Flying Knee"],"picked":"Deflect","floor":30},{"not_picked":["Flying Knee","Venomology"],"picked":"Deflect","floor":31},{"not_picked":["Outmaneuver","Backflip"],"picked":"Caltrops","floor":34},{"not_picked":["Quick Slash","Dash"],"picked":"Acrobatics","floor":34},{"not_picked":["Prepared","Dodge and Roll"],"picked":"Escape Plan","floor":34},{"not_picked":["Expertise+1","PiercingWail+1","Distraction"],"picked":"SKIP","floor":35},{"not_picked":["Venomology","Well Laid Plans+1","Footwork"],"picked":"SKIP","floor":39},{"not_picked":["Heel Hook","Venomology"],"picked":"Backflip","floor":40}],"player_experience":1943,"relics_obtained":[{"floor":6,"key":"Bag of Marbles"},{"floor":9,"key":"PreservedInsect"},{"floor":11,"key":"Kunai"},{"floor":23,"key":"Regal Pillow"},{"floor":26,"key":"Shuriken"},{"floor":27,"key":"Sundial"},{"floor":40,"key":"Orichalcum"}],"event_choices":[{"event_name":"Scrap Ooze","player_choice":"success","floor":2,"damage_taken":12},{"event_name":"The Woman in Blue","player_choice":"Bought 0 Potions","floor":22,"damage_taken":0},{"event_name":"Tomb of Lord Red Mask","player_choice":"Ignored","floor":36,"damage_taken":0},{"event_name":"Winding Halls","player_choice":"Max HP","floor":37,"damage_taken":0}],"is_beta":false,"boss_relics":[{"not_picked":["Snecko Eye","Fusion Hammer"],"picked":"White Beast Statue"},{"not_picked":["Sozu","HoveringKite"],"picked":"Orrery"}],"items_purged_floors":[4,14,38],"is_endless":false,"potions_floor_spawned":[3,6,10,16,18,19,20,23,27,29,30,31,33,35,39,40],"killed_by":"Sphere and 2 Shapes","ascension_level":0}