{"gold_per_floor":[112,37,112,126,145,145,177,227,253,272,272,286,315,331,331,410,410,420,433,433,433,451,451,501,501,501,517,528,528,559,559,559,636,636,654,708,808,826,489,489,489,141,195,221,235,235,269,64,64,64,64,64,64,11,46,46],"floor_reached":57,"playtime":1819,"items_purged":["Strike_G","Strike_G","Slice+1"],"score":2876,"play_id":"e5de0902-0c90-471a-b49c-08895a53dc72","local_time":"20190512210703","is_ascension_mode":true,"campfire_choices":[{"data":"Neutralize","floor":6.0,"key":"SMITH"},{"floor":11.0,"key":"REST"},{"data":"Catalyst","floor":15.0,"key":"SMITH"},{"floor":23.0,"key":"REST"},{"data":"Bouncing Flask","floor":29.0,"key":"SMITH"},{"floor":32.0,"key":"REST"},{"data":"Catalyst","floor":40.0,"key":"SMITH"},{"floor":49.0,"key":"RECALL"},{"data":"Well Laid Plans","floor":53.0,"key":"SMITH"}],"neow_cost":"NONE","seed_source_timestamp":191604168103883,"circlet_count":0,"master_deck":["AscendersBane","Defend_G","Defend_G","Defend_G","Defend_G","Defend_G","Survivor","Neutralize+1","Poisoned Stab","Underhanded Strike","Backflip","Corpse Explosion","Catalyst+1","Corpse Explosion","PiercingWail+1","Night Terror+1","Acrobatics","Bouncing Flask+1","Malaise","Catalyst+1","Calculated Gamble","Outmaneuver+1","Catalyst+1","Clumsy","Dash","Writhe","Well Laid Plans+1","Acrobatics+1"],"special_seed":0,"relics":["Snecko Eye","Bag of Marbles","Orichalcum","Dodecahedron","Astrolabe","Mummified Hand","Bottled Lightning","Gambling Chip","Cursed Key","Unceasing Top","Thread and Needle","Juzu Bracelet","DollysMirror","Bag of Preparation","Darkstone Periapt","MawBank","Medical Kit","Anchor"],"potions_floor_usage":[56,56],"damage_taken":[{"damage":2.0,"enemies":"2 Louse","floor":1.0,"turns":5.0},{"damage":3.0,"enemies":"Small Slimes","floor":4.0,"turns":4.0},{"damage":0.0,"enemies":"Cultist","floor":5.0,"turns":3.0},{"damage":29.0,"enemies":"Gremlin Nob","floor":7.0,"turns":5.0},{"damage":0.0,"enemies":"Blue Slaver","floor":10.0,"turns":3.0},{"damage":9.0,"enemies":"3 Louse","floor":12.0,"turns":2.0},{"damage":0.0,"enemies":"3 Sentries","floor":13.0,"turns":3.0},{"damage":6.0,"enemies":"Looter","floor":14.0,"turns":2.0},{"damage":11.0,"enemies":"The Guardian","floor":16.0,"turns":10.0},{"damage":18.0,"enemies":"Shell Parasite","floor":18.0,"turns":4.0},{"damage":5.0,"enemies":"Spheric Guardian","floor":19.0,"turns":3.0},{"damage":8.0,"enemies":"3 Cultists","floor":22.0,"turns":3.0},{"damage":7.0,"enemies":"Snake Plant","floor":27.0,"turns":4.0},{"damage":0.0,"enemies":"Cultist and Chosen","floor":28.0,"turns":3.0},{"damage":28.0,"enemies":"Slavers","floor":30.0,"turns":2.0},{"damage":4.0,"enemies":"Collector","floor":33.0,"turns":4.0},{"damage":16.0,"enemies":"Orb Walker","floor":35.0,"turns":4.0},{"damage":0.0,"enemies":"2 Orb Walkers","floor":36.0,"turns":2.0},{"damage":0.0,"enemies":"Mind Bloom Boss Battle","floor":37.0,"turns":3.0},{"damage":0.0,"enemies":"3 Shapes","floor":38.0,"turns":1.0},{"damage":22.0,"enemies":"Reptomancer","floor":44.0,"turns":4.0},{"damage":0.0,"enemies":"Writhing Mass","floor":45.0,"turns":2.0},{"damage":0.0,"enemies":"Giant Head","floor":47.0,"turns":2.0},{"damage":0.0,"enemies":"Time Eater","floor":50.0,"turns":2.0},{"damage":20.0,"enemies":"Donu and Deca","floor":51.0,"turns":3.0},{"damage":1.0,"enemies":"Shield and Spear","floor":55.0,"turns":2.0},{"damage":27,"enemies":"The Heart","floor":56,"turns":6}],"seed_played":"-8688416098122728073","potions_obtained":[{"floor":1.0,"key":"GhostInAJar"},{"floor":7.0,"key":"EssenceOfSteel"},{"floor":10.0,"key":"SkillPotion"},{"floor":18.0,"key":"SkillPotion"},{"floor":22.0,"key":"Block Potion"},{"floor":33.0,"key":"LiquidBronze"},{"floor":47.0,"key":"Block Potion"}],"is_trial":false,"path_per_floor":["M","$","?","M","M","R","E","?","T","M","R","M","E","M","R","B",null,"M","M","T","?","M","R","?","?","T","M","M","R","E","T","R","B",null,"M","?","?","M","$","R","?","$","T","E","M","?","E","$","R","B","B",null,"R","$","E","B",null],"character_chosen":"THE_SILENT","items_purchased":["Ancient Potion","Juzu Bracelet","DollysMirror","Medical Kit","Energy Potion"],"campfire_rested":3,"item_purchase_floors":[39,39,42,48,54],"current_hp_per_floor":[57,57,46,43,43,43,14,8,8,8,27,18,18,12,12,1,50,32,27,27,27,19,38,38,38,38,31,31,31,3,3,22,18,54,38,38,38,38,38,38,38,38,38,16,16,35,35,35,35,35,15,58,58,58,57,30],"gold":46,"neow_bonus":"BOSS_RELIC","is_prod":false,"is_daily":false,"chose_seed":false,"campfire_upgraded":5,"win_rate":0,"timestamp":1557666423,"path_taken":["M","$","?","M","M","R","E","?","T","M","R","M","E","M","R","BOSS","M","M","?","?","M","R","?","?","T","M","M","R","E","?","R","BOSS","M","?","?","M","$","R","?","$","T","E","M","?","E","?","R","BOSS","BOSS","R","$","E","BOSS"],"build_version":"2019-01-23","purchased_purges":3,"victory":true,"max_hp_per_floor":[66,66,66,66,66,66,66,66,66,66,66,66,66,66,66,66,66,66,66,66,66,66,66,66,66,66,66,66,66,66,66,66,66,66,66,66,66,66,66,66,66,66,66,66,66,72,72,72,72,72,72,72,72,72,72,72],"card_choices":[{"not_picked":["Expertise","PiercingWail"],"picked":"Poisoned Stab","floor":1.0},{"not_picked":["Backflip","Cloak And Dagger"],"picked":"Underhanded Strike","floor":4.0},{"not_picked":["Deflect","Masterful Stab"],"picked":"Backflip","floor":5.0},{"not_picked":["Backflip","Blade Dance","Dagger Throw"],"picked":"SKIP","floor":7.0},{"not_picked":["Underhanded Strike","Blade Dance"],"picked":"Corpse Explosion","floor":10.0},{"not_picked":["Slice","Bane","Backstab"],"picked":"SKIP","floor":12.0},{"not_picked":["Dodge and Roll","Blur"],"picked":"Catalyst","floor":13.0},{"not_picked":["Outmaneuver","Riddle With Holes","Masterful Stab"],"picked":"SKIP","floor":14.0},{"not_picked":["Unload","Venomology"],"picked":"Corpse Explosion","floor":16.0},{"not_picked":["Deflect","Flying Knee"],"picked":"Acrobatics","floor":18.0},{"not_picked":["Endless Agony","Dagger Throw+1","Prepared"],"picked":"SKIP","floor":19.0},{"not_picked":["Riddle With Holes","Bane","Dagger Spray"],"picked":"SKIP","floor":22.0},{"not_picked":["Dagger Spray","Dodge and Roll","Underhanded Strike"],"picked":"SKIP","floor":27.0},{"not_picked":["Doppelganger","Backflip","Blade Dance"],"picked":"SKIP","floor":28.0},{"not_picked":["Acrobatics","Flying Knee","Underhanded Strike+1"],"picked":"SKIP","floor":30.0},{"not_picked":["Envenom","Glass Knife"],"picked":"Malaise","floor":33.0},{"not_picked":["Sucker Punch","Dagger Spray","Heel Hook"],"picked":"SKIP","floor":35.0},{"not_picked":["Riddle With Holes","Sucker Punch"],"picked":"Catalyst","floor":36.0},{"not_picked":["Bane","Deflect"],"picked":"Calculated Gamble","floor":37.0},{"not_picked":["Deflect","Crippling Poison"],"picked":"Outmaneuver+1","floor":38.0},{"not_picked":["Poisoned Stab","Escape Plan","Grand Finale"],"picked":"SKIP","floor":44.0},{"not_picked":["Sucker Punch","Predator+1"],"picked":"Dash","floor":45.0},{"not_picked":["Unload","Envenom"],"picked":"Well Laid Plans","floor":47.0},{"not_picked":["Riddle With Holes","Masterful Stab"],"picked":"Acrobatics+1","floor":55.0}],"player_experience":1630837,"relics_obtained":[{"floor":7.0,"key":"Bag of Marbles"},{"floor":9.0,"key":"Orichalcum"},{"floor":13.0,"key":"Dodecahedron"},{"floor":26.0,"key":"Mummified Hand"},{"floor":30.0,"key":"Bottled Lightning"},{"floor":31.0,"key":"Gambling Chip"},{"floor":36.0,"key":"Unceasing Top"},{"floor":37.0,"key":"Thread and Needle"},{"floor":43.0,"key":"Bag of Preparation"},{"floor":44.0,"key":"Darkstone Periapt"},{"floor":47.0,"key":"MawBank"},{"floor":55.0,"key":"Anchor"}],"event_choices":[{"damage_healed":0.0,"max_hp_gain":0.0,"max_hp_loss":0.0,"gold_gain":75.0,"event_name":"World of Goop","player_choice":"Gather Gold","floor":3.0,"gold_loss":0.0,"damage_taken":11.0},{"damage_healed":0.0,"max_hp_gain":0.0,"max_hp_loss":0.0,"gold_gain":50.0,"event_name":"FaceTrader","player_choice":"Touch","floor":8.0,"gold_loss":0.0,"damage_taken":6.0},{"damage_healed":0.0,"max_hp_gain":0.0,"max_hp_loss":0.0,"gold_gain":0.0,"event_name":"Vampires","player_choice":"Ignored","floor":21.0,"gold_loss":0.0,"damage_taken":0.0},{"damage_healed":0.0,"max_hp_gain":0.0,"max_hp_loss":0.0,"gold_gain":50.0,"event_name":"Nest","player_choice":"Stole From Cult","floor":24.0,"gold_loss":0.0,"damage_taken":0.0},{"damage_healed":0.0,"max_hp_gain":0.0,"max_hp_loss":0.0,"gold_gain":0.0,"event_name":"The Library","player_choice":"Read","floor":25.0,"gold_loss":0.0,"damage_taken":0.0,"cards_obtained":["Bouncing Flask"]},{"damage_healed":0.0,"max_hp_gain":0.0,"max_hp_loss":0.0,"gold_gain":0.0,"event_name":"Mysterious Sphere","player_choice":"Fight","floor":36.0,"gold_loss":0.0,"damage_taken":0.0},{"damage_healed":0.0,"max_hp_gain":0.0,"max_hp_loss":0.0,"gold_gain":0.0,"event_name":"MindBloom","player_choice":"Fight","floor":37.0,"gold_loss":0.0,"damage_taken":0.0},{"damage_healed":0.0,"max_hp_gain":0.0,"max_hp_loss":0.0,"gold_gain":0.0,"event_name":"Tomb of Lord Red Mask","player_choice":"Ignored","floor":41.0,"gold_loss":0.0,"damage_taken":0.0},{"damage_healed":13.0,"max_hp_gain":0.0,"max_hp_loss":0.0,"gold_gain":0.0,"event_name":"Winding Halls","player_choice":"Writhe","floor":46.0,"gold_loss":0.0,"damage_taken":0.0,"cards_obtained":["Writhe"]}],"is_beta":false,"boss_relics":[{"not_picked":["Black Star","Lizard Tail"],"picked":"Astrolabe"},{"not_picked":["WristBlade","Calling Bell"],"picked":"Cursed Key"}],"items_purged_floors":[2,39,42],"is_endless":false,"potions_floor_spawned":[1,7,10,18,22,33,44,45,47],"ascension_level":20}