{"gold_per_floor":[117,267,267,285,298,330,330,330,354,354,354,365,5,23,23,23],"floor_reached":16,"playtime":388,"items_purged":["Doubt"],"score":200,"play_id":"804e7067-3ae6-4387-82e6-bc1bf0ae4822","local_time":"20190425020941","is_ascension_mode":true,"campfire_choices":[{"floor":7,"key":"REST"},{"floor":11,"key":"REST"},{"floor":15,"key":"REST"}],"neow_cost":"NONE","seed_source_timestamp":24243125132200,"circlet_count":0,"master_deck":["AscendersBane","Strike_B","Strike_B+1","Strike_B","Strike_B+1","Defend_B+1","Defend_B","Defend_B","Defend_B","Zap+1","Dualcast","Rebound","Leap","Redo","Reprogram","Leap","Darkness","Hologram","Leap"],"relics":["Cracked Core","Boot","CultistMask","Pen Nib","Art of War","Whetstone"],"potions_floor_usage":[6,16,16],"damage_taken":[{"damage":4,"enemies":"Jaw Worm","floor":1,"turns":4},{"damage":2,"enemies":"Cultist","floor":4,"turns":4},{"damage":15,"enemies":"Small Slimes","floor":5,"turns":3},{"damage":31,"enemies":"Lagavulin","floor":6,"turns":7},{"damage":9,"enemies":"3 Louse","floor":12,"turns":3},{"damage":8,"enemies":"Exordium Thugs","floor":14,"turns":4},{"damage":41,"enemies":"Slime Boss","floor":16,"turns":8}],"seed_played":"7222299906201919379","potions_obtained":[{"floor":4,"key":"FearPotion"},{"floor":6,"key":"Block Potion"},{"floor":10,"key":"Swift Potion"}],"is_trial":false,"path_per_floor":["M","?","?","M","M","E","R","?","T","?","R","M","$","M","R","B"],"character_chosen":"DEFECT","items_purchased":["Whetstone","Darkness","Hologram"],"campfire_rested":3,"item_purchase_floors":[13,13,13],"current_hp_per_floor":[60,60,60,58,43,12,33,12,12,12,33,24,24,16,37,0],"gold":23,"neow_bonus":"RANDOM_COMMON_RELIC","is_prod":false,"is_daily":false,"chose_seed":false,"campfire_upgraded":0,"win_rate":0,"timestamp":1556150981,"path_taken":["M","?","?","?","M","E","R","?","T","?","R","M","$","?","R","BOSS"],"build_version":"2019-01-23","purchased_purges":1,"victory":false,"max_hp_per_floor":[71,71,71,71,71,71,71,71,71,71,71,71,71,71,71,71],"card_choices":[{"not_picked":["Leap","Steam"],"picked":"Rebound","floor":1},{"not_picked":["Heatsinks","Hello World"],"picked":"Leap","floor":4},{"not_picked":["Go for the Eyes","Ball Lightning"],"picked":"Redo","floor":5},{"not_picked":["Steam","Stack"],"picked":"Reprogram","floor":6},{"not_picked":["Barrage","Amplify"],"picked":"Leap","floor":12},{"not_picked":["Stack","Auto Shields"],"picked":"Leap","floor":14}],"player_experience":601123,"relics_obtained":[{"floor":6,"key":"Pen Nib"},{"floor":9,"key":"Art of War"}],"event_choices":[{"damage_healed":0,"gold_gain":150,"player_choice":"AGREE","damage_taken":0,"max_hp_gain":0,"max_hp_loss":0,"event_name":"Liars Game","floor":2,"gold_loss":0,"cards_obtained":["Doubt"]},{"damage_healed":0,"gold_gain":0,"player_choice":"Trade","damage_taken":0,"relics_obtained":["CultistMask"],"max_hp_gain":0,"max_hp_loss":0,"event_name":"FaceTrader","floor":3,"gold_loss":0},{"damage_healed":0,"gold_gain":0,"player_choice":"Entered Light","damage_taken":21,"max_hp_gain":0,"max_hp_loss":0,"event_name":"Shining Light","floor":8,"gold_loss":0,"cards_upgraded":["Defend_B","Zap"]},{"damage_healed":0,"gold_gain":0,"player_choice":"Got Potions","damage_taken":0,"max_hp_gain":0,"max_hp_loss":0,"event_name":"Lab","floor":10,"gold_loss":0}],"is_beta":false,"boss_relics":[],"items_purged_floors":[13],"is_endless":false,"potions_floor_spawned":[4,6,12],"killed_by":"Slime Boss","ascension_level":20}