{"gold_per_floor":[115,19,29,29,29,64,80,98,98,122,122,145,145,180,180,180],"floor_reached":16,"playtime":690,"items_purged":[],"score":185,"play_id":"beb6b81c-798b-4aa7-a627-026d506d8987","local_time":"20190318201847","is_ascension_mode":true,"campfire_choices":[{"data":"Zap","floor":11,"key":"SMITH"},{"data":"Dualcast","floor":13,"key":"SMITH"},{"data":"Streamline","floor":15,"key":"SMITH"}],"neow_cost":"NONE","seed_source_timestamp":434027720089408,"circlet_count":0,"master_deck":["Strike_B","Strike_B","Strike_B","Strike_B","Defend_B","Defend_B","Defend_B","Defend_B","Zap+1","Dualcast+1","Steam","Streamline+1","Leap","Electrodynamics","Injury","BootSequence","Compile Driver","Doom and Gloom","Cold Snap","Sunder"],"relics":["Cracked Core","NeowsBlessing","Golden Idol","Boot","Shuriken","Gambling Chip"],"potions_floor_usage":[16],"damage_taken":[{"damage":0,"enemies":"Small Slimes","floor":1,"turns":1},{"damage":0,"enemies":"Jaw Worm","floor":3,"turns":1},{"damage":0,"enemies":"Gremlin Nob","floor":6,"turns":1},{"damage":1,"enemies":"Cultist","floor":7,"turns":3},{"damage":6,"enemies":"Looter","floor":8,"turns":3},{"damage":2,"enemies":"Blue Slaver","floor":10,"turns":4},{"damage":2,"enemies":"Large Slime","floor":12,"turns":4},{"damage":8,"enemies":"3 Sentries","floor":14,"turns":3},{"damage":49,"enemies":"Hexaghost","floor":16,"turns":9}],"seed_played":"-3887977052311285613","potions_obtained":[{"floor":1,"key":"Block Potion"},{"floor":6,"key":"Strength Potion"},{"floor":7,"key":"Energy Potion"}],"is_trial":false,"path_per_floor":["M","$","M","?","?","E","M","M","T","M","R","M","R","E","R","B"],"character_chosen":"DEFECT","items_purchased":["Streamline","Leap"],"campfire_rested":0,"item_purchase_floors":[2,2],"current_hp_per_floor":[68,68,68,68,68,68,67,61,61,59,59,57,57,49,49,0],"gold":180,"neow_bonus":"THREE_ENEMY_KILL","is_prod":false,"is_daily":false,"chose_seed":false,"campfire_upgraded":3,"win_rate":0,"timestamp":1552954727,"path_taken":["M","$","M","?","?","E","?","M","T","?","R","M","R","E","R","BOSS"],"build_version":"2019-01-23","purchased_purges":0,"victory":false,"max_hp_per_floor":[75,75,75,75,75,75,75,75,75,75,75,75,75,75,75,75],"card_choices":[{"not_picked":["Reprogram","Gash"],"picked":"Steam","floor":1},{"not_picked":["Go for the Eyes","Ball Lightning"],"picked":"Electrodynamics","floor":3},{"not_picked":["Stack","Ball Lightning"],"picked":"BootSequence","floor":6},{"not_picked":["Beam Cell","Turbo"],"picked":"Compile Driver","floor":7},{"not_picked":["Gash","Turbo"],"picked":"Doom and Gloom","floor":8},{"not_picked":["Streamline","Storm","Melter"],"picked":"SKIP","floor":10},{"not_picked":["Hologram","Self Repair"],"picked":"Cold Snap","floor":12},{"not_picked":["Leap","Fusion"],"picked":"Sunder","floor":14}],"player_experience":179930,"relics_obtained":[{"floor":6,"key":"Boot"},{"floor":9,"key":"Shuriken"},{"floor":14,"key":"Gambling Chip"}],"event_choices":[{"damage_healed":0,"gold_gain":0,"player_choice":"Leave","damage_taken":0,"max_hp_gain":0,"max_hp_loss":0,"event_name":"The Cleric","floor":4,"gold_loss":0},{"damage_healed":0,"gold_gain":0,"player_choice":"Take Wound","damage_taken":0,"relics_obtained":["Golden Idol"],"max_hp_gain":0,"max_hp_loss":0,"event_name":"Golden Idol","floor":5,"gold_loss":0,"cards_obtained":["Injury"]}],"is_beta":false,"boss_relics":[],"items_purged_floors":[],"is_endless":false,"potions_floor_spawned":[1,6,7],"killed_by":"Hexaghost","ascension_level":7}