{"gold_per_floor":[115,40,40,40,52,52,64,81,381,381,393,464,475,24,24,119,119,138,154,170,170,170,170,202,202,225,239,250,279,194,194,194,299,299,312,312,330,349,152,152,164,164,190,220,232,256,268,294,306,318],"floor_reached":50,"playtime":3491,"items_purged":["Strike_G","Defend_G","Strike_G+1"],"score":655,"play_id":"160d826b-28f5-4728-b9f6-cda554160129","local_time":"20181118001000","is_ascension_mode":true,"campfire_choices":[{"data":"Infinite Blades","floor":6.0,"key":"SMITH"},{"data":"Blade Dance","floor":10.0,"key":"SMITH"},{"data":"Phantasmal Killer","floor":15.0,"key":"SMITH"},{"data":"Crippling Poison","floor":23.0,"key":"SMITH"},{"data":"Die Die Die","floor":25,"key":"SMITH"},{"floor":32,"key":"REST"},{"floor":40,"key":"REST"},{"floor":42,"key":"REST"},{"floor":45,"key":"REST"},{"floor":49,"key":"REST"}],"neow_cost":"NONE","seed_source_timestamp":0,"circlet_count":0,"master_deck":["Defend_G+1","Defend_G+1","Defend_G+1","Defend_G+1","Survivor","Neutralize","Quick Slash","Infinite Blades+1","Blade Dance+1","Terror","Quick Slash","Phantasmal Killer+1","Die Die Die+1","Well Laid Plans","Prepared+1","Ghostly","Ghostly","Ghostly","Ghostly","Ghostly","Dagger Spray+1","Glass Knife","Dash+1","Dash+1","Dagger Throw+1","Accuracy","Dagger Spray+1","Cloak And Dagger+1","Deflect+1"],"special_seed":0,"relics":["Ring of the Snake","Old Coin","Mercury Hourglass","Ancient Tea Set","Happy Flower","Empty Cage","Enchiridion","Du-Vu Doll","Pen Nib","Boot","Peace Pipe","Fusion Hammer","Regal Pillow","MawBank"],"potions_floor_usage":[27,29,33,41,41,46,50,50],"damage_taken":[{"damage":3.0,"enemies":"Jaw Worm","floor":1.0,"turns":3.0},{"damage":2.0,"enemies":"Cultist","floor":5.0,"turns":4.0},{"damage":0.0,"enemies":"Small Slimes","floor":7.0,"turns":3.0},{"damage":1.0,"enemies":"Looter","floor":8.0,"turns":4.0},{"damage":9.0,"enemies":"2 Fungi Beasts","floor":11.0,"turns":3.0},{"damage":9.0,"enemies":"Blue Slaver","floor":13.0,"turns":2.0},{"damage":0.0,"enemies":"Slime Boss","floor":16.0,"turns":3.0},{"damage":21.0,"enemies":"3 Byrds","floor":18.0,"turns":3.0},{"damage":0.0,"enemies":"Spheric Guardian","floor":19.0,"turns":3.0},{"damage":7.0,"enemies":"Centurion and Healer","floor":20.0,"turns":5.0},{"damage":5.0,"enemies":"Gremlin Leader","floor":24.0,"turns":5.0},{"damage":0,"enemies":"Cultist and Chosen","floor":27,"turns":4},{"damage":2,"enemies":"3 Cultists","floor":28,"turns":3},{"damage":10,"enemies":"Slavers","floor":29,"turns":5},{"damage":22,"enemies":"Champ","floor":33,"turns":9},{"damage":0,"enemies":"Orb Walker","floor":35,"turns":3},{"damage":3,"enemies":"3 Shapes","floor":37,"turns":3},{"damage":1,"enemies":"Maw","floor":38,"turns":6},{"damage":21,"enemies":"Writhing Mass","floor":41,"turns":5},{"damage":0,"enemies":"Jaw Worm Horde","floor":44,"turns":1},{"damage":28,"enemies":"Spire Growth","floor":46,"turns":4},{"damage":0,"enemies":"Maw","floor":48,"turns":6},{"damage":40,"enemies":"Awakened One","floor":50,"turns":8}],"seed_played":"-2642761578458571817","potions_obtained":[{"floor":7.0,"key":"Ancient Potion"},{"floor":13.0,"key":"Explosive Potion"},{"floor":18.0,"key":"AttackPotion"},{"floor":20.0,"key":"Ancient Potion"},{"floor":24.0,"key":"Ancient Potion"},{"floor":29,"key":"AttackPotion"},{"floor":35,"key":"AttackPotion"},{"floor":38,"key":"Ancient Potion"},{"floor":41,"key":"PowerPotion"},{"floor":46,"key":"Swift Potion"}],"is_trial":false,"path_per_floor":["M","$","?","?","M","R","M","M","T","R","M","T","M","$","R","B",null,"M","M","M","?","?","R","E","R","T","M","M","E","?","?","R","B",null,"M","?","M","M","$","R","M","R","T","M","R","M","?","M","R","B"],"character_chosen":"THE_SILENT","items_purchased":["Energy Potion","Ancient Tea Set","Happy Flower","Accuracy"],"campfire_rested":5,"item_purchase_floors":[14,14,14,39],"current_hp_per_floor":[74,74,74,79,77,77,77,76,76,76,67,67,58,58,58,58,82,61,61,54,38,38,38,33,33,33,33,31,21,21,21,33,11,41,41,41,38,37,37,41,20,41,41,41,41,13,13,13,40,0],"gold":318,"neow_bonus":"TEN_PERCENT_HP_BONUS","is_prod":false,"is_daily":false,"chose_seed":false,"campfire_upgraded":5,"win_rate":0,"timestamp":1542521400,"path_taken":["M","$","?","?","M","R","M","M","T","R","M","?","?","$","R","BOSS","M","M","M","?","?","R","E","R","T","M","M","E","?","?","R","BOSS","M","?","M","M","?","R","M","R","T","M","R","?","?","M","R","BOSS"],"build_version":"2018-11-15","purchased_purges":3,"victory":false,"max_hp_per_floor":[77,77,77,82,82,82,82,82,82,82,82,82,82,82,82,82,82,82,82,82,82,41,41,41,41,41,41,41,41,41,41,41,41,41,41,41,41,41,41,41,41,41,41,41,41,41,41,41,41,41],"card_choices":[{"not_picked":["Dodge and Roll","Sucker Punch"],"picked":"Quick Slash","floor":1.0},{"not_picked":["Outmaneuver","Escape Plan"],"picked":"Infinite Blades","floor":5.0},{"not_picked":["Dodge and Roll","Sucker Punch"],"picked":"Blade Dance","floor":7.0},{"not_picked":["Escape Plan","Blade Dance"],"picked":"Terror","floor":8.0},{"not_picked":["Flying Knee","Bouncing Flask"],"picked":"Quick Slash","floor":11.0},{"not_picked":["Deadly Poison","Flying Knee"],"picked":"Phantasmal Killer","floor":13.0},{"not_picked":["Storm of Steel","Glass Knife"],"picked":"Die Die Die","floor":16.0},{"not_picked":["Skewer","Finisher"],"picked":"Crippling Poison","floor":18.0},{"not_picked":["Underhanded Strike+1","Slice"],"picked":"Well Laid Plans","floor":19.0},{"not_picked":["Dagger Spray","Acrobatics"],"picked":"Prepared+1","floor":20.0},{"not_picked":["Deflect","Setup","Riddle With Holes+1"],"picked":"SKIP","floor":24.0},{"not_picked":["Footwork","Deflect"],"picked":"Dagger Spray+1","floor":27},{"not_picked":["Flechettes","Backflip","Outmaneuver"],"picked":"SKIP","floor":28},{"not_picked":["Reflex","PiercingWail+1","Choke+1"],"picked":"SKIP","floor":29},{"not_picked":["Storm of Steel","Unload"],"picked":"Glass Knife","floor":33},{"not_picked":["Poisoned Stab+1","Outmaneuver"],"picked":"Dash+1","floor":35},{"not_picked":["Deflect","Prepared"],"picked":"Dash+1","floor":37},{"not_picked":["Sucker Punch+1","Poisoned Stab"],"picked":"Dagger Throw+1","floor":38},{"not_picked":["Calculated Gamble","Dodge and Roll"],"picked":"Dagger Spray+1","floor":41},{"not_picked":["Poisoned Stab","Blade Dance"],"picked":"Cloak And Dagger+1","floor":44},{"not_picked":["Backflip","Concentrate+1","Tools of the Trade"],"picked":"SKIP","floor":46},{"not_picked":["Flying Knee+1","Terror"],"picked":"Deflect+1","floor":48}],"player_experience":219397,"relics_obtained":[{"floor":9.0,"key":"Old Coin"},{"floor":12.0,"key":"Mercury Hourglass"},{"floor":21.0,"key":"Enchiridion"},{"floor":24.0,"key":"Du-Vu Doll"},{"floor":26,"key":"Pen Nib"},{"floor":29,"key":"Boot"},{"floor":36,"key":"Regal Pillow"},{"floor":43,"key":"MawBank"}],"event_choices":[{"cards_removed":["Strike_G"],"damage_healed":0.0,"max_hp_gain":0.0,"max_hp_loss":0.0,"gold_gain":0.0,"event_name":"Living Wall","player_choice":"Forget","floor":3.0,"gold_loss":0.0,"damage_taken":0.0},{"damage_healed":0.0,"max_hp_gain":5.0,"max_hp_loss":0.0,"gold_gain":0.0,"event_name":"Big Fish","player_choice":"Donut","floor":4.0,"gold_loss":0.0,"damage_taken":0.0},{"damage_healed":0.0,"max_hp_gain":0.0,"max_hp_loss":0.0,"gold_gain":0.0,"event_name":"Cursed Tome","player_choice":"Obtained Book","floor":21.0,"gold_loss":0.0,"damage_taken":16.0},{"damage_healed":0.0,"max_hp_gain":0.0,"max_hp_loss":41.0,"gold_gain":0.0,"event_name":"Ghosts","player_choice":"Became a Ghost","floor":22.0,"gold_loss":0.0,"damage_taken":0.0,"cards_obtained":["Ghostly","Ghostly","Ghostly","Ghostly","Ghostly"]},{"damage_healed":0,"gold_gain":0,"player_choice":"Obtained Relic","damage_taken":0,"relics_obtained":["Peace Pipe"],"max_hp_gain":0,"max_hp_loss":0,"event_name":"Addict","floor":30,"gold_loss":85},{"damage_healed":0,"gold_gain":0,"player_choice":"Simplicity","damage_taken":0,"max_hp_gain":0,"max_hp_loss":0,"event_name":"Back to Basics","floor":31,"gold_loss":0,"cards_upgraded":["Defend_G","Defend_G","Defend_G","Defend_G","Strike_G"]},{"damage_healed":0,"gold_gain":0,"player_choice":"Relic","damage_taken":0,"max_hp_gain":0,"max_hp_loss":0,"event_name":"Wheel of Change","floor":36,"gold_loss":0},{"cards_removed":["Crippling Poison"],"damage_healed":0,"gold_gain":0,"player_choice":"Removed Skill","damage_taken":0,"max_hp_gain":0,"max_hp_loss":0,"event_name":"Falling","floor":47,"gold_loss":0}],"is_beta":false,"boss_relics":[{"not_picked":["Lizard Tail","Pandora\u0027s Box"],"picked":"Empty Cage"},{"not_picked":["Coffee Dripper","HoveringKite"],"picked":"Fusion Hammer"}],"items_purged_floors":[2,14,39],"is_endless":false,"potions_floor_spawned":[7,13,18,20,24,29,35,38,41,46],"killed_by":"Awakened One","ascension_level":3}