{"gold_per_floor":[117,133,146,163,173,202,202,202,202,202,228,7,7,26,26,103,103,43,43,17,17,17,17,17,17,17,17,17],"floor_reached":28,"playtime":970,"items_purged":[],"score":481,"play_id":"bb1e70f9-8a96-45d1-b9fb-b5e9a9af24b2","local_time":"20190328193842","is_ascension_mode":true,"campfire_choices":[{"floor":7,"key":"REST"},{"data":"Go for the Eyes","floor":10,"key":"SMITH"},{"floor":15,"key":"REST"},{"floor":23,"key":"REST"},{"data":"Seek","floor":25,"key":"SMITH"}],"neow_cost":"NONE","seed_source_timestamp":92023033039444,"circlet_count":0,"master_deck":["AscendersBane","Strike_B","Strike_B","Strike_B","Strike_B","Defend_B","Defend_B","Defend_B","Defend_B","Zap+1","Dualcast","Sweeping Beam","Lockon","Go for the Eyes+1","Turbo","Beam Cell","All For One","White Noise+1","Ball Lightning","Creative AI","Coolheaded","Seek+1","Sweeping Beam","Cold Snap"],"relics":["Cracked Core","Potion Belt","Mercury Hourglass","Ornamental Fan","Anchor","Ectoplasm","Cables"],"potions_floor_usage":[4,6,6,11,16,28],"damage_taken":[{"damage":0,"enemies":"Cultist","floor":1,"turns":3},{"damage":7,"enemies":"Jaw Worm","floor":2,"turns":3},{"damage":3,"enemies":"2 Louse","floor":3,"turns":3},{"damage":25,"enemies":"Exordium Thugs","floor":4,"turns":4},{"damage":16,"enemies":"Blue Slaver","floor":5,"turns":3},{"damage":0,"enemies":"Gremlin Nob","floor":6,"turns":3},{"damage":10,"enemies":"Lagavulin","floor":11,"turns":4},{"damage":7,"enemies":"Looter","floor":14,"turns":3},{"damage":20,"enemies":"The Guardian","floor":16,"turns":9},{"damage":18,"enemies":"2 Thieves","floor":18,"turns":3},{"damage":0,"enemies":"Colosseum Slavers","floor":19,"turns":4},{"damage":22,"enemies":"3 Byrds","floor":21,"turns":4},{"damage":26,"enemies":"Shelled Parasite and Fungi","floor":27,"turns":5},{"damage":23,"enemies":"Book of Stabbing","floor":28,"turns":4}],"seed_played":"-4445742081997687800","potions_obtained":[{"floor":1,"key":"FearPotion"},{"floor":4,"key":"Block Potion"},{"floor":5,"key":"SteroidPotion"},{"floor":6,"key":"Weak Potion"},{"floor":14,"key":"AttackPotion"},{"floor":27,"key":"Energy Potion"}],"is_trial":false,"path_per_floor":["M","M","M","M","M","E","R","?","T","R","E","$","?","M","R","B",null,"M","?","$","M","?","R","?","R","T","M","E"],"character_chosen":"DEFECT","items_purchased":["Anchor","Ball Lightning","Sweeping Beam"],"campfire_rested":3,"item_purchase_floors":[12,12,20],"current_hp_per_floor":[71,64,61,36,20,20,43,43,43,43,33,33,33,26,49,29,66,48,48,48,26,26,49,49,49,49,23,0],"gold":17,"neow_bonus":"TEN_PERCENT_HP_BONUS","is_prod":false,"is_daily":false,"chose_seed":false,"campfire_upgraded":2,"win_rate":0,"timestamp":1553819922,"path_taken":["M","M","M","?","M","E","R","?","T","R","E","$","?","M","R","BOSS","M","?","$","M","?","R","?","R","T","?","E"],"build_version":"2019-01-23","purchased_purges":0,"victory":false,"max_hp_per_floor":[78,78,78,78,78,78,78,78,78,78,78,78,78,78,78,78,78,78,78,78,78,78,78,78,78,78,78,78],"card_choices":[{"not_picked":["Heatsinks","Turbo"],"picked":"Sweeping Beam","floor":1},{"not_picked":["Rebound","Stack"],"picked":"Lockon","floor":2},{"not_picked":["Scrape","Turbo"],"picked":"Go for the Eyes","floor":3},{"not_picked":["Conserve Battery","Static Discharge"],"picked":"Turbo","floor":4},{"not_picked":["Leap","Storm"],"picked":"Beam Cell","floor":5},{"not_picked":["Stack","Hologram"],"picked":"All For One","floor":6},{"not_picked":["Conserve Battery","Hello World"],"picked":"White Noise","floor":11},{"not_picked":["Force Field","Hello World"],"picked":"Coolheaded","floor":14},{"not_picked":["Fission","Rainbow"],"picked":"Seek","floor":16},{"not_picked":["Redo","Go for the Eyes","Rebound"],"picked":"SKIP","floor":18},{"not_picked":["Hologram","Rip and Tear","Streamline"],"picked":"SKIP","floor":21},{"not_picked":["Force Field","Beam Cell"],"picked":"Cold Snap","floor":27}],"player_experience":1176650,"relics_obtained":[{"floor":6,"key":"Potion Belt"},{"floor":9,"key":"Mercury Hourglass"},{"floor":11,"key":"Ornamental Fan"},{"floor":26,"key":"Cables"}],"event_choices":[{"damage_healed":0,"gold_gain":0,"player_choice":"Grow","damage_taken":0,"max_hp_gain":0,"max_hp_loss":0,"event_name":"Living Wall","floor":8,"gold_loss":0,"cards_upgraded":["Zap"]},{"damage_healed":0,"gold_gain":0,"player_choice":"1 cards matched","damage_taken":0,"max_hp_gain":0,"max_hp_loss":0,"event_name":"Match and Keep!","floor":13,"gold_loss":0,"cards_obtained":["Creative AI"]},{"damage_healed":0,"gold_gain":0,"player_choice":"Fight","damage_taken":0,"max_hp_gain":0,"max_hp_loss":0,"event_name":"Colosseum","floor":19,"gold_loss":0},{"damage_healed":0,"gold_gain":0,"player_choice":"Fled From Nobs","damage_taken":0,"max_hp_gain":0,"max_hp_loss":0,"event_name":"Colosseum","floor":19,"gold_loss":0},{"damage_healed":0,"gold_gain":50,"player_choice":"Stole From Cult","damage_taken":0,"max_hp_gain":0,"max_hp_loss":0,"event_name":"Nest","floor":22,"gold_loss":0},{"damage_healed":0,"gold_gain":0,"player_choice":"Upgraded","damage_taken":0,"max_hp_gain":0,"max_hp_loss":0,"event_name":"Upgrade Shrine","floor":24,"gold_loss":0,"cards_upgraded":["White Noise"]}],"is_beta":false,"boss_relics":[{"not_picked":["Tiny House","Runic Pyramid"],"picked":"Ectoplasm"}],"items_purged_floors":[],"is_endless":false,"potions_floor_spawned":[1,4,5,6,14,27],"killed_by":"Book of Stabbing","ascension_level":18}