{"gold_per_floor":[114,114,189,339,339,339,370,370,370,16,35,35,55,69,69,140,140,156,156,166,166,166,166,166,166,166,186,186],"floor_reached":28,"playtime":663,"items_purged":["Regret"],"score":442,"play_id":"5d03bf6d-edbe-4f74-9da6-5f6716f2286f","local_time":"20190318235808","is_ascension_mode":true,"campfire_choices":[{"data":"Bash","floor":6,"key":"SMITH"},{"floor":8,"key":"REST"},{"floor":15,"key":"DIG"},{"floor":23,"key":"DIG"},{"data":"Ghostly","floor":25,"key":"SMITH"}],"neow_cost":"NONE","seed_source_timestamp":441330833807900,"circlet_count":0,"master_deck":["AscendersBane","Defend_R","Defend_R","Defend_R","Defend_R","Bash+1","Sever Soul+1","Shrug It Off","Doubt","Anger","Dropkick","Barricade","Shrug It Off","Ghostly Armor","Decay","Ghostly","Ghostly","Ghostly+1","Bite+1","Bite+1","Bite+1","Bite+1","Bite+1"],"relics":["Burning Blood","Thread and Needle","Boot","Juzu Bracelet","Shovel","Question Card","Bag of Marbles","Sozu","Molten Egg 2","Mercury Hourglass"],"potions_floor_usage":[16,18],"damage_taken":[{"damage":8,"enemies":"Small Slimes","floor":1,"turns":3},{"damage":50,"enemies":"Gremlin Nob","floor":7,"turns":5},{"damage":0,"enemies":"2 Louse","floor":11,"turns":4},{"damage":0,"enemies":"Cultist","floor":13,"turns":3},{"damage":0,"enemies":"2 Fungi Beasts","floor":14,"turns":4},{"damage":20,"enemies":"Hexaghost","floor":16,"turns":13},{"damage":41,"enemies":"Spheric Guardian","floor":18,"turns":6},{"damage":31,"enemies":"Chosen","floor":20,"turns":6},{"damage":0,"enemies":"Sentry and Sphere","floor":27,"turns":10},{"damage":31,"enemies":"Gremlin Leader","floor":28,"turns":4}],"seed_played":"-979483445178649457","potions_obtained":[{"floor":7,"key":"Swift Potion"},{"floor":13,"key":"PowerPotion"},{"floor":14,"key":"Fire Potion"}],"is_trial":false,"path_per_floor":["M","?","?","?","T","R","E","R","T","$","M","?","M","M","R","B",null,"M","?","M","?","?","R","?","R","T","M","E"],"character_chosen":"IRONCLAD","items_purchased":["Question Card"],"campfire_rested":1,"item_purchase_floors":[10],"current_hp_per_floor":[66,66,55,55,55,55,11,33,33,33,39,16,22,28,28,14,60,25,40,15,15,15,15,15,15,15,25,0],"gold":186,"neow_bonus":"TRANSFORM_CARD","is_prod":false,"is_daily":false,"chose_seed":false,"campfire_upgraded":2,"win_rate":0,"timestamp":1552949888,"path_taken":["M","?","?","?","?","R","E","R","T","$","M","?","M","M","R","BOSS","M","?","M","?","?","R","?","R","T","M","E"],"build_version":"2019-01-23","purchased_purges":1,"victory":false,"max_hp_per_floor":[75,75,75,75,75,75,75,75,75,75,75,75,75,75,75,75,75,75,75,75,75,37,37,25,25,25,25,25],"card_choices":[{"not_picked":["Pommel Strike","Wild Strike"],"picked":"Shrug It Off","floor":1},{"not_picked":["Reckless Charge","Thunderclap","Second Wind"],"picked":"SKIP","floor":7},{"not_picked":["Iron Wave","Disarm","Rupture"],"picked":"Anger","floor":11},{"not_picked":["Thunderclap","Fire Breathing","Headbutt"],"picked":"Dropkick","floor":13},{"not_picked":["Intimidate","Dark Embrace","Shockwave","Clash"],"picked":"SKIP","floor":14},{"not_picked":["Impervious","Berserk","Limit Break"],"picked":"Barricade","floor":16},{"not_picked":["Ghostly Armor","Wild Strike","Cleave"],"picked":"Shrug It Off","floor":18},{"not_picked":["Havoc","Carnage","Sever Soul"],"picked":"Ghostly Armor","floor":20},{"not_picked":["Pummel+1","Combust","Dual Wield","Sword Boomerang+1"],"picked":"SKIP","floor":27}],"player_experience":487920,"relics_obtained":[{"floor":5,"key":"Boot"},{"floor":7,"key":"Juzu Bracelet"},{"floor":9,"key":"Shovel"},{"floor":15,"key":"Bag of Marbles"},{"floor":23,"key":"Molten Egg 2"},{"floor":26,"key":"Mercury Hourglass"}],"event_choices":[{"damage_healed":0,"gold_gain":0,"player_choice":"Box","damage_taken":0,"relics_obtained":["Thread and Needle"],"max_hp_gain":0,"max_hp_loss":0,"event_name":"Big Fish","floor":2,"gold_loss":0,"cards_obtained":["Regret"]},{"damage_healed":0,"gold_gain":75,"player_choice":"Gather Gold","damage_taken":11,"max_hp_gain":0,"max_hp_loss":0,"event_name":"World of Goop","floor":3,"gold_loss":0},{"damage_healed":0,"gold_gain":150,"player_choice":"AGREE","damage_taken":0,"max_hp_gain":0,"max_hp_loss":0,"event_name":"Liars Game","floor":4,"gold_loss":0,"cards_obtained":["Doubt"]},{"damage_healed":0,"gold_gain":0,"player_choice":"Entered Light","damage_taken":23,"max_hp_gain":0,"max_hp_loss":0,"event_name":"Shining Light","floor":12,"gold_loss":0,"cards_upgraded":["Strike_R","Sever Soul"]},{"damage_healed":15,"gold_gain":0,"player_choice":"Heal","damage_taken":0,"max_hp_gain":0,"max_hp_loss":0,"event_name":"The Library","floor":19,"gold_loss":0},{"damage_healed":0,"gold_gain":0,"player_choice":"Smashed Altar","damage_taken":0,"max_hp_gain":0,"max_hp_loss":0,"event_name":"Forgotten Altar","floor":21,"gold_loss":0,"cards_obtained":["Decay"]},{"damage_healed":0,"gold_gain":0,"player_choice":"Became a Ghost","damage_taken":0,"max_hp_gain":0,"max_hp_loss":38,"event_name":"Ghosts","floor":22,"gold_loss":0,"cards_obtained":["Ghostly","Ghostly","Ghostly"]},{"damage_healed":0,"gold_gain":0,"player_choice":"Became a vampire","damage_taken":0,"max_hp_gain":0,"max_hp_loss":12,"event_name":"Vampires","floor":24,"gold_loss":0,"cards_obtained":["Bite","Bite","Bite","Bite","Bite"]}],"is_beta":false,"boss_relics":[{"not_picked":["Runic Pyramid","Calling Bell"],"picked":"Sozu"}],"items_purged_floors":[10],"is_endless":false,"potions_floor_spawned":[7,13,14,20,27],"killed_by":"Gremlin Leader","ascension_level":19}