{"gold_per_floor":[116,18,32,32,8,42,53,53,80,80,80,96,96,96,96,197,197,215,215],"floor_reached":19,"playtime":604,"items_purged":["Normality"],"score":198,"play_id":"3a08e695-c237-4e0f-a1c5-aa36bcd0e6a6","local_time":"20180808002313","is_ascension_mode":true,"campfire_choices":[{"data":"Bludgeon","floor":8,"key":"SMITH"},{"floor":13,"key":"REST"},{"data":"Flex","floor":15,"key":"SMITH"}],"neow_cost":"CURSE","seed_source_timestamp":3573278969119,"circlet_count":0,"master_deck":["Strike_R","Strike_R","Strike_R","Strike_R","Strike_R","Defend_R","Defend_R","Defend_R","Defend_R","Bash","Bludgeon+1","Flex","Pommel Strike","Shrug It Off","Flex+1","Rage","Feed","Infernal Blade+1"],"relics":["Black Blood","Pen Nib","Juzu Bracelet","Dream Catcher"],"potions_floor_usage":[],"damage_taken":[{"damage":1,"enemies":"Cultist","floor":1,"turns":3},{"damage":8,"enemies":"Small Slimes","floor":3,"turns":3},{"damage":45,"enemies":"Lagavulin","floor":6,"turns":6},{"damage":2,"enemies":"Jaw Worm","floor":7,"turns":2},{"damage":18,"enemies":"Exordium Wildlife","floor":12,"turns":3},{"damage":40,"enemies":"The Guardian","floor":16,"turns":8},{"damage":40,"enemies":"2 Thieves","floor":18,"turns":4},{"damage":53,"floor":19,"turns":3}],"seed_played":"167230590534800895","potions_obtained":[{"floor":16,"key":"Strength Potion"}],"is_trial":false,"path_per_floor":["M","$","M","?","$","E","M","R","T","$","?","M","R","$","R","B",null,"M"],"character_chosen":"IRONCLAD","items_purchased":["Pommel Strike","Flex"],"campfire_rested":1,"item_purchase_floors":[2,5],"current_hp_per_floor":[80,80,78,78,78,39,43,43,43,43,36,24,48,48,48,14,80,50,0],"gold":215,"neow_bonus":"THREE_RARE_CARDS","is_prod":false,"is_daily":false,"chose_seed":false,"campfire_upgraded":2,"win_rate":0,"timestamp":1533658993,"path_taken":["M","$","M","?","$","E","M","R","T","$","?","M","R","?","R","BOSS","M","?"],"build_version":"2018-08-02","purchased_purges":1,"victory":false,"max_hp_per_floor":[80,80,80,80,80,80,80,80,80,80,80,80,80,80,80,80,80,80,80],"card_choices":[{"not_picked":["Juggernaut","Berserk"],"picked":"Bludgeon","floor":0},{"not_picked":["Fire Breathing","Blood for Blood"],"picked":"Flex","floor":1},{"not_picked":["Armaments","Sword Boomerang"],"picked":"Shrug It Off","floor":3},{"not_picked":["Heavy Blade","Blood for Blood","Searing Blow"],"picked":"SKIP","floor":6},{"not_picked":["Headbutt","Twin Strike"],"picked":"Rage","floor":7},{"not_picked":["Feel No Pain","Power Through","Evolve"],"picked":"SKIP","floor":12},{"not_picked":["Immolate","Exhume"],"picked":"Feed","floor":16},{"not_picked":["Flex","Inflame+1"],"picked":"Infernal Blade+1","floor":18}],"player_experience":292749,"relics_obtained":[{"floor":6,"key":"Juzu Bracelet"},{"floor":9,"key":"Dream Catcher"}],"event_choices":[{"event_name":"Big Fish","player_choice":"Box","floor":4,"damage_taken":0},{"event_name":"Golden Wing","player_choice":"Card Removal","floor":11,"damage_taken":0},{"event_name":"Masked Bandits","player_choice":"Fought over 215 gold","floor":19,"damage_taken":0}],"is_beta":false,"boss_relics":[{"not_picked":["Coffee Dripper","Snecko Eye"],"picked":"Black Blood"}],"items_purged_floors":[2],"is_endless":false,"potions_floor_spawned":[16],"ascension_level":4}