{"gold_per_floor":[114,129,147,147,70,70,88,108,108,108,108,129,28,48,48,169,169,193,218,218,218,68,68,94,94,149,149],"floor_reached":27,"playtime":889,"items_purged":["Strike_B","Defend_B"],"score":315,"play_id":"42481880-52d8-4d77-9121-1ad35f05a157","local_time":"20190219150531","is_ascension_mode":true,"campfire_choices":[{"data":"Defragment","floor":6,"key":"SMITH"},{"data":"Storm","floor":11,"key":"SMITH"},{"floor":15,"key":"REST"},{"data":"Capacitor","floor":23,"key":"SMITH"},{"data":"Steam","floor":25,"key":"SMITH"}],"neow_cost":"TEN_PERCENT_HP_LOSS","seed_source_timestamp":517458639712878,"circlet_count":0,"master_deck":["Strike_B","Defend_B","Defend_B","Defend_B","Zap","Dualcast+1","Electrodynamics","White Noise+1","Leap","Defragment+1","Capacitor+1","Conserve Battery","Storm+1","Gash+1","Barrage+1","Steam+1","Storm+1","Redo+1","Ghostly","Ghostly","Ghostly","Ghostly","Ghostly","Gash+1","Steam+1"],"relics":["Cracked Core","Molten Egg 2","Meat on the Bone","Empty Cage","Nloth\u0027s Gift","War Paint","Smiling Mask"],"potions_floor_usage":[7,16,16,16,16,24,27],"damage_taken":[{"damage":6,"enemies":"Jaw Worm","floor":1,"turns":4},{"damage":14,"enemies":"2 Louse","floor":2,"turns":2},{"damage":0,"enemies":"Cultist","floor":3,"turns":3},{"damage":0,"enemies":"Large Slime","floor":7,"turns":6},{"damage":2,"enemies":"Red Slaver","floor":8,"turns":4},{"damage":6,"enemies":"Looter","floor":12,"turns":3},{"damage":8,"enemies":"2 Fungi Beasts","floor":14,"turns":3},{"damage":26,"enemies":"Hexaghost","floor":16,"turns":5},{"damage":17,"enemies":"3 Byrds","floor":18,"turns":3},{"damage":0,"enemies":"Spheric Guardian","floor":19,"turns":3},{"damage":25,"enemies":"Gremlin Leader","floor":24,"turns":4},{"damage":29,"enemies":"Slavers","floor":27,"turns":1}],"seed_played":"33616959956005893","potions_obtained":[{"floor":1,"key":"EssenceOfSteel"},{"floor":2,"key":"GamblersBrew"},{"floor":7,"key":"FocusPotion"},{"floor":8,"key":"EntropicBrew"},{"floor":24,"key":"Swift Potion"}],"is_trial":false,"path_per_floor":["M","M","M","?","$","R","M","M","T","T","R","M","$","M","R","B",null,"M","M","?","?","$","R","E","R","T","E"],"character_chosen":"DEFECT","items_purchased":["Capacitor","Barrage+1","Gash+1"],"campfire_rested":1,"item_purchase_floors":[5,13,22],"current_hp_per_floor":[62,48,48,48,48,48,48,46,46,46,46,40,40,32,50,36,56,39,39,31,31,31,31,18,18,18,0],"gold":149,"neow_bonus":"THREE_RARE_CARDS","is_prod":false,"is_daily":false,"chose_seed":false,"campfire_upgraded":4,"win_rate":0,"timestamp":1550585131,"path_taken":["M","M","M","?","$","R","M","M","T","?","R","M","?","M","R","BOSS","M","M","?","?","$","R","E","R","T","E"],"build_version":"2019-01-23","purchased_purges":2,"victory":false,"max_hp_per_floor":[68,68,68,63,63,63,63,63,63,63,63,63,63,63,63,63,63,63,63,31,31,31,31,31,31,31,31],"card_choices":[{"not_picked":["Biased Cognition","Core Surge"],"picked":"Electrodynamics","floor":0},{"not_picked":["Capacitor","Leap"],"picked":"White Noise","floor":1},{"not_picked":["Beam Cell","Compile Driver"],"picked":"Leap","floor":2},{"not_picked":["Static Discharge","Redo"],"picked":"Defragment","floor":3},{"not_picked":["Heatsinks","Redo"],"picked":"Conserve Battery","floor":7},{"not_picked":["Sweeping Beam","Chaos"],"picked":"Storm","floor":8},{"not_picked":["Stack","Blizzard+1"],"picked":"Gash+1","floor":12},{"not_picked":["Coolheaded","Rip and Tear+1"],"picked":"Steam","floor":14},{"not_picked":["Sweeping Beam+1","Barrage+1"],"picked":"Storm+1","floor":18},{"not_picked":["Compile Driver+1","Sunder+1"],"picked":"Redo+1","floor":19},{"not_picked":["Machine Learning","Echo Form"],"picked":"Steam+1","floor":24}],"player_experience":331478,"relics_obtained":[{"floor":9,"key":"Molten Egg 2"},{"floor":10,"key":"Meat on the Bone"},{"floor":24,"key":"War Paint"},{"floor":26,"key":"Smiling Mask"}],"event_choices":[{"damage_healed":0,"gold_gain":0,"player_choice":"Lose Max HP","damage_taken":0,"relics_obtained":["Golden Idol"],"max_hp_gain":0,"max_hp_loss":5,"event_name":"Golden Idol","floor":4,"gold_loss":0},{"damage_healed":0,"gold_gain":0,"player_choice":"Became a Ghost","damage_taken":0,"max_hp_gain":0,"max_hp_loss":32,"event_name":"Ghosts","floor":20,"gold_loss":0,"cards_obtained":["Ghostly","Ghostly","Ghostly","Ghostly","Ghostly"]},{"damage_healed":0,"gold_gain":0,"player_choice":"Traded Relic","damage_taken":0,"relics_obtained":["Nloth\u0027s Gift"],"max_hp_gain":0,"max_hp_loss":0,"event_name":"N\u0027loth","floor":21,"relics_lost":["Golden Idol"],"gold_loss":0}],"is_beta":false,"boss_relics":[{"not_picked":["Coffee Dripper","Nuclear Battery"],"picked":"Empty Cage"}],"items_purged_floors":[13,22],"is_endless":false,"potions_floor_spawned":[1,2,7,8,14,24],"killed_by":"Slavers","ascension_level":6}