{"gold_per_floor":[117,130,148,167,178,178,178,206,206,206,206,216,246,246,246,346,346,356,366,87,2,14,26,65,96,108,120],"floor_reached":27,"playtime":1339,"items_purged":["Strike_B"],"score":389,"play_id":"1ad9ed28-581b-4ed0-86b3-27afd2b11efe","local_time":"20190410171043","is_ascension_mode":true,"campfire_choices":[{"floor":7,"key":"REST"},{"floor":10,"key":"DIG"},{"floor":15,"key":"REST"},{"floor":23,"key":"DIG"}],"neow_cost":"TEN_PERCENT_HP_LOSS","seed_source_timestamp":8598656854400,"circlet_count":0,"master_deck":["AscendersBane","Strike_B","Strike_B","Strike_B","Defend_B","Defend_B","Defend_B","Defend_B","Zap","Dualcast","Defragment","Ball Lightning","Conserve Battery","FTL","Glacier","Reinforced Body","Cold Snap"],"relics":["Cracked Core","Incense Burner","Shovel","Bag of Marbles","Bronze Scales","Darkstone Periapt","Bottled Flame","Cursed Key","OrangePellets","MawBank","Omamori","Pantograph","Question Card"],"potions_floor_usage":[4,13,24],"damage_taken":[{"damage":4,"enemies":"Small Slimes","floor":1,"turns":4},{"damage":2,"enemies":"2 Louse","floor":2,"turns":2},{"damage":1,"enemies":"Cultist","floor":3,"turns":3},{"damage":1,"enemies":"Exordium Thugs","floor":4,"turns":5},{"damage":28,"enemies":"Exordium Wildlife","floor":5,"turns":4},{"damage":20,"enemies":"Lagavulin","floor":8,"turns":6},{"damage":4,"enemies":"Blue Slaver","floor":12,"turns":4},{"damage":17,"enemies":"Gremlin Nob","floor":13,"turns":3},{"damage":10,"enemies":"Hexaghost","floor":16,"turns":13},{"damage":9,"enemies":"Shell Parasite","floor":18,"turns":6},{"damage":0,"enemies":"Chosen","floor":19,"turns":4},{"damage":11,"enemies":"Book of Stabbing","floor":24,"turns":6},{"damage":36,"enemies":"Centurion and Healer","floor":25,"turns":15},{"damage":9,"enemies":"Snake Plant","floor":27,"turns":1}],"seed_played":"-6818064539015866523","potions_obtained":[{"floor":1,"key":"FearPotion"},{"floor":3,"key":"Weak Potion"},{"floor":16,"key":"Weak Potion"},{"floor":19,"key":"Ancient Potion"},{"floor":25,"key":"LiquidBronze"}],"is_trial":false,"path_per_floor":["M","M","M","M","M","?","R","E","T","R","?","M","E","T","R","B",null,"M","M","$","?","?","R","E","M","T","M"],"character_chosen":"DEFECT","items_purchased":["OrangePellets"],"campfire_rested":2,"item_purchase_floors":[20],"current_hp_per_floor":[64,62,61,60,32,32,52,32,32,32,37,33,16,16,36,26,58,49,49,49,49,49,49,38,2,2,0],"gold":120,"neow_bonus":"ONE_RARE_RELIC","is_prod":false,"is_daily":false,"chose_seed":false,"campfire_upgraded":0,"win_rate":0,"timestamp":1554909043,"path_taken":["M","M","M","M","M","?","R","E","T","R","?","?","E","?","R","BOSS","M","M","$","?","?","R","E","M","T","M"],"build_version":"2019-01-23","purchased_purges":1,"victory":false,"max_hp_per_floor":[68,68,68,68,68,68,68,68,68,68,68,68,68,68,68,68,68,68,68,68,68,68,68,68,68,68,68],"card_choices":[{"not_picked":["Rebound","Hologram"],"picked":"Defragment","floor":1},{"not_picked":["Stack","Hologram"],"picked":"Barrage","floor":2},{"not_picked":["Double Energy","Rebound","Hello World"],"picked":"SKIP","floor":3},{"not_picked":["Fusion","Conserve Battery"],"picked":"Ball Lightning","floor":4},{"not_picked":["Doom and Gloom","Beam Cell","Steam Power"],"picked":"SKIP","floor":5},{"not_picked":["Rip and Tear","Barrage"],"picked":"Conserve Battery","floor":8},{"not_picked":["Doom and Gloom","Recycle"],"picked":"FTL","floor":12},{"not_picked":["Darkness","Barrage"],"picked":"Glacier","floor":13},{"not_picked":["Barrage","Redo","Rip and Tear+1"],"picked":"SKIP","floor":18},{"not_picked":["Rebound","Sweeping Beam"],"picked":"Reinforced Body","floor":19},{"not_picked":["Stack","Scrape"],"picked":"Cold Snap","floor":24},{"not_picked":["Meteor Strike","Hello World+1","Compile Driver"],"picked":"SKIP","floor":25}],"player_experience":521184,"relics_obtained":[{"floor":8,"key":"Shovel"},{"floor":9,"key":"Bag of Marbles"},{"floor":10,"key":"Bronze Scales"},{"floor":13,"key":"Darkstone Periapt"},{"floor":14,"key":"Bottled Flame"},{"floor":23,"key":"Omamori"},{"floor":24,"key":"Pantograph"},{"floor":26,"key":"Question Card"}],"event_choices":[{"damage_healed":0,"gold_gain":0,"player_choice":"Ignored","damage_taken":0,"max_hp_gain":0,"max_hp_loss":0,"event_name":"Golden Idol","floor":6,"gold_loss":0},{"cards_removed":["Barrage"],"damage_healed":5,"gold_gain":0,"player_choice":"Offered Common","damage_taken":0,"max_hp_gain":0,"max_hp_loss":0,"event_name":"Bonfire Elementals","floor":11,"gold_loss":0},{"cards_removed":["Barrage"],"damage_healed":5,"gold_gain":0,"player_choice":"Offered Special","damage_taken":0,"max_hp_gain":0,"max_hp_loss":0,"event_name":"Bonfire Elementals","floor":11,"gold_loss":0},{"damage_healed":0,"gold_gain":0,"player_choice":"Obtained Relic","damage_taken":0,"relics_obtained":["MawBank"],"max_hp_gain":0,"max_hp_loss":0,"event_name":"Addict","floor":21,"gold_loss":85},{"damage_healed":0,"gold_gain":0,"player_choice":"Ignored","damage_taken":0,"max_hp_gain":0,"max_hp_loss":0,"event_name":"Beggar","floor":22,"gold_loss":0}],"is_beta":false,"boss_relics":[{"not_picked":["Philosopher\u0027s Stone","Runic Dome"],"picked":"Cursed Key"}],"items_purged_floors":[20],"is_endless":false,"potions_floor_spawned":[1,3,16,19,25],"killed_by":"Snake Plant","ascension_level":12}