{"gold_per_floor":[212,137,137,137,137,137,157,198,198,222,222,238,261,261,261,261],"floor_reached":16,"playtime":694,"items_purged":["Strike_R"],"score":120,"play_id":"ae738968-e024-4e3a-b3ba-bac89f195ed8","local_time":"20190219220803","is_ascension_mode":true,"campfire_choices":[{"data":"Bash","floor":6,"key":"SMITH"},{"floor":11,"key":"REST"},{"data":"Flex","floor":15,"key":"SMITH"}],"neow_cost":"NONE","seed_source_timestamp":543006281007586,"circlet_count":0,"master_deck":["Strike_R","Strike_R","Strike_R","Defend_R","Defend_R","Defend_R","Defend_R","Bash+1","Pommel Strike","Seeing Red","Shrug It Off","Flex+1","Flame Barrier"],"relics":["Burning Blood","Kunai","Golden Idol","Ginger","Ancient Tea Set"],"potions_floor_usage":[8,10,16],"damage_taken":[{"damage":14,"enemies":"Jaw Worm","floor":1,"turns":5},{"damage":0,"enemies":"2 Louse","floor":7,"turns":2},{"damage":55,"enemies":"3 Sentries","floor":8,"turns":15},{"damage":7,"enemies":"Small Slimes","floor":10,"turns":2},{"damage":9,"enemies":"Red Slaver","floor":12,"turns":2},{"damage":0,"enemies":"Large Slime","floor":13,"turns":6},{"damage":43,"enemies":"Hexaghost","floor":16,"turns":10}],"seed_played":"-5993589407192033877","potions_obtained":[{"floor":1,"key":"SkillPotion"},{"floor":8,"key":"Explosive Potion"},{"floor":10,"key":"SteroidPotion"}],"is_trial":false,"path_per_floor":["M","$","?","?","?","R","M","E","T","M","R","M","M","?","R","B"],"character_chosen":"IRONCLAD","items_purchased":[],"campfire_rested":1,"item_purchase_floors":[],"current_hp_per_floor":[72,72,54,54,59,59,65,16,16,15,38,35,41,41,41,0],"gold":261,"neow_bonus":"HUNDRED_GOLD","is_prod":false,"is_daily":false,"chose_seed":false,"campfire_upgraded":2,"win_rate":0,"timestamp":1550610483,"path_taken":["M","$","?","?","?","R","M","E","T","M","R","?","M","?","R","BOSS"],"build_version":"2019-01-23","purchased_purges":1,"victory":false,"max_hp_per_floor":[80,80,80,74,79,79,79,79,79,79,79,79,79,79,79,79],"card_choices":[{"not_picked":["Disarm","True Grit"],"picked":"Pommel Strike","floor":1},{"not_picked":["Bloodletting","Ghostly Armor"],"picked":"Seeing Red","floor":7},{"not_picked":["Shockwave","Seeing Red"],"picked":"Shrug It Off","floor":8},{"not_picked":["Perfected Strike","Blood for Blood"],"picked":"Flex","floor":10},{"not_picked":["Disarm","Whirlwind","Havoc"],"picked":"SKIP","floor":12},{"not_picked":["True Grit","Carnage"],"picked":"Flame Barrier","floor":13}],"player_experience":335740,"relics_obtained":[{"floor":8,"key":"Ginger"},{"floor":9,"key":"Ancient Tea Set"}],"event_choices":[{"damage_healed":0,"gold_gain":0,"player_choice":"Success","damage_taken":18,"relics_obtained":["Kunai"],"max_hp_gain":0,"max_hp_loss":0,"event_name":"Scrap Ooze","floor":3,"gold_loss":0},{"damage_healed":0,"gold_gain":0,"player_choice":"Lose Max HP","damage_taken":0,"relics_obtained":["Golden Idol"],"max_hp_gain":0,"max_hp_loss":6,"event_name":"Golden Idol","floor":4,"gold_loss":0},{"damage_healed":0,"gold_gain":0,"player_choice":"Donut","damage_taken":0,"max_hp_gain":5,"max_hp_loss":0,"event_name":"Big Fish","floor":5,"gold_loss":0},{"cards_removed":["Strike_R"],"damage_healed":0,"gold_gain":0,"player_choice":"Offered Basic","damage_taken":0,"max_hp_gain":0,"max_hp_loss":0,"event_name":"Bonfire Elementals","floor":14,"gold_loss":0}],"is_beta":false,"boss_relics":[],"items_purged_floors":[2],"is_endless":false,"potions_floor_spawned":[1,8,10],"killed_by":"Hexaghost","ascension_level":4}