{"gold_per_floor":[116,116,135,135,135,135,171,171,171,210,210,250,54,72,72,191,191,210,229,30,129,148,148,189,204,204,204,4,48,67,98,98,221,221,246,72,197,197,121,121,157,157,181,181,56,56,56,81,81,81,81,81,8,47,47],"floor_reached":55,"playtime":2572,"items_purged":["Strike_R","Writhe","Shame"],"score":905,"play_id":"8d1f0e60-baef-4c96-9904-076e4f534b62","local_time":"20190506233201","is_ascension_mode":true,"campfire_choices":[{"data":"Bash","floor":6,"key":"SMITH"},{"data":"Demon Form","floor":8,"key":"SMITH"},{"data":"Combust","floor":11,"key":"SMITH"},{"data":"Shockwave","floor":15,"key":"SMITH"},{"data":"Inflame","floor":23,"key":"SMITH"},{"floor":27,"key":"REST"},{"floor":32,"key":"REST"},{"data":"Feel No Pain","floor":40,"key":"SMITH"},{"data":"True Grit","floor":42,"key":"SMITH"},{"floor":46,"key":"RECALL"},{"floor":49,"key":"REST"},{"data":"Disarm","floor":52,"key":"SMITH"}],"neow_cost":"NONE","seed_source_timestamp":13440016101954,"circlet_count":0,"master_deck":["Strike_R","Strike_R","Strike_R","Defend_R","Defend_R","Defend_R","Defend_R","Bash+1","Anger","Anger","Demon Form+1","Combust+1","Shockwave+1","Inflame+1","True Grit","Offering","Warcry+1","Twin Strike+1","Corruption+1","Pummel","Flame Barrier+1","Juggernaut","Dark Embrace","Barricade","True Grit+1","Inflame","Armaments+1","Feel No Pain+1","Disarm+1","Good Instincts","Uppercut+1","Shrug It Off+1","Disarm","Rupture"],"relics":["Burning Blood","NeowsBlessing","Golden Idol","Bottled Lightning","Self Forming Clay","Incense Burner","Kunai","Cursed Key","Sling","PreservedInsect","Turnip","ClockworkSouvenir","Anchor","Gremlin Horn","Sozu","WingedGreaves","Dream Catcher","Orichalcum"],"potions_floor_usage":[12,19,24,29,30,37,54],"damage_taken":[{"damage":0,"enemies":"Jaw Worm","floor":1,"turns":1},{"damage":0,"enemies":"2 Louse","floor":3,"turns":1},{"damage":0,"enemies":"3 Sentries","floor":7,"turns":1},{"damage":21,"enemies":"Gremlin Nob","floor":10,"turns":4},{"damage":14,"enemies":"3 Sentries","floor":12,"turns":5},{"damage":4,"enemies":"Small Slimes","floor":14,"turns":3},{"damage":28,"enemies":"Slime Boss","floor":16,"turns":5},{"damage":11,"enemies":"Shell Parasite","floor":18,"turns":4},{"damage":8,"enemies":"2 Thieves","floor":19,"turns":4},{"damage":11,"enemies":"Shelled Parasite and Fungi","floor":22,"turns":4},{"damage":13,"enemies":"Book of Stabbing","floor":24,"turns":4},{"damage":20,"enemies":"Cultist and Chosen","floor":25,"turns":6},{"damage":31,"enemies":"Gremlin Leader","floor":29,"turns":4},{"damage":21,"enemies":"Centurion and Healer","floor":30,"turns":4},{"damage":21,"enemies":"Slavers","floor":31,"turns":7},{"damage":33,"enemies":"Champ","floor":33,"turns":8},{"damage":10,"enemies":"3 Darklings","floor":35,"turns":4},{"damage":25,"enemies":"Mind Bloom Boss Battle","floor":37,"turns":7},{"damage":4,"enemies":"Reptomancer","floor":41,"turns":5},{"damage":28,"enemies":"3 Shapes","floor":48,"turns":4},{"damage":38,"enemies":"Awakened One","floor":50,"turns":15},{"damage":22,"enemies":"Shield and Spear","floor":54,"turns":6},{"damage":61,"enemies":"The Heart","floor":55,"turns":6}],"seed_played":"-6851667448476681389","potions_obtained":[{"floor":3,"key":"Explosive Potion"},{"floor":14,"key":"Explosive Potion"},{"floor":16,"key":"Block Potion"},{"floor":22,"key":"Energy Potion"},{"floor":29,"key":"Energy Potion"},{"floor":33,"key":"BloodPotion"}],"is_trial":false,"path_per_floor":["M","?","M","?","?","R","E","R","T","E","R","E","$","M","R","B",null,"M","M","$","?","M","R","E","M","T","R","$","E","M","E","R","B",null,"M","$","?","?","$","R","E","R","T","?","$","R","?","M","R","B",null,"R","$","E","B"],"character_chosen":"IRONCLAD","items_purchased":["Inflame","SpeedPotion","Sling","ClockworkSouvenir","Inflame","Feel No Pain","Disarm"],"campfire_rested":3,"item_purchase_floors":[13,13,20,28,36,39,53],"current_hp_per_floor":[80,60,66,66,66,66,72,72,72,57,57,49,49,51,51,29,80,75,73,73,73,68,68,61,47,47,71,71,46,31,16,40,13,80,76,76,65,65,65,65,67,67,67,67,67,67,67,45,67,35,76,76,76,60,0],"gold":47,"neow_bonus":"THREE_ENEMY_KILL","is_prod":false,"is_daily":false,"chose_seed":false,"campfire_upgraded":8,"win_rate":0,"timestamp":1557199921,"path_taken":["M","?","M","?","?","R","E","R","T","E","R","E","$","?","R","BOSS","M","M","$","?","M","R","E","M","T","R","$","E","M","E","R","BOSS","M","$","?","?","$","R","E","R","T","?","?","R","?","M","R","BOSS","R","$","E","BOSS"],"build_version":"2019-01-23","purchased_purges":3,"victory":false,"max_hp_per_floor":[80,80,80,80,80,80,80,80,80,80,80,80,80,80,80,80,80,80,80,80,80,80,80,80,80,80,80,80,80,80,80,80,80,80,80,80,80,80,80,80,80,80,80,76,76,76,76,76,76,76,76,76,76,76,76],"card_choices":[{"not_picked":["Wild Strike","Havoc"],"picked":"Anger","floor":1},{"not_picked":["Entrench","Wild Strike"],"picked":"Anger","floor":3},{"not_picked":["Power Through","Infernal Blade"],"picked":"Demon Form","floor":7},{"not_picked":["Uppercut","Armaments"],"picked":"Combust","floor":10},{"not_picked":["Sword Boomerang","Clash"],"picked":"Shockwave","floor":12},{"not_picked":["Reckless Charge","Intimidate"],"picked":"True Grit","floor":14},{"not_picked":["Berserk","Exhume"],"picked":"Offering","floor":16},{"not_picked":["Body Slam","Infernal Blade"],"picked":"Warcry+1","floor":18},{"not_picked":["Warcry","Body Slam"],"picked":"Twin Strike+1","floor":19},{"not_picked":["Inflame","Body Slam"],"picked":"Corruption+1","floor":22},{"not_picked":["Offering","True Grit"],"picked":"Pummel","floor":24},{"not_picked":["Feel No Pain","Bloodletting+1"],"picked":"Flame Barrier+1","floor":25},{"not_picked":["Heavy Blade+1","Ghostly Armor"],"picked":"Juggernaut","floor":29},{"not_picked":["Body Slam+1","Flex","Pommel Strike"],"picked":"SKIP","floor":30},{"not_picked":["Bloodletting+1","Clash+1"],"picked":"Dark Embrace","floor":31},{"not_picked":["Exhume","Dark Embrace"],"picked":"Barricade","floor":33},{"not_picked":["Sword Boomerang+1","Clash+1"],"picked":"True Grit","floor":35},{"not_picked":["Rupture","Sword Boomerang+1"],"picked":"Armaments+1","floor":37},{"not_picked":["Thunderclap","Sentinel"],"picked":"Disarm","floor":41},{"not_picked":["Bloodletting+1","Cleave"],"picked":"Uppercut+1","floor":48},{"not_picked":["Iron Wave","Havoc+1"],"picked":"Shrug It Off+1","floor":49},{"not_picked":["Pummel","Offering"],"picked":"Rupture","floor":54}],"player_experience":105382,"relics_obtained":[{"floor":7,"key":"Bottled Lightning"},{"floor":9,"key":"Self Forming Clay"},{"floor":10,"key":"Incense Burner"},{"floor":12,"key":"Kunai"},{"floor":24,"key":"PreservedInsect"},{"floor":26,"key":"Turnip"},{"floor":29,"key":"Anchor"},{"floor":31,"key":"Gremlin Horn"},{"floor":37,"key":"WingedGreaves"},{"floor":41,"key":"Dream Catcher"},{"floor":54,"key":"Orichalcum"}],"event_choices":[{"damage_healed":0,"gold_gain":0,"player_choice":"Take Damage","damage_taken":20,"relics_obtained":["Golden Idol"],"max_hp_gain":0,"max_hp_loss":0,"event_name":"Golden Idol","floor":2,"gold_loss":0},{"damage_healed":0,"gold_gain":0,"player_choice":"Ignored","damage_taken":0,"max_hp_gain":0,"max_hp_loss":0,"event_name":"Liars Game","floor":4,"gold_loss":0},{"cards_removed":["Strike_R"],"damage_healed":0,"gold_gain":0,"player_choice":"Forget","damage_taken":0,"max_hp_gain":0,"max_hp_loss":0,"event_name":"Living Wall","floor":5,"gold_loss":0},{"damage_healed":0,"gold_gain":99,"player_choice":"Stole From Cult","damage_taken":0,"max_hp_gain":0,"max_hp_loss":0,"event_name":"Nest","floor":21,"gold_loss":0},{"damage_healed":0,"gold_gain":0,"player_choice":"Fight","damage_taken":0,"max_hp_gain":0,"max_hp_loss":0,"event_name":"MindBloom","floor":37,"gold_loss":0},{"damage_healed":0,"gold_gain":0,"player_choice":"Ignored","damage_taken":0,"max_hp_gain":0,"max_hp_loss":0,"event_name":"Tomb of Lord Red Mask","floor":38,"gold_loss":0},{"damage_healed":0,"gold_gain":0,"player_choice":"Max HP","damage_taken":0,"max_hp_gain":0,"max_hp_loss":4,"event_name":"Winding Halls","floor":44,"gold_loss":0},{"damage_healed":0,"gold_gain":0,"player_choice":"1 cards matched","damage_taken":0,"max_hp_gain":0,"max_hp_loss":0,"event_name":"Match and Keep!","floor":47,"gold_loss":0,"cards_obtained":["Good Instincts"]}],"is_beta":false,"boss_relics":[{"not_picked":["White Beast Statue","Ectoplasm"],"picked":"Cursed Key"},{"not_picked":["Black Star","Empty Cage"],"picked":"Sozu"}],"items_purged_floors":[13,36,45],"is_endless":false,"potions_floor_spawned":[3,14,16,18,22,29,33,35],"killed_by":"The Heart","ascension_level":3}