{"gold_per_floor":[112,128,88,102,27,52,72,88,137,137,312,262,279,179,179,278,278,295,305,180,195,120,120,120,134,134,134,144,164,164,164,164,164],"floor_reached":33,"playtime":1850,"items_purged":["Strike_G","Strike_G","Strike_G"],"score":249,"play_id":"01eaebb1-65cf-439c-9a10-e11e81e36817","local_time":"20180826112508","is_ascension_mode":false,"campfire_choices":[{"floor":10,"key":"REST"},{"data":"Malaise","floor":15,"key":"SMITH"},{"floor":23,"key":"REST"},{"data":"Poisoned Stab","floor":27,"key":"SMITH"},{"floor":30,"key":"REST"},{"data":"Deadly Poison","floor":32,"key":"SMITH"}],"neow_cost":"PERCENT_DAMAGE","seed_source_timestamp":2208931300110,"circlet_count":0,"master_deck":["Defend_G","Defend_G","Defend_G","Defend_G","Strike_G","Strike_G","Survivor","Neutralize+1","Heel Hook","Acrobatics","Malaise+1","Poisoned Stab+1","Dagger Throw","Unload","Tactician","Backstab+1","Deadly Poison+1","Writhe"],"relics":["Ring of the Snake","Potion Belt","Pen Nib","Sozu","The Courier","Smiling Mask"],"potions_floor_usage":[6,8,13,16,16,16,16,16,16,21,25],"damage_taken":[{"damage":0,"enemies":"2 Louse","floor":1,"turns":3},{"damage":0,"enemies":"Cultist","floor":2,"turns":3},{"damage":0,"enemies":"Small Slimes","floor":4,"turns":4},{"damage":47,"enemies":"Gremlin Nob","floor":6,"turns":6},{"damage":4,"enemies":"3 Louse","floor":7,"turns":5},{"damage":0,"enemies":"Exordium Wildlife","floor":8,"turns":3},{"damage":1,"enemies":"2 Fungi Beasts","floor":13,"turns":4},{"damage":39,"enemies":"Hexaghost","floor":16,"turns":17},{"damage":45,"enemies":"Spheric Guardian","floor":18,"turns":6},{"damage":7,"enemies":"Shell Parasite","floor":19,"turns":5},{"damage":10,"enemies":"Centurion and Healer","floor":21,"turns":6},{"damage":0,"enemies":"Cultist and Chosen","floor":25,"turns":6},{"damage":12,"enemies":"Snecko","floor":28,"turns":5},{"damage":19,"enemies":"3 Cultists","floor":29,"turns":7},{"damage":45,"enemies":"Champ","floor":33,"turns":11}],"seed_played":"5302430863862297702","potions_obtained":[{"floor":3,"key":"EntropicBrew"},{"floor":3,"key":"Ancient Potion"},{"floor":3,"key":"SmokeBomb"},{"floor":4,"key":"GamblersBrew"},{"floor":7,"key":"Block Potion"},{"floor":8,"key":"Energy Potion"},{"floor":13,"key":"Regen Potion"}],"is_trial":false,"path_per_floor":["M","M","?","M","$","E","M","M","T","R","?","?","M","$","R","B",null,"M","M","$","M","?","R","?","M","T","R","M","M","R","?","R"],"character_chosen":"THE_SILENT","items_purchased":[],"campfire_rested":3,"item_purchase_floors":[],"current_hp_per_floor":[60,60,60,60,60,13,9,9,9,34,34,34,33,33,33,9,84,39,32,32,22,22,47,47,47,47,47,35,16,41,41,41,0],"gold":164,"neow_bonus":"TWENTY_PERCENT_HP_BONUS","is_prod":false,"is_daily":false,"chose_seed":false,"campfire_upgraded":3,"win_rate":0,"timestamp":1535253908,"path_taken":["M","M","?","M","$","E","M","M","T","R","?","?","M","$","R","BOSS","M","M","$","M","?","R","?","M","T","R","M","M","R","?","R","BOSS"],"build_version":"2018-08-23v2","purchased_purges":3,"victory":false,"max_hp_per_floor":[84,84,84,84,84,84,84,84,84,84,84,84,84,84,84,84,84,84,84,84,84,84,84,84,84,84,84,84,84,84,84,84,84],"card_choices":[{"not_picked":["Deflect","Blade Dance"],"picked":"Heel Hook","floor":1},{"not_picked":["Dodge and Roll","Dagger Spray"],"picked":"Acrobatics","floor":2},{"not_picked":["Outmaneuver","Bane","Slice"],"picked":"SKIP","floor":4},{"not_picked":["Outmaneuver","All Out Attack"],"picked":"Malaise","floor":6},{"not_picked":["Concentrate","Underhanded Strike"],"picked":"Poisoned Stab","floor":7},{"not_picked":["Eviscerate","Slice"],"picked":"Dagger Throw","floor":8},{"not_picked":["Setup","Sucker Punch","Bane"],"picked":"SKIP","floor":13},{"not_picked":["Burst","Grand Finale"],"picked":"Unload","floor":16},{"not_picked":["Quick Slash","Backstab"],"picked":"Tactician","floor":18},{"not_picked":["Dagger Spray","Distraction"],"picked":"Backstab+1","floor":19},{"not_picked":["Infinite Blades+1","Blade Dance","Finisher+1"],"picked":"SKIP","floor":21},{"not_picked":["Prepared","Dagger Throw+1","Footwork"],"picked":"SKIP","floor":25},{"not_picked":["Finisher","Caltrops+1","Leg Sweep"],"picked":"SKIP","floor":28},{"not_picked":["Accuracy","Acrobatics"],"picked":"Deadly Poison","floor":29}],"player_experience":343682,"relics_obtained":[{"floor":6,"key":"Potion Belt"},{"floor":9,"key":"Pen Nib"},{"floor":26,"key":"The Courier"}],"event_choices":[{"event_name":"The Woman in Blue","player_choice":"Bought 3 Potions","floor":3,"damage_taken":0},{"event_name":"Liars Game","player_choice":"agreed","floor":11,"damage_taken":0},{"event_name":"The Cleric","player_choice":"Card Removal","floor":12,"damage_taken":0},{"event_name":"Beggar","player_choice":"Gave Gold","floor":22,"damage_taken":0},{"event_name":"Accursed Blacksmith","player_choice":"Forge","floor":24,"damage_taken":0},{"event_name":"The Mausoleum","player_choice":"Yes","floor":31,"damage_taken":0}],"is_beta":false,"boss_relics":[{"not_picked":["Orrery","Busted Crown"],"picked":"Sozu"}],"items_purged_floors":[5,14,20],"is_endless":false,"potions_floor_spawned":[4,7,8,13,19,25,28],"killed_by":"Champ","ascension_level":0}