{"gold_per_floor":[110,123,123,143,143,143,143,177,177,177,191,191,211,232,232,328,328,348,348,371,371],"floor_reached":21,"playtime":1113,"items_purged":[],"score":362,"play_id":"aa5779b8-a573-4c04-9907-893b75677e14","local_time":"20190419192107","is_ascension_mode":true,"campfire_choices":[{"data":"Crippling Poison","floor":6,"key":"SMITH"},{"data":"Neutralize","floor":10,"key":"SMITH"},{"data":"Cloak And Dagger","floor":12,"key":"SMITH"},{"floor":15,"key":"REST"}],"neow_cost":"NONE","seed_source_timestamp":39322801215002,"circlet_count":0,"master_deck":["AscendersBane","Defend_G","Defend_G","Defend_G","Defend_G","Defend_G","Strike_G","Strike_G","Strike_G","Strike_G","Survivor","Neutralize+1","Cloak And Dagger+1","Dagger Spray+1","Crippling Poison+1","Blur","Dagger Throw","Deadly Poison","Corpse Explosion","Catalyst","All Out Attack+1"],"relics":["Ring of the Snake","Golden Idol","Blood Vial","Shuriken","Runic Dome"],"potions_floor_usage":[8,8,16,16,20],"damage_taken":[{"damage":0,"enemies":"2 Louse","floor":1,"turns":3},{"damage":7,"enemies":"Small Slimes","floor":2,"turns":4},{"damage":0,"enemies":"Cultist","floor":4,"turns":4},{"damage":23,"enemies":"Lagavulin","floor":8,"turns":9},{"damage":0,"enemies":"Exordium Wildlife","floor":11,"turns":4},{"damage":8,"enemies":"Red Slaver","floor":13,"turns":4},{"damage":1,"enemies":"Blue Slaver","floor":14,"turns":3},{"damage":39,"enemies":"Slime Boss","floor":16,"turns":9},{"damage":13,"enemies":"Chosen","floor":18,"turns":5},{"damage":15,"enemies":"Shell Parasite","floor":20,"turns":5},{"damage":27,"enemies":"Cultist and Chosen","floor":21,"turns":5}],"seed_played":"-2829925278479386807","potions_obtained":[{"floor":2,"key":"Block Potion"},{"floor":4,"key":"Fire Potion"},{"floor":11,"key":"PowerPotion"},{"floor":14,"key":"Energy Potion"},{"floor":18,"key":"SkillPotion"}],"is_trial":false,"path_per_floor":["M","M","?","M","?","R","?","E","T","R","M","R","M","M","R","B",null,"M","?","M","M"],"character_chosen":"THE_SILENT","items_purchased":[],"campfire_rested":1,"item_purchase_floors":[],"current_hp_per_floor":[59,52,52,52,52,52,52,29,29,29,31,31,25,26,44,7,47,36,36,23,0],"gold":371,"neow_bonus":"THREE_CARDS","is_prod":false,"is_daily":false,"chose_seed":false,"campfire_upgraded":3,"win_rate":0,"timestamp":1555669267,"path_taken":["M","M","?","M","?","R","?","E","T","R","M","R","M","M","R","BOSS","M","?","M","M"],"build_version":"2019-01-23","purchased_purges":0,"victory":false,"max_hp_per_floor":[66,66,66,66,60,60,60,60,60,60,60,60,60,60,60,60,60,60,60,60,60],"card_choices":[{"not_picked":["Calculated Gamble","Blur"],"picked":"Cloak And Dagger","floor":0},{"not_picked":["Escape Plan","Blade Dance"],"picked":"Dagger Spray","floor":1},{"not_picked":["Setup","Catalyst"],"picked":"Crippling Poison","floor":2},{"not_picked":["Crippling Poison","Flying Knee"],"picked":"Blur","floor":4},{"not_picked":["Flying Knee","Finisher"],"picked":"Dagger Throw","floor":8},{"not_picked":["Calculated Gamble","Reflex","Slice"],"picked":"SKIP","floor":11},{"not_picked":["Cloak And Dagger","Deflect","Calculated Gamble"],"picked":"SKIP","floor":13},{"not_picked":["Tools of the Trade","Endless Agony"],"picked":"Deadly Poison","floor":14},{"not_picked":["A Thousand Cuts","Storm of Steel"],"picked":"Corpse Explosion","floor":16},{"not_picked":["Dagger Throw","Backflip"],"picked":"Catalyst","floor":18},{"not_picked":["Bouncing Flask","Outmaneuver"],"picked":"All Out Attack+1","floor":20}],"player_experience":990454,"relics_obtained":[{"floor":8,"key":"Blood Vial"},{"floor":9,"key":"Shuriken"}],"event_choices":[{"damage_healed":0,"gold_gain":0,"player_choice":"Grow","damage_taken":0,"max_hp_gain":0,"max_hp_loss":0,"event_name":"Living Wall","floor":3,"gold_loss":0,"cards_upgraded":["Dagger Spray"]},{"damage_healed":0,"gold_gain":0,"player_choice":"Lose Max HP","damage_taken":0,"relics_obtained":["Golden Idol"],"max_hp_gain":0,"max_hp_loss":6,"event_name":"Golden Idol","floor":5,"gold_loss":0},{"damage_healed":0,"gold_gain":0,"player_choice":"Searched \u00270\u0027 times","damage_taken":0,"max_hp_gain":0,"max_hp_loss":0,"event_name":"Dead Adventurer","floor":7,"gold_loss":0},{"cards_removed":["Strike_G"],"damage_healed":0,"gold_gain":0,"player_choice":"Offered Basic","damage_taken":0,"max_hp_gain":0,"max_hp_loss":0,"event_name":"Bonfire Elementals","floor":19,"gold_loss":0}],"is_beta":false,"boss_relics":[{"not_picked":["Orrery","Ring of the Serpent"],"picked":"Runic Dome"}],"items_purged_floors":[],"is_endless":false,"potions_floor_spawned":[2,4,11,14,18],"killed_by":"Cultist and Chosen","ascension_level":20}