{"gold_per_floor":[118,118,129,144,155,155,182,182,182,212,228,259,259,271,271,374,374,388,388,313,313,273,273,302,227,227,227,243,243,221,234,234,337,337,355,374,388,388],"floor_reached":38,"playtime":1730,"items_purged":["Pain"],"score":696,"play_id":"9d5181de-cb33-4953-af2a-ea22a2ad9411","local_time":"20190512132134","is_ascension_mode":true,"campfire_choices":[{"data":"True Grit","floor":6.0,"key":"SMITH"},{"data":"Disarm","floor":8.0,"key":"SMITH"},{"floor":13.0,"key":"REST"},{"data":"Armaments","floor":15.0,"key":"SMITH"},{"data":"Shockwave","floor":23.0,"key":"SMITH"},{"data":"Inflame","floor":27.0,"key":"SMITH"},{"data":"Bash","floor":29.0,"key":"SMITH"},{"floor":32.0,"key":"REST"}],"neow_cost":"NONE","seed_source_timestamp":0,"circlet_count":0,"master_deck":["AscendersBane","Strike_R","Strike_R","Strike_R","Defend_R","Defend_R","Defend_R","Defend_R","Bash+1","True Grit+1","Disarm+1","Headbutt","Armaments+1","Pummel","True Grit","Flex","Shockwave+1","Demon Form+1","Cleave","Inflame+1","Body Slam","Flame Barrier","Double Tap","Shrug It Off"],"special_seed":0,"relics":["Burning Blood","Gremlin Horn","Darkstone Periapt","Pear","Happy Flower","Velvet Choker","WarpedTongs","Pen Nib","Strawberry","Torii","Empty Cage"],"potions_floor_usage":[38,38],"damage_taken":[{"damage":4.0,"enemies":"Small Slimes","floor":1.0,"turns":4.0},{"damage":4.0,"enemies":"Cultist","floor":3.0,"turns":5.0},{"damage":2.0,"enemies":"Jaw Worm","floor":4.0,"turns":7.0},{"damage":9.0,"enemies":"Blue Slaver","floor":5.0,"turns":4.0},{"damage":52.0,"enemies":"3 Sentries","floor":7.0,"turns":14.0},{"damage":15.0,"enemies":"Exordium Thugs","floor":11.0,"turns":5.0},{"damage":38.0,"enemies":"Lagavulin","floor":12.0,"turns":8.0},{"damage":5.0,"enemies":"Gremlin Gang","floor":14.0,"turns":5.0},{"damage":43.0,"enemies":"Hexaghost","floor":16.0,"turns":15.0},{"damage":21.0,"enemies":"3 Byrds","floor":18.0,"turns":6.0},{"damage":15.0,"enemies":"Book of Stabbing","floor":24.0,"turns":5.0},{"damage":16.0,"enemies":"2 Thieves","floor":28.0,"turns":5.0},{"damage":7.0,"enemies":"Snecko","floor":31.0,"turns":5.0},{"damage":75.0,"enemies":"Collector","floor":33.0,"turns":8.0},{"damage":51.0,"enemies":"3 Darklings","floor":35.0,"turns":5.0},{"damage":7.0,"enemies":"Orb Walker","floor":36.0,"turns":3.0},{"damage":41.0,"enemies":"Writhing Mass","floor":37.0,"turns":7.0},{"damage":22,"enemies":"Maw","floor":38,"turns":7}],"seed_played":"-1925516844903037608","potions_obtained":[{"floor":2.0,"key":"Fruit Juice"},{"floor":2.0,"key":"Fruit Juice"},{"floor":5.0,"key":"AttackPotion"},{"floor":7.0,"key":"Swift Potion"},{"floor":28.0,"key":"EssenceOfSteel"},{"floor":33.0,"key":"EssenceOfSteel"}],"is_trial":false,"path_per_floor":["M","?","M","M","M","R","E","R","T","?","M","E","R","M","R","B",null,"M","?","$","T","?","R","E","$","T","R","M","R","$","M","R","B",null,"M","M","M","M"],"character_chosen":"IRONCLAD","items_purchased":["Inflame","Body Slam"],"campfire_rested":2,"item_purchase_floors":[25,30],"current_hp_per_floor":[82,92,94,98,95,95,49,49,49,59,50,18,50,51,51,14,85,70,76,76,76,76,76,74,74,74,74,64,64,64,63,99,30,98,53,52,17,0],"gold":388,"neow_bonus":"TEN_PERCENT_HP_BONUS","is_prod":false,"is_daily":false,"chose_seed":false,"campfire_upgraded":6,"win_rate":0,"timestamp":1557638494,"path_taken":["M","?","?","M","M","R","E","R","T","?","M","E","R","M","R","BOSS","M","?","$","?","?","R","E","$","T","R","?","R","$","M","R","BOSS","M","M","M","M"],"build_version":"2019-01-23","purchased_purges":1,"victory":false,"max_hp_per_floor":[88,98,98,98,98,98,98,98,98,108,108,108,108,108,108,108,108,108,114,114,114,114,114,121,121,121,121,121,121,121,121,121,121,121,121,121,121,121],"card_choices":[{"not_picked":["Twin Strike","Havoc"],"picked":"True Grit","floor":1.0},{"not_picked":["Perfected Strike","Carnage"],"picked":"Disarm","floor":3.0},{"not_picked":["Twin Strike","Thunderclap"],"picked":"Headbutt","floor":4.0},{"not_picked":["Corruption","True Grit"],"picked":"Armaments","floor":5.0},{"not_picked":["Fire Breathing","Armaments"],"picked":"Pummel","floor":7.0},{"not_picked":["Reckless Charge","Armaments"],"picked":"True Grit","floor":11.0},{"not_picked":["Havoc","Anger"],"picked":"Flex","floor":12.0},{"not_picked":["Thunderclap","Rupture"],"picked":"Shockwave","floor":14.0},{"not_picked":["Offering","Juggernaut"],"picked":"Demon Form","floor":16.0},{"not_picked":["Body Slam","Warcry"],"picked":"Cleave","floor":18.0},{"not_picked":["Seeing Red","True Grit","Sentinel"],"picked":"SKIP","floor":24.0},{"not_picked":["True Grit","Clash","Armaments"],"picked":"SKIP","floor":28.0},{"not_picked":["True Grit","Uppercut"],"picked":"Flame Barrier","floor":31.0},{"not_picked":["Demon Form","Feed"],"picked":"Double Tap","floor":33.0},{"not_picked":["True Grit","Blood for Blood","Corruption"],"picked":"SKIP","floor":35.0},{"not_picked":["Rage","Warcry","Dual Wield"],"picked":"SKIP","floor":36.0},{"not_picked":["Clothesline","Dropkick"],"picked":"Shrug It Off","floor":37.0}],"player_experience":738458,"relics_obtained":[{"floor":7.0,"key":"Gremlin Horn"},{"floor":9.0,"key":"Darkstone Periapt"},{"floor":12.0,"key":"Happy Flower"},{"floor":21.0,"key":"Pen Nib"},{"floor":24.0,"key":"Strawberry"},{"floor":26.0,"key":"Torii"}],"event_choices":[{"damage_healed":0.0,"max_hp_gain":0.0,"max_hp_loss":0.0,"gold_gain":0.0,"event_name":"Lab","player_choice":"Got Potions","floor":2.0,"gold_loss":0.0,"damage_taken":0.0},{"damage_healed":0.0,"max_hp_gain":0.0,"max_hp_loss":0.0,"gold_gain":30.0,"event_name":"Dead Adventurer","player_choice":"Searched \u00273\u0027 times","floor":10.0,"gold_loss":0.0,"damage_taken":0.0,"relics_obtained":["Pear"]},{"damage_healed":0.0,"max_hp_gain":0.0,"max_hp_loss":0.0,"gold_gain":0.0,"event_name":"Accursed Blacksmith","player_choice":"Rummage","floor":19.0,"gold_loss":0.0,"damage_taken":0.0,"relics_obtained":["WarpedTongs"],"cards_obtained":["Pain"]},{"damage_healed":0.0,"max_hp_gain":0.0,"max_hp_loss":0.0,"gold_gain":0.0,"event_name":"Designer","player_choice":"Upgrade","floor":22.0,"gold_loss":40.0,"damage_taken":0.0,"cards_upgraded":["Demon Form"]}],"is_beta":false,"boss_relics":[{"not_picked":["Black Blood","Runic Dome"],"picked":"Velvet Choker"},{"not_picked":["Busted Crown","Black Star"],"picked":"Empty Cage"}],"items_purged_floors":[20],"is_endless":false,"potions_floor_spawned":[5,7,28,33,36,37],"killed_by":"Maw","ascension_level":12}