{"gold_per_floor":[116,135,146,321,321,321,144,157,157,169,6,33,45,58,58,157,157,175,175,75,75,89,121,46,56,56,56,68,78,4,14,14,14],"floor_reached":33,"playtime":1869,"items_purged":["Doubt","Strike_R"],"score":297,"play_id":"d5632504-35e9-4bf7-afc1-9f6313566dbf","local_time":"20181003215432","is_ascension_mode":true,"campfire_choices":[{"data":"Iron Wave","floor":6.0,"key":"SMITH"},{"data":"Body Slam","floor":10.0,"key":"SMITH"},{"data":"Intimidate","floor":15.0,"key":"SMITH"},{"data":"Rage","floor":27.0,"key":"SMITH"},{"floor":32.0,"key":"REST"}],"neow_cost":"NONE","seed_source_timestamp":0,"circlet_count":0,"master_deck":["Strike_R","Strike_R","Strike_R","Defend_R","Defend_R","Defend_R","Defend_R","Bash","Flex+1","Iron Wave+1","Anger","Heavy Blade","Body Slam+1","Rage+1","Iron Wave","Cleave","Anger","Intimidate+1","Iron Wave","Anger","Twin Strike","Twin Strike","Intimidate+1","Flex+1","Thunderclap","Whirlwind+1","Whirlwind+1","Shrug It Off","Shrug It Off","Anger","Flex"],"special_seed":0,"relics":["Burning Blood","NeowsBlessing","MawBank","Odd Mushroom","Orrery","Bottled Lightning","War Paint"],"potions_floor_usage":[33,33],"damage_taken":[{"damage":0.0,"enemies":"2 Louse","floor":1.0,"turns":1.0},{"damage":0.0,"enemies":"Jaw Worm","floor":2.0,"turns":1.0},{"damage":0.0,"enemies":"Small Slimes","floor":3.0,"turns":1.0},{"damage":0.0,"enemies":"2 Fungi Beasts","floor":8.0,"turns":3.0},{"damage":9.0,"enemies":"The Mushroom Lair","floor":12.0,"turns":3.0},{"damage":0.0,"enemies":"Gremlin Gang","floor":13.0,"turns":3.0},{"damage":4.0,"enemies":"Exordium Wildlife","floor":14.0,"turns":4.0},{"damage":40.0,"enemies":"The Guardian","floor":16.0,"turns":12.0},{"damage":5.0,"enemies":"3 Byrds","floor":18.0,"turns":6.0},{"damage":14.0,"enemies":"Shell Parasite","floor":22.0,"turns":5.0},{"damage":23.0,"enemies":"Gremlin Leader","floor":23.0,"turns":9.0},{"damage":25.0,"enemies":"3 Cultists","floor":25.0,"turns":4.0},{"damage":24.0,"enemies":"Snecko","floor":28.0,"turns":6.0},{"damage":5.0,"enemies":"Snake Plant","floor":29.0,"turns":4.0},{"damage":16.0,"enemies":"Cultist and Chosen","floor":31.0,"turns":6.0},{"damage":61,"enemies":"Collector","floor":33,"turns":6}],"seed_played":"-249746772216916306","potions_obtained":[{"floor":2.0,"key":"PowerPotion"},{"floor":3.0,"key":"Fire Potion"},{"floor":16.0,"key":"Energy Potion"},{"floor":22.0,"key":"Regen Potion"},{"floor":25.0,"key":"Energy Potion"},{"floor":29.0,"key":"Ancient Potion"}],"is_trial":false,"path_per_floor":["M","M","M","?","?","R","$","M","T","R","$","?","M","M","R","B",null,"M","?","$","?","M","E","?","M","T","R","M","M","$","M","R"],"character_chosen":"IRONCLAD","items_purchased":["Heavy Blade","SpeedPotion","Rage","Iron Wave","Cleave","Shrug It Off","Anger"],"campfire_rested":1,"item_purchase_floors":[7,7,11,11,11,30,30],"current_hp_per_floor":[80,80,80,80,85,85,85,85,85,85,85,82,85,85,85,51,85,85,85,85,85,77,75,75,56,56,56,38,39,39,29,54,0],"gold":14,"neow_bonus":"THREE_ENEMY_KILL","is_prod":false,"is_daily":false,"chose_seed":false,"campfire_upgraded":4,"win_rate":0,"timestamp":1538596472,"path_taken":["M","M","M","?","?","R","$","?","T","R","$","?","?","M","R","BOSS","M","?","$","?","M","E","?","?","T","R","M","?","?","M","R","BOSS"],"build_version":"2018-09-27","purchased_purges":2,"victory":false,"max_hp_per_floor":[80,80,80,80,85,85,85,85,85,85,85,85,85,85,85,85,85,85,85,85,85,85,85,85,85,85,85,85,85,85,85,85,85],"card_choices":[{"not_picked":["Fire Breathing","Infernal Blade"],"picked":"Flex","floor":1.0},{"not_picked":["Thunderclap","Warcry"],"picked":"Iron Wave","floor":2.0},{"not_picked":["Carnage","Sever Soul"],"picked":"Anger","floor":3.0},{"not_picked":["Perfected Strike","Thunderclap"],"picked":"Body Slam","floor":8.0},{"not_picked":["Corruption","Burning Pact"],"picked":"Anger","floor":12.0},{"not_picked":["Twin Strike","Sever Soul"],"picked":"Intimidate","floor":13.0},{"not_picked":["Ghostly Armor","Searing Blow"],"picked":"Iron Wave","floor":14.0},{"not_picked":["True Grit","Seeing Red"],"picked":"Anger","floor":17.0},{"not_picked":["Shrug It Off","Clothesline"],"picked":"Twin Strike","floor":17.0},{"not_picked":["Hemokinesis","Heavy Blade"],"picked":"Twin Strike","floor":17.0},{"not_picked":["Perfected Strike","Clash"],"picked":"Intimidate","floor":17.0},{"not_picked":["Bludgeon","Shrug It Off"],"picked":"Flex+1","floor":18.0},{"not_picked":["Perfected Strike","Hemokinesis"],"picked":"Thunderclap","floor":22.0},{"not_picked":["Warcry+1","Headbutt+1"],"picked":"Whirlwind+1","floor":23.0},{"not_picked":["Second Wind","Impervious"],"picked":"Whirlwind+1","floor":25.0},{"not_picked":["Feel No Pain","Clothesline","Body Slam"],"picked":"SKIP","floor":28.0},{"not_picked":["Warcry","Rupture"],"picked":"Shrug It Off","floor":29.0},{"not_picked":["Limit Break","Warcry+1"],"picked":"Flex","floor":31.0}],"player_experience":128825,"relics_obtained":[{"floor":9.0,"key":"MawBank"},{"floor":12.0,"key":"Odd Mushroom"},{"floor":23.0,"key":"Bottled Lightning"},{"floor":26.0,"key":"War Paint"}],"event_choices":[{"event_name":"Liars Game","player_choice":"agreed","floor":4.0,"damage_taken":0.0},{"event_name":"Big Fish","player_choice":"Donut","floor":5.0,"damage_taken":0.0},{"event_name":"Mushrooms","player_choice":"Fought Mushrooms","floor":12.0,"damage_taken":0.0},{"event_name":"Ghosts","player_choice":"Ignored","floor":19.0,"damage_taken":0.0},{"event_name":"Beggar","player_choice":"Gave Gold","floor":24.0,"damage_taken":0.0}],"is_beta":false,"boss_relics":[{"not_picked":["Eternal Feather","Coffee Dripper"],"picked":"Orrery"}],"items_purged_floors":[7,20],"is_endless":false,"potions_floor_spawned":[2,3,8,16,22,25,29],"killed_by":"Collector","ascension_level":1}