{"gold_per_floor":[116,116,129,147,213,238,238,251,251,268,298,298,28,28,28,123,123,136,136,136,66,66,66,82,82,82,82,33,43,43,58,58,156,156,174,174,127,127,143,143,155,187,187,204,204,219,219,251,251,251],"floor_reached":50,"playtime":1121,"items_purged":[],"score":498,"play_id":"b404dba7-3e31-41ae-96f3-d3619f99bd77","local_time":"20190212164943","is_ascension_mode":false,"campfire_choices":[{"data":"Perfected Strike","floor":7.0,"key":"SMITH"},{"data":"Flex","floor":12.0,"key":"SMITH"},{"data":"Apotheosis","floor":15.0,"key":"SMITH"},{"data":"Shockwave","floor":23.0,"key":"SMITH"},{"data":"Double Tap","floor":25.0,"key":"SMITH"},{"data":"Seeing Red","floor":27.0,"key":"SMITH"},{"data":"Twin Strike","floor":32.0,"key":"SMITH"},{"data":"Immolate","floor":40.0,"key":"SMITH"},{"data":"Shrug It Off","floor":47,"key":"SMITH"},{"data":"Flash of Steel","floor":49,"key":"SMITH"}],"neow_cost":"NONE","seed_source_timestamp":1752960865646260,"circlet_count":0,"master_deck":["Strike_R","Strike_R","Strike_R","Strike_R","Strike_R","Defend_R","Defend_R","Defend_R","Bash+1","Perfected Strike+1","Flex+1","Seeing Red+1","Apotheosis+1","Flash of Steel+1","Feed","Shockwave+1","Double Tap+1","Twin Strike+1","Immolate+1","Shrug It Off+1","Inflame","Battle Trance+1"],"special_seed":0,"relics":["Burning Blood","Ornamental Fan","Blue Candle","Tiny Chest","Cursed Key","Shuriken","FossilizedHelix"],"potions_floor_usage":[48],"damage_taken":[{"damage":6.0,"enemies":"Jaw Worm","floor":1.0,"turns":3.0},{"damage":1.0,"enemies":"Cultist","floor":3.0,"turns":3.0},{"damage":3.0,"enemies":"Small Slimes","floor":4.0,"turns":3.0},{"damage":10.0,"enemies":"Gremlin Nob","floor":6.0,"turns":4.0},{"damage":12.0,"enemies":"3 Louse","floor":8.0,"turns":3.0},{"damage":0.0,"enemies":"Looter","floor":10.0,"turns":1.0},{"damage":37.0,"enemies":"The Guardian","floor":16.0,"turns":8.0},{"damage":0.0,"enemies":"Chosen","floor":18.0,"turns":3.0},{"damage":6.0,"enemies":"Spheric Guardian","floor":24.0,"turns":3.0},{"damage":11.0,"enemies":"Shelled Parasite and Fungi","floor":29.0,"turns":4.0},{"damage":11.0,"enemies":"Snecko","floor":31.0,"turns":3.0},{"damage":37.0,"enemies":"Automaton","floor":33.0,"turns":8.0},{"damage":17.0,"enemies":"Orb Walker","floor":35.0,"turns":3.0},{"damage":0.0,"enemies":"3 Shapes","floor":39.0,"turns":3.0},{"damage":7.0,"enemies":"Jaw Worm Horde","floor":41.0,"turns":3.0},{"damage":63.0,"enemies":"Nemesis","floor":42.0,"turns":7.0},{"damage":17,"enemies":"Spire Growth","floor":44,"turns":3},{"damage":28,"enemies":"Sphere and 2 Shapes","floor":46,"turns":5},{"damage":9,"enemies":"Reptomancer","floor":48,"turns":3},{"damage":0,"enemies":"Time Eater","floor":50,"turns":1}],"seed_played":"-4478536571181918506","potions_obtained":[{"floor":3.0,"key":"SkillPotion"},{"floor":8.0,"key":"PowerPotion"},{"floor":10.0,"key":"GamblersBrew"},{"floor":18.0,"key":"Energy Potion"},{"floor":33.0,"key":"SpeedPotion"},{"floor":35.0,"key":"AttackPotion"},{"floor":41.0,"key":"SpeedPotion"},{"floor":46,"key":"PowerPotion"}],"is_trial":false,"path_per_floor":["M","?","M","M","?","E","R","M","T","M","?","R","$","?","R","B",null,"M","?","?","$","$","R","M","R","T","R","$","M","$","M","R","B",null,"M","T","$","T","M","R","M","E","T","M","?","M","R","E","R","B"],"character_chosen":"IRONCLAD","items_purchased":["Apotheosis","Flash of Steel","Double Tap","SkillPotion","Shrug It Off"],"campfire_rested":0,"item_purchase_floors":[13,13,21,28,37],"current_hp_per_floor":[80,80,80,80,80,76,76,70,70,76,73,73,73,78,78,47,85,85,85,85,85,85,85,89,89,89,89,89,84,84,79,79,48,89,82,82,82,82,91,91,90,33,33,22,84,62,62,59,59,59],"gold":251,"neow_bonus":"UPGRADE_CARD","is_prod":false,"is_daily":false,"chose_seed":false,"campfire_upgraded":10,"win_rate":0,"timestamp":1549957783,"path_taken":["M","?","?","M","?","E","R","M","T","M","?","R","$","?","R","BOSS","M","?","?","$","?","R","M","R","T","R","$","M","?","M","R","BOSS","M","?","$","?","?","R","M","E","T","M","?","M","R","E","R","BOSS"],"build_version":"2019-01-23","purchased_purges":0,"victory":false,"max_hp_per_floor":[80,80,80,80,80,80,80,80,80,80,80,80,80,85,85,85,85,85,85,85,85,85,85,89,89,89,89,89,89,89,89,89,89,89,93,93,93,93,96,96,96,96,96,96,84,84,84,84,84,84],"card_choices":[{"not_picked":["Shrug It Off","Warcry"],"picked":"Perfected Strike","floor":1.0},{"not_picked":["Headbutt","Sword Boomerang"],"picked":"Flex","floor":3.0},{"not_picked":["Armaments","Seeing Red","Twin Strike"],"picked":"SKIP","floor":4.0},{"not_picked":["Armaments","Twin Strike"],"picked":"Seeing Red","floor":4.0},{"not_picked":["Infernal Blade","Entrench","Spot Weakness"],"picked":"SKIP","floor":6.0},{"not_picked":["Flex","Feel No Pain","Dropkick"],"picked":"SKIP","floor":8.0},{"not_picked":["Evolve","Twin Strike","Sword Boomerang"],"picked":"SKIP","floor":10.0},{"not_picked":["Dark Embrace","Reaper"],"picked":"Feed","floor":16.0},{"not_picked":["Heavy Blade+1","Twin Strike","Clash"],"picked":"SKIP","floor":18.0},{"not_picked":["Burning Pact+1","True Grit","Entrench"],"picked":"SKIP","floor":24.0},{"not_picked":["Feel No Pain","Corruption"],"picked":"Twin Strike","floor":29.0},{"not_picked":["Second Wind+1","Flex","Cleave"],"picked":"SKIP","floor":31.0},{"not_picked":["Berserk","Dark Embrace"],"picked":"Immolate","floor":33.0},{"not_picked":["Sentinel","Flex","Combust"],"picked":"SKIP","floor":35.0},{"not_picked":["Entrench","Armaments","Thunderclap+1"],"picked":"SKIP","floor":39.0},{"not_picked":["Havoc","Wild Strike","Heavy Blade"],"picked":"SKIP","floor":41.0},{"not_picked":["Shockwave","Havoc+1","Iron Wave+1"],"picked":"SKIP","floor":42.0},{"not_picked":["Body Slam","Sword Boomerang+1","Combust+1"],"picked":"SKIP","floor":44},{"not_picked":["Rampage","Fire Breathing+1"],"picked":"Inflame","floor":46},{"not_picked":["Headbutt+1","Infernal Blade+1"],"picked":"Battle Trance+1","floor":48}],"player_experience":522950,"relics_obtained":[{"floor":6.0,"key":"Ornamental Fan"},{"floor":9.0,"key":"Blue Candle"},{"floor":42.0,"key":"Shuriken"},{"floor":48,"key":"FossilizedHelix"}],"event_choices":[{"cards_removed":["Defend_R"],"damage_healed":0.0,"max_hp_gain":0.0,"max_hp_loss":0.0,"gold_gain":0.0,"event_name":"Purifier","player_choice":"Purged","floor":2.0,"gold_loss":0.0,"damage_taken":0.0},{"damage_healed":0.0,"max_hp_gain":0.0,"max_hp_loss":0.0,"gold_gain":66.0,"event_name":"Golden Wing","player_choice":"Gained Gold","floor":5.0,"gold_loss":0.0,"damage_taken":0.0},{"damage_healed":0.0,"max_hp_gain":0.0,"max_hp_loss":0.0,"gold_gain":0.0,"event_name":"Scrap Ooze","player_choice":"Success","floor":11.0,"gold_loss":0.0,"damage_taken":3.0,"relics_obtained":["Tiny Chest"]},{"damage_healed":0.0,"max_hp_gain":5.0,"max_hp_loss":0.0,"gold_gain":0.0,"event_name":"Big Fish","player_choice":"Donut","floor":14.0,"gold_loss":0.0,"damage_taken":0.0},{"damage_healed":0.0,"max_hp_gain":0.0,"max_hp_loss":0.0,"gold_gain":0.0,"event_name":"The Library","player_choice":"Read","floor":19.0,"gold_loss":0.0,"damage_taken":0.0,"cards_obtained":["Shockwave"]},{"damage_healed":0.0,"max_hp_gain":0.0,"max_hp_loss":0.0,"gold_gain":0.0,"event_name":"The Mausoleum","player_choice":"Ignored","floor":20.0,"gold_loss":0.0,"damage_taken":0.0},{"damage_healed":84,"gold_gain":0,"player_choice":"Heal","damage_taken":0,"max_hp_gain":0,"max_hp_loss":12,"event_name":"The Moai Head","floor":45,"gold_loss":0}],"is_beta":false,"boss_relics":[{"not_picked":["Pandora\u0027s Box","Snecko Eye"],"picked":"Cursed Key"},{"not_picked":["Coffee Dripper","Calling Bell","Runic Pyramid"]}],"items_purged_floors":[],"is_endless":false,"potions_floor_spawned":[3,8,10,18,33,35,41,46],"killed_by":"Time Eater","ascension_level":0}