{"gold_per_floor":[118,118,73,92,92,107,107,123,123,143,175,175,193,193],"floor_reached":14,"playtime":379,"items_purged":[],"score":161,"play_id":"2981634f-0730-4bf9-bbfc-c45be1ffa89b","local_time":"20190213114306","is_ascension_mode":true,"campfire_choices":[{"data":"Uppercut","floor":7,"key":"SMITH"},{"floor":12,"key":"REST"}],"neow_cost":"NONE","seed_source_timestamp":1821789394630297,"circlet_count":0,"master_deck":["AscendersBane","Strike_R","Strike_R","Strike_R","Defend_R","Defend_R","Defend_R","Defend_R","Bash","Sword Boomerang","Clothesline","Uppercut+1","Flex","Berserk"],"relics":["Burning Blood","Letter Opener","Matryoshka"],"potions_floor_usage":[11,14,14],"damage_taken":[{"damage":17,"enemies":"Jaw Worm","floor":1,"turns":6},{"damage":8,"enemies":"Small Slimes","floor":4,"turns":3},{"damage":4,"enemies":"2 Louse","floor":6,"turns":4},{"damage":34,"enemies":"Exordium Thugs","floor":8,"turns":5},{"damage":11,"enemies":"Looter","floor":10,"turns":3},{"damage":12,"enemies":"Gremlin Nob","floor":11,"turns":3},{"damage":16,"enemies":"Large Slime","floor":13,"turns":5},{"damage":25,"enemies":"The Mushroom Lair","floor":14,"turns":2}],"seed_played":"6996343901576528721","potions_obtained":[{"floor":1,"key":"FearPotion"},{"floor":6,"key":"Ancient Potion"},{"floor":13,"key":"Ancient Potion"}],"is_trial":false,"path_per_floor":["M","?","?","M","?","M","R","M","T","M","E","R","M","?"],"character_chosen":"IRONCLAD","items_purchased":[],"campfire_rested":1,"item_purchase_floors":[],"current_hp_per_floor":[57,50,50,48,48,50,50,22,22,17,11,33,23,0],"gold":193,"neow_bonus":"REMOVE_CARD","is_prod":false,"is_daily":false,"chose_seed":false,"campfire_upgraded":1,"win_rate":0,"timestamp":1550025786,"path_taken":["M","?","?","M","?","M","R","?","T","M","E","R","M","?"],"build_version":"2019-01-23","purchased_purges":0,"victory":false,"max_hp_per_floor":[75,75,75,75,75,75,75,75,75,75,75,75,75,75],"card_choices":[{"not_picked":["Inflame","Perfected Strike"],"picked":"Sword Boomerang","floor":1},{"not_picked":["Rage","Headbutt","Fire Breathing"],"picked":"SKIP","floor":4},{"not_picked":["Heavy Blade","True Grit"],"picked":"Uppercut","floor":6},{"not_picked":["Power Through","Pommel Strike"],"picked":"Flex","floor":8},{"not_picked":["Clash","Wild Strike","Iron Wave"],"picked":"SKIP","floor":10},{"not_picked":["Thunderclap","Blood for Blood"],"picked":"Berserk","floor":11},{"not_picked":["Perfected Strike","Wild Strike","Hemokinesis"],"picked":"SKIP","floor":13}],"player_experience":530354,"relics_obtained":[{"floor":9,"key":"Letter Opener"},{"floor":11,"key":"Matryoshka"}],"event_choices":[{"cards_removed":["Strike_R"],"damage_healed":0,"gold_gain":0,"player_choice":"Card Removal","damage_taken":7,"max_hp_gain":0,"max_hp_loss":0,"event_name":"Golden Wing","floor":2,"gold_loss":0},{"damage_healed":0,"gold_gain":0,"player_choice":"Left Gold","damage_taken":0,"max_hp_gain":0,"max_hp_loss":0,"event_name":"World of Goop","floor":3,"gold_loss":45},{"damage_healed":0,"gold_gain":0,"player_choice":"1 cards matched","damage_taken":0,"max_hp_gain":0,"max_hp_loss":0,"event_name":"Match and Keep!","floor":5,"gold_loss":0,"cards_obtained":["Clothesline"]},{"damage_healed":0,"gold_gain":0,"player_choice":"Fought Mushrooms","damage_taken":0,"max_hp_gain":0,"max_hp_loss":0,"event_name":"Mushrooms","floor":14,"gold_loss":0}],"is_beta":false,"boss_relics":[],"items_purged_floors":[],"is_endless":false,"potions_floor_spawned":[1,6,8,13],"killed_by":"The Mushroom Lair","ascension_level":15}