{"gold_per_floor":[110,110,127,146,161,190,190,225,280,280,280,297,314,5,5,107,107,123,140,158,158,176,209,209,209,209,209,239,164,182,192,192,294,294,314,414,414,425,440,440,440,451,476,476,490,490,490,490,490,490,490,490,81,81],"floor_reached":54,"playtime":3464,"items_purged":["Writhe","Strike_B"],"score":664,"play_id":"80c064b0-e25d-42b1-b0ce-b475ee97ebaf","local_time":"20190407222334","is_ascension_mode":false,"campfire_choices":[{"data":"Go for the Eyes","floor":7,"key":"SMITH"},{"data":"Redo","floor":10,"key":"SMITH"},{"data":"Ball Lightning","floor":15,"key":"SMITH"},{"data":"Self Repair","floor":25,"key":"SMITH"},{"data":"Sunder","floor":27,"key":"SMITH"},{"floor":32,"key":"REST"},{"floor":40,"key":"RECALL"},{"data":"Hologram","floor":44,"key":"SMITH"},{"data":"Consume","floor":47,"key":"SMITH"},{"data":"Capacitor","floor":49,"key":"SMITH"},{"data":"Rainbow","floor":52,"key":"SMITH"}],"neow_cost":"NONE","seed_source_timestamp":16408263174910,"circlet_count":0,"master_deck":["Strike_B","Strike_B","Strike_B","Defend_B","Defend_B","Defend_B","Defend_B","Zap+1","Dualcast+1","Redo+1","Glacier","Go for the Eyes+1","Leap","Sunder+1","Rainbow+1","Sweeping Beam","Ball Lightning+1","Electrodynamics","Self Repair+1","Conserve Battery+1","Capacitor+1","Skim","Barrage","Cold Snap","BootSequence+1","Multi-Cast","Consume+1","Stack","Loop+1","Madness","Madness","Hologram+1","Go for the Eyes","Echo Form"],"relics":["Cracked Core","Lantern","DataDisk","Tiny Chest","FossilizedHelix","Black Star","Ancient Tea Set","Bronze Scales","Meat on the Bone","Matryoshka","Unceasing Top","Dream Catcher","Velvet Choker","Bird Faced Urn","Blood Vial","Bottled Flame","Sundial","Darkstone Periapt","Pen Nib"],"potions_floor_usage":[16,23],"damage_taken":[{"damage":5,"enemies":"Small Slimes","floor":1,"turns":3},{"damage":0,"enemies":"Cultist","floor":3,"turns":3},{"damage":0,"enemies":"2 Louse","floor":4,"turns":3},{"damage":4,"enemies":"Lots of Slimes","floor":5,"turns":5},{"damage":13,"enemies":"3 Sentries","floor":6,"turns":14},{"damage":2,"enemies":"Lagavulin","floor":8,"turns":8},{"damage":3,"enemies":"Exordium Wildlife","floor":12,"turns":3},{"damage":0,"enemies":"Red Slaver","floor":13,"turns":2},{"damage":6,"enemies":"Hexaghost","floor":16,"turns":9},{"damage":0,"enemies":"Chosen","floor":18,"turns":4},{"damage":14,"enemies":"2 Thieves","floor":19,"turns":4},{"damage":0,"enemies":"Cultist and Chosen","floor":20,"turns":6},{"damage":0,"enemies":"Snake Plant","floor":22,"turns":3},{"damage":12,"enemies":"Gremlin Leader","floor":23,"turns":6},{"damage":25,"enemies":"Slavers","floor":28,"turns":3},{"damage":6,"enemies":"3 Cultists","floor":30,"turns":4},{"damage":6,"enemies":"Shelled Parasite and Fungi","floor":31,"turns":5},{"damage":49,"enemies":"Collector","floor":33,"turns":12},{"damage":0,"enemies":"3 Shapes","floor":35,"turns":3},{"damage":0,"enemies":"Mind Bloom Boss Battle","floor":36,"turns":9},{"damage":8,"enemies":"3 Darklings","floor":38,"turns":3},{"damage":7,"enemies":"Maw","floor":39,"turns":9},{"damage":0,"enemies":"Spire Growth","floor":42,"turns":6},{"damage":3,"enemies":"Writhing Mass","floor":45,"turns":5},{"damage":10,"enemies":"Time Eater","floor":50,"turns":33},{"damage":104,"enemies":"Shield and Spear","floor":54,"turns":6}],"seed_played":"-2732495791528956884","potions_obtained":[{"floor":4,"key":"SkillPotion"},{"floor":8,"key":"Regen Potion"},{"floor":12,"key":"GamblersBrew"},{"floor":16,"key":"Strength Potion"},{"floor":20,"key":"Weak Potion"},{"floor":23,"key":"FocusPotion"}],"is_trial":false,"path_per_floor":["M","?","M","M","M","E","R","E","T","R","?","M","M","$","R","B",null,"M","M","M","?","M","E","?","R","T","R","E","$","M","M","R","B",null,"M","?","?","M","M","R","?","M","T","R","M","T","R","T","R","B",null,"R","$","E"],"character_chosen":"DEFECT","items_purchased":["FossilizedHelix","Echo Form","Pen Nib"],"campfire_rested":1,"item_purchase_floors":[14,53,53],"current_hp_per_floor":[70,70,70,70,66,53,53,51,51,51,51,48,48,48,48,42,75,75,61,68,68,68,63,63,63,63,63,38,38,44,48,70,33,75,75,75,75,75,75,75,66,75,75,75,72,72,72,72,72,69,75,75,75,0],"gold":81,"neow_bonus":"UPGRADE_CARD","is_prod":false,"is_daily":false,"chose_seed":false,"campfire_upgraded":9,"win_rate":0,"timestamp":1554690214,"path_taken":["M","?","M","?","M","E","R","E","T","R","?","M","?","$","R","BOSS","M","M","M","?","?","E","?","R","T","R","E","$","M","M","R","BOSS","M","?","?","M","M","R","?","M","T","R","?","?","R","?","R","BOSS","R","$","E"],"build_version":"2019-01-23","purchased_purges":2,"victory":false,"max_hp_per_floor":[75,75,75,75,75,75,75,75,75,75,75,75,75,75,75,75,75,75,75,75,75,75,75,75,75,75,75,75,75,75,75,75,75,75,75,75,75,75,75,75,75,75,75,75,75,75,75,75,75,75,75,75,75,75],"card_choices":[{"not_picked":["Heatsinks","Storm"],"picked":"Redo","floor":1},{"not_picked":["Streamline","Blizzard"],"picked":"Glacier","floor":3},{"not_picked":["Blizzard","Streamline"],"picked":"Go for the Eyes","floor":4},{"not_picked":["Steam","Genetic Algorithm"],"picked":"Leap","floor":5},{"not_picked":["White Noise","Storm"],"picked":"Sunder","floor":6},{"not_picked":["Amplify","Gash"],"picked":"Rainbow","floor":8},{"not_picked":["Barrage","Steam"],"picked":"Sweeping Beam","floor":12},{"not_picked":["Reinforced Body","Leap"],"picked":"Ball Lightning","floor":13},{"not_picked":["Meteor Strike","Thunder Strike"],"picked":"Electrodynamics","floor":16},{"not_picked":["Beam Cell","Turbo","Hello World"],"picked":"SKIP","floor":18},{"not_picked":["Redo+1","Compile Driver"],"picked":"Self Repair","floor":19},{"not_picked":["Steam Power+1","Aggregate"],"picked":"Conserve Battery+1","floor":20},{"not_picked":["Rebound+1","Hyperbeam"],"picked":"Capacitor","floor":22},{"not_picked":["Scrape","Turbo+1"],"picked":"Skim","floor":23},{"not_picked":["FTL","Stack"],"picked":"Barrage","floor":28},{"not_picked":["Barrage","Storm"],"picked":"Cold Snap","floor":30},{"not_picked":["Stack","Double Energy"],"picked":"BootSequence+1","floor":31},{"not_picked":["Streamline","Barrage+1"],"picked":"Multi-Cast","floor":32},{"not_picked":["Auto Shields","Conserve Battery"],"picked":"Consume","floor":35},{"not_picked":["Heatsinks","Compile Driver+1"],"picked":"Stack","floor":38},{"not_picked":["Consume","Gash+1"],"picked":"Loop+1","floor":39},{"not_picked":["Barrage+1","Go for the Eyes"],"picked":"Hologram","floor":42},{"not_picked":["Redo","Gash+1"],"picked":"Go for the Eyes","floor":45}],"player_experience":113265,"relics_obtained":[{"floor":6,"key":"Lantern"},{"floor":8,"key":"DataDisk"},{"floor":9,"key":"Tiny Chest"},{"floor":23,"key":"Ancient Tea Set"},{"floor":23,"key":"Bronze Scales"},{"floor":26,"key":"Matryoshka"},{"floor":28,"key":"Unceasing Top"},{"floor":28,"key":"Dream Catcher"},{"floor":36,"key":"Bird Faced Urn"},{"floor":43,"key":"Blood Vial"},{"floor":46,"key":"Bottled Flame"},{"floor":46,"key":"Sundial"},{"floor":48,"key":"Darkstone Periapt"}],"event_choices":[{"damage_healed":0,"gold_gain":0,"player_choice":"Ignored","damage_taken":0,"max_hp_gain":0,"max_hp_loss":0,"event_name":"NoteForYourself","floor":2,"gold_loss":0},{"damage_healed":0,"gold_gain":0,"player_choice":"Upgraded","damage_taken":0,"max_hp_gain":0,"max_hp_loss":0,"event_name":"Upgrade Shrine","floor":11,"gold_loss":0,"cards_upgraded":["Dualcast"]},{"damage_healed":0,"gold_gain":0,"player_choice":"Bought 0 Potions","damage_taken":0,"max_hp_gain":0,"max_hp_loss":0,"event_name":"The Woman in Blue","floor":21,"gold_loss":0},{"damage_healed":0,"gold_gain":0,"player_choice":"Opened","damage_taken":0,"relics_obtained":["Meat on the Bone"],"max_hp_gain":0,"max_hp_loss":0,"event_name":"The Mausoleum","floor":24,"gold_loss":0,"cards_obtained":["Writhe"]},{"damage_healed":0,"gold_gain":0,"player_choice":"Fight","damage_taken":0,"max_hp_gain":0,"max_hp_loss":0,"event_name":"MindBloom","floor":36,"gold_loss":0},{"damage_healed":0,"gold_gain":0,"player_choice":"Ignored","damage_taken":0,"max_hp_gain":0,"max_hp_loss":0,"event_name":"Tomb of Lord Red Mask","floor":37,"gold_loss":0},{"damage_healed":0,"gold_gain":0,"player_choice":"Embrace Madness","damage_taken":9,"max_hp_gain":0,"max_hp_loss":0,"event_name":"Winding Halls","floor":41,"gold_loss":0,"cards_obtained":["Madness","Madness"]}],"is_beta":false,"boss_relics":[{"not_picked":["Busted Crown","Orrery"],"picked":"Black Star"},{"not_picked":["Cursed Key","White Beast Statue"],"picked":"Velvet Choker"}],"items_purged_floors":[29,53],"is_endless":false,"potions_floor_spawned":[4,8,12,16,18,20,23,31,36,38,42,45],"killed_by":"Shield and Spear","ascension_level":0}