{"gold_per_floor":[369,519,519,169,169,169,194,194,217,256,288,300,312,335,347,433,445,468,497,524,7,27,27,54,54,79,79,93,124,124,158,158,232,232,242,242,257,557,577,612,631,631,631,650,650,669,669,700,700,700,700,700,700,48,78,78],"floor_reached":57,"playtime":4002,"items_purged":["Doubt","Strike_R"],"score":3031,"play_id":"2408204d-1711-4fac-a5d6-1ee43b005b64","local_time":"20190416160106","is_ascension_mode":true,"campfire_choices":[{"data":"Bash","floor":6,"key":"SMITH"},{"floor":8,"key":"REST"},{"data":"Disarm","floor":12,"key":"SMITH"},{"data":"Pommel Strike","floor":15,"key":"SMITH"},{"data":"Immolate","floor":23,"key":"SMITH"},{"data":"Offering","floor":25,"key":"SMITH"},{"floor":27,"key":"REST"},{"data":"Corruption","floor":32,"key":"SMITH"},{"floor":42,"key":"RECALL"},{"data":"Body Slam","floor":45,"key":"SMITH"},{"data":"Defend_R","floor":47,"key":"SMITH"},{"data":"Defend_R","floor":49,"key":"SMITH"},{"data":"Defend_R","floor":53,"key":"SMITH"}],"neow_cost":"TEN_PERCENT_HP_LOSS","seed_source_timestamp":1578682035269421,"circlet_count":0,"master_deck":["AscendersBane","Strike_R","Strike_R","Defend_R+1","Defend_R+1","Defend_R+1","Defend_R","Bash+1","Pommel Strike+1","Offering+1","Disarm+1","Shockwave+1","Exhume+1","Sentinel+1","Impervious+1","Shrug It Off+1","Headbutt","Anger","Immolate+1","Corruption+1","Shrug It Off+1","Warcry+1","Ghostly Armor+1","Flame Barrier+1","Warcry+1","Sentinel+1","True Grit+1","Offering+1","Purity+1","Body Slam+1","Spot Weakness+1","Warcry+1","Shrug It Off+1","Blind+1"],"relics":["Black Blood","Toxic Egg 2","MawBank","Thread and Needle","White Beast Statue","ClockworkSouvenir","Dead Branch","Dream Catcher","Orichalcum","Sundial","Pantograph","Red Skull","Strange Spoon","Happy Flower","Kunai"],"potions_floor_usage":[7,16,19,20,24,33,50,55,56],"damage_taken":[{"damage":15,"enemies":"2 Louse","floor":1,"turns":4},{"damage":26,"enemies":"3 Sentries","floor":7,"turns":8},{"damage":30,"enemies":"Gremlin Nob","floor":10,"turns":4},{"damage":8,"enemies":"Small Slimes","floor":11,"turns":4},{"damage":0,"enemies":"Cultist","floor":14,"turns":4},{"damage":21,"enemies":"The Guardian","floor":16,"turns":15},{"damage":6,"enemies":"Chosen","floor":18,"turns":7},{"damage":13,"enemies":"Shell Parasite","floor":19,"turns":9},{"damage":6,"enemies":"Chosen and Byrds","floor":20,"turns":11},{"damage":6,"enemies":"Snake Plant","floor":22,"turns":5},{"damage":15,"enemies":"Book of Stabbing","floor":24,"turns":6},{"damage":6,"enemies":"Shelled Parasite and Fungi","floor":28,"turns":3},{"damage":6,"enemies":"Slavers","floor":29,"turns":3},{"damage":6,"enemies":"Book of Stabbing","floor":31,"turns":3},{"damage":12,"enemies":"Collector","floor":33,"turns":3},{"damage":0,"enemies":"Orb Walker","floor":35,"turns":2},{"damage":11,"enemies":"3 Shapes","floor":37,"turns":4},{"damage":6,"enemies":"Jaw Worm Horde","floor":39,"turns":2},{"damage":0,"enemies":"Giant Head","floor":40,"turns":3},{"damage":6,"enemies":"Writhing Mass","floor":41,"turns":3},{"damage":6,"enemies":"Spire Growth","floor":44,"turns":3},{"damage":6,"enemies":"3 Darklings","floor":46,"turns":2},{"damage":0,"enemies":"Nemesis","floor":48,"turns":3},{"damage":25,"enemies":"Awakened One","floor":50,"turns":6},{"damage":18,"enemies":"Time Eater","floor":51,"turns":9},{"damage":17,"enemies":"Shield and Spear","floor":55,"turns":6},{"damage":43,"enemies":"The Heart","floor":56,"turns":8}],"seed_played":"5283607646688947596","potions_obtained":[{"floor":11,"key":"PowerPotion"},{"floor":14,"key":"Fire Potion"},{"floor":18,"key":"SteroidPotion"},{"floor":19,"key":"PowerPotion"},{"floor":20,"key":"Fire Potion"},{"floor":24,"key":"Strength Potion"},{"floor":33,"key":"BloodPotion"},{"floor":39,"key":"SkillPotion"},{"floor":40,"key":"Strength Potion"},{"floor":46,"key":"GamblersBrew"},{"floor":55,"key":"LiquidBronze"}],"is_trial":false,"path_per_floor":["M","?","?","$","?","R","E","R","T","E","M","R","?","M","R","B",null,"M","M","M","$","M","R","E","R","T","R","M","E","T","E","R","B",null,"M","?","M","?","M","E","M","R","T","M","R","M","R","E","R","B","B",null,"R","$","E","B",null],"character_chosen":"IRONCLAD","items_purchased":["Offering","Disarm","AttackPotion","ClockworkSouvenir","Immolate","Corruption","Shrug It Off+1","Warcry+1","Strange Spoon","Shrug It Off+1","Happy Flower","SkillPotion","Blind+1"],"campfire_rested":2,"item_purchase_floors":[4,4,4,21,21,21,21,21,54,54,54,54,54],"current_hp_per_floor":[59,59,64,64,57,57,37,58,58,34,32,32,32,38,38,23,61,61,54,54,54,54,54,45,45,45,66,66,66,66,66,66,67,72,73,63,62,62,66,73,73,73,73,73,73,73,73,73,73,58,65,71,71,71,64,40],"gold":78,"neow_bonus":"TWO_FIFTY_GOLD","is_prod":false,"is_daily":false,"chose_seed":false,"campfire_upgraded":10,"win_rate":0,"timestamp":1555398066,"path_taken":["M","?","?","$","?","R","E","R","T","E","M","R","?","M","R","BOSS","M","M","M","$","M","R","E","R","T","R","M","E","?","E","R","BOSS","M","?","M","?","M","E","?","R","T","M","R","M","R","E","R","BOSS","BOSS","R","$","E","BOSS"],"build_version":"2019-01-23","purchased_purges":2,"victory":true,"max_hp_per_floor":[68,68,73,73,73,73,73,73,73,73,73,73,73,73,73,73,73,73,73,73,73,73,73,73,73,73,73,73,73,73,73,73,73,73,73,73,73,73,73,73,73,73,73,73,73,73,73,73,73,73,73,73,73,73,73,73],"card_choices":[{"not_picked":["Clash","Sword Boomerang"],"picked":"Pommel Strike","floor":1},{"not_picked":["Pommel Strike","Offering"],"picked":"Shockwave","floor":7},{"not_picked":["Intimidate+1","Pommel Strike"],"picked":"Exhume+1","floor":10},{"not_picked":["Iron Wave","Blood for Blood","Thunderclap"],"picked":"SKIP","floor":11},{"not_picked":["Clash","Combust"],"picked":"Sentinel+1","floor":14},{"not_picked":["Limit Break+1","Barricade"],"picked":"Impervious+1","floor":16},{"not_picked":["Bloodletting+1","Dual Wield+1"],"picked":"Shrug It Off+1","floor":18},{"not_picked":["Ghostly Armor+1","Fire Breathing"],"picked":"Headbutt","floor":19},{"not_picked":["Cleave","Warcry+1"],"picked":"Anger","floor":20},{"not_picked":["Perfected Strike","Rupture"],"picked":"Ghostly Armor+1","floor":22},{"not_picked":["Limit Break+1","Entrench+1"],"picked":"Flame Barrier+1","floor":24},{"not_picked":["Dual Wield+1","Carnage"],"picked":"Warcry+1","floor":27},{"not_picked":["Havoc+1","Armaments+1","Wild Strike"],"picked":"SKIP","floor":28},{"not_picked":["Blood for Blood","True Grit+1"],"picked":"Sentinel+1","floor":29},{"not_picked":["Thunderclap+1","Iron Wave"],"picked":"True Grit+1","floor":31},{"not_picked":["Demon Form","Bludgeon"],"picked":"Offering+1","floor":33},{"not_picked":["Twin Strike","Clothesline","Clash"],"picked":"SKIP","floor":35},{"not_picked":["Good Instincts+1","Bandage Up+1"],"picked":"Purity+1","floor":36},{"not_picked":["Anger","Ghostly Armor+1"],"picked":"Body Slam","floor":37},{"not_picked":["Cleave","Rage+1"],"picked":"Spot Weakness+1","floor":39},{"not_picked":["Wild Strike","Clothesline","Seeing Red+1"],"picked":"SKIP","floor":40},{"not_picked":["Entrench+1","Wild Strike"],"picked":"Warcry+1","floor":41},{"not_picked":["True Grit+1","Dropkick","Havoc+1"],"picked":"SKIP","floor":44},{"not_picked":["Spot Weakness+1","Pommel Strike","Twin Strike"],"picked":"SKIP","floor":46},{"not_picked":["Spot Weakness+1","Dual Wield+1","Reckless Charge"],"picked":"SKIP","floor":48},{"not_picked":["Iron Wave","Cleave","Combust"],"picked":"SKIP","floor":55}],"player_experience":944240,"relics_obtained":[{"floor":7,"key":"Toxic Egg 2"},{"floor":9,"key":"MawBank"},{"floor":10,"key":"Thread and Needle"},{"floor":24,"key":"Dead Branch"},{"floor":26,"key":"Dream Catcher"},{"floor":29,"key":"Orichalcum"},{"floor":30,"key":"Sundial"},{"floor":31,"key":"Pantograph"},{"floor":48,"key":"Red Skull"},{"floor":55,"key":"Kunai"}],"event_choices":[{"damage_healed":0,"gold_gain":150,"player_choice":"AGREE","damage_taken":0,"max_hp_gain":0,"max_hp_loss":0,"event_name":"Liars Game","floor":2,"gold_loss":0,"cards_obtained":["Doubt"]},{"damage_healed":0,"gold_gain":0,"player_choice":"Donut","damage_taken":0,"max_hp_gain":5,"max_hp_loss":0,"event_name":"Big Fish","floor":3,"gold_loss":0},{"cards_removed":["Strike_R"],"damage_healed":0,"gold_gain":0,"player_choice":"Card Removal","damage_taken":7,"max_hp_gain":0,"max_hp_loss":0,"event_name":"Golden Wing","floor":5,"gold_loss":0},{"cards_removed":["Strike_R"],"damage_healed":0,"gold_gain":0,"player_choice":"Purged","damage_taken":0,"max_hp_gain":0,"max_hp_loss":0,"event_name":"Purifier","floor":13,"gold_loss":0},{"damage_healed":0,"gold_gain":0,"player_choice":"Memory 3","damage_taken":10,"max_hp_gain":0,"max_hp_loss":0,"event_name":"SensoryStone","floor":36,"gold_loss":0},{"damage_healed":0,"gold_gain":300,"player_choice":"Gold","damage_taken":0,"max_hp_gain":0,"max_hp_loss":0,"event_name":"Wheel of Change","floor":38,"gold_loss":0}],"is_beta":false,"boss_relics":[{"not_picked":["Empty Cage","Runic Dome"],"picked":"White Beast Statue"},{"not_picked":["Runic Cube","Velvet Choker"],"picked":"Black Blood"}],"items_purged_floors":[4,54],"is_endless":false,"potions_floor_spawned":[11,14,18,19,20,22,24,28,29,31,33,35,37,39,40,41,44,46,48,55],"ascension_level":20}