{"gold_per_floor":[110,185,7,7,7,7,24,24,24,34,50,69,69,93,93,93],"floor_reached":16,"playtime":502,"items_purged":["Strike_B"],"score":99,"play_id":"230fe39a-6116-4b61-943d-bdefd0e3ba0d","local_time":"20181004182511","is_ascension_mode":true,"campfire_choices":[{"data":"Conserve Battery","floor":6,"key":"SMITH"},{"data":"Dualcast","floor":8,"key":"SMITH"},{"data":"Leap","floor":13,"key":"SMITH"},{"data":"Ball Lightning","floor":15,"key":"SMITH"}],"neow_cost":"NONE","seed_source_timestamp":427505274402687,"circlet_count":0,"master_deck":["Strike_B+1","Strike_B","Defend_B","Defend_B","Defend_B","Defend_B","Zap","Dualcast+1","BootSequence+1","Ball Lightning+1","Conserve Battery+1","Leap+1","Ball Lightning+1"],"relics":["Cracked Core","Molten Egg 2","Strawberry"],"potions_floor_usage":[16],"damage_taken":[{"damage":2,"enemies":"2 Louse","floor":1,"turns":2},{"damage":0,"enemies":"Jaw Worm","floor":7,"turns":2},{"damage":0,"enemies":"Small Slimes","floor":10,"turns":3},{"damage":0,"enemies":"Blue Slaver","floor":11,"turns":3},{"damage":0,"enemies":"Red Slaver","floor":12,"turns":3},{"damage":53,"enemies":"Slime Boss","floor":16,"turns":9}],"seed_played":"719775604769413925","potions_obtained":[{"floor":1,"key":"Weak Potion"},{"floor":10,"key":"Weak Potion"}],"is_trial":false,"path_per_floor":["M","?","$","?","?","R","M","R","T","M","M","M","R","T","R"],"character_chosen":"DEFECT","items_purchased":["Ball Lightning","Conserve Battery"],"campfire_rested":0,"item_purchase_floors":[3,3],"current_hp_per_floor":[80,69,69,62,46,46,46,46,46,46,46,46,46,53,53,0],"gold":93,"neow_bonus":"TEN_PERCENT_HP_BONUS","is_prod":false,"is_daily":false,"chose_seed":false,"campfire_upgraded":4,"win_rate":0,"timestamp":1538670311,"path_taken":["M","?","$","?","?","R","M","R","T","M","M","?","R","?","R","BOSS"],"build_version":"2018-09-27","purchased_purges":1,"victory":false,"max_hp_per_floor":[82,82,82,82,82,82,82,82,82,82,82,82,82,89,89,89],"card_choices":[{"not_picked":["Compile Driver","Redo"],"picked":"BootSequence","floor":1},{"not_picked":["Tempest","Coolheaded","Consume"],"picked":"SKIP","floor":7},{"not_picked":["Stack","Steam","Scrape+1"],"picked":"SKIP","floor":10},{"not_picked":["Force Field","Gash+1"],"picked":"Leap","floor":11},{"not_picked":["Streamline+1","Steam Power"],"picked":"Ball Lightning+1","floor":12}],"player_experience":141768,"relics_obtained":[{"floor":9,"key":"Molten Egg 2"},{"floor":14,"key":"Strawberry"}],"event_choices":[{"event_name":"World of Goop","player_choice":"Gather Gold","floor":2,"damage_taken":0},{"event_name":"Golden Wing","player_choice":"Card Removal","floor":4,"damage_taken":0},{"event_name":"Shining Light","player_choice":"Entered Light","floor":5,"damage_taken":0}],"is_beta":false,"boss_relics":[],"items_purged_floors":[3],"is_endless":false,"potions_floor_spawned":[1,10],"killed_by":"Slime Boss","ascension_level":2}