{"gold_per_floor":[114,114,125,75,89,89,122,122,145,177,196,196,28,96,96,191,191,206,206,206,223,223,223,251,251,251,251,261,271,271,284,284,385,385,404,255,267,267,267,267,283,283,357,357,411,421,437,457,457,457,457,457,5,38,38],"floor_reached":55,"playtime":3569,"items_purged":["Strike_B","Defend_B"],"score":670,"play_id":"6b469ff5-220c-48cf-b45f-638fbe0b1f9b","local_time":"20190421234801","is_ascension_mode":false,"campfire_choices":[{"data":"Beam Cell","floor":6,"key":"SMITH"},{"data":"Go for the Eyes","floor":8,"key":"SMITH"},{"data":"Redo","floor":12,"key":"SMITH"},{"data":"Dualcast","floor":15,"key":"SMITH"},{"data":"Echo Form","floor":23,"key":"SMITH"},{"data":"Glacier","floor":25,"key":"SMITH"},{"data":"Ball Lightning","floor":27,"key":"SMITH"},{"data":"Ghostly","floor":30,"key":"SMITH"},{"data":"Ghostly","floor":32,"key":"SMITH"},{"floor":40,"key":"RECALL"},{"data":"Fusion","floor":42,"key":"SMITH"},{"data":"Ghostly","floor":44,"key":"SMITH"},{"data":"Ghostly","floor":49,"key":"SMITH"},{"data":"Ghostly","floor":52,"key":"SMITH"}],"neow_cost":"NONE","seed_source_timestamp":29036498886008,"circlet_count":0,"master_deck":["Strike_B","Strike_B","Defend_B","Defend_B","Defend_B","Zap+1","Dualcast+1","Melter","Go for the Eyes+1","Beam Cell+1","BootSequence","Redo+1","Cold Snap","Ball Lightning+1","Echo Form+1","Glacier+1","Ghostly+1","Ghostly+1","Ghostly+1","Ghostly+1","Ghostly+1","Leap","Ball Lightning+1","Cold Snap+1","Sweeping Beam+1","Sweeping Beam+1","Go for the Eyes+1","Blizzard+1","Self Repair","Turbo+1","Fusion+1","Ball Lightning+1"],"relics":["Cracked Core","Boot","Omamori","Runic Pyramid","Orichalcum","Molten Egg 2","Pear","Black Star","Smiling Mask","Question Card","Thread and Needle","Vajra","Pantograph","Bottled Lightning","Du-Vu Doll"],"potions_floor_usage":[10,41,45,45,50,54],"damage_taken":[{"damage":0,"enemies":"Small Slimes","floor":1,"turns":2},{"damage":3,"enemies":"Jaw Worm","floor":3,"turns":3},{"damage":0,"enemies":"2 Louse","floor":5,"turns":2},{"damage":20,"enemies":"Lagavulin","floor":7,"turns":6},{"damage":7,"enemies":"Gremlin Nob","floor":10,"turns":5},{"damage":0,"enemies":"Red Slaver","floor":11,"turns":2},{"damage":14,"enemies":"Slime Boss","floor":16,"turns":13},{"damage":8,"enemies":"2 Thieves","floor":18,"turns":4},{"damage":0,"enemies":"Shell Parasite","floor":21,"turns":6},{"damage":7,"enemies":"Slavers","floor":24,"turns":8},{"damage":0,"enemies":"Sentry and Sphere","floor":28,"turns":3},{"damage":0,"enemies":"Chosen and Byrds","floor":29,"turns":8},{"damage":0,"enemies":"Centurion and Healer","floor":31,"turns":7},{"damage":25,"enemies":"Automaton","floor":33,"turns":13},{"damage":0,"enemies":"3 Darklings","floor":35,"turns":6},{"damage":0,"enemies":"Orb Walker","floor":37,"turns":5},{"damage":0,"enemies":"3 Darklings","floor":41,"turns":5},{"damage":17,"enemies":"2 Orb Walkers","floor":45,"turns":9},{"damage":11,"enemies":"Transient","floor":46,"turns":5},{"damage":0,"enemies":"Writhing Mass","floor":47,"turns":9},{"damage":5,"enemies":"Jaw Worm Horde","floor":48,"turns":5},{"damage":27,"enemies":"Awakened One","floor":50,"turns":21},{"damage":26,"enemies":"Shield and Spear","floor":54,"turns":10},{"damage":66,"enemies":"The Heart","floor":55,"turns":14}],"seed_played":"-756943870204995878","potions_obtained":[{"floor":1,"key":"GamblersBrew"},{"floor":7,"key":"Block Potion"},{"floor":10,"key":"GamblersBrew"},{"floor":16,"key":"Block Potion"},{"floor":33,"key":"Weak Potion"},{"floor":41,"key":"Fruit Juice"},{"floor":45,"key":"GamblersBrew"},{"floor":47,"key":"Swift Potion"}],"is_trial":false,"path_per_floor":["M","?","M","?","M","R","E","R","T","E","M","R","$","?","R","B",null,"M","?","T","M","?","R","E","R","T","R","M","M","R","M","R","B",null,"M","$","M","?","T","R","M","R","T","R","?","M","M","M","R","B",null,"R","$","E","B"],"character_chosen":"DEFECT","items_purchased":["Ball Lightning","Auto Shields","Blizzard+1","Self Repair","Vajra","Pantograph"],"campfire_rested":0,"item_purchase_floors":[13,13,36,36,53,53],"current_hp_per_floor":[82,82,79,79,79,79,59,59,59,52,52,52,52,52,52,38,82,74,41,41,41,35,35,28,28,38,38,38,38,38,38,38,13,51,51,51,51,51,51,51,56,56,56,56,53,49,56,56,56,36,56,56,56,44,0],"gold":38,"neow_bonus":"TEN_PERCENT_HP_BONUS","is_prod":false,"is_daily":false,"chose_seed":false,"campfire_upgraded":13,"win_rate":0,"timestamp":1555904881,"path_taken":["M","?","M","?","M","R","E","R","T","E","M","R","$","?","R","BOSS","M","?","?","M","?","R","E","R","T","R","M","M","R","M","R","BOSS","M","$","M","?","?","R","M","R","T","R","?","M","?","M","R","BOSS","R","$","E","BOSS"],"build_version":"2019-01-23","purchased_purges":2,"victory":false,"max_hp_per_floor":[82,82,82,82,82,82,82,82,82,82,82,82,82,82,82,82,82,82,41,41,41,41,41,41,41,51,51,51,51,51,51,51,51,51,51,51,51,51,51,51,56,56,56,56,56,56,56,56,56,56,56,56,56,56,56],"card_choices":[{"not_picked":["Barrage","Scrape"],"picked":"Melter","floor":1},{"not_picked":["Stack","Compile Driver"],"picked":"Go for the Eyes","floor":3},{"not_picked":["Undo","Amplify"],"picked":"Beam Cell","floor":5},{"not_picked":["Turbo","Steam"],"picked":"BootSequence","floor":7},{"not_picked":["Rebound","Barrage"],"picked":"Redo","floor":10},{"not_picked":["Streamline","Redo"],"picked":"Cold Snap","floor":11},{"not_picked":["Thunder Strike","Meteor Strike"],"picked":"Echo Form","floor":16},{"not_picked":["Auto Shields+1","Gash"],"picked":"Glacier","floor":18},{"not_picked":["Rebound","Auto Shields"],"picked":"Leap","floor":21},{"not_picked":["Compile Driver+1","BootSequence+1"],"picked":"Ball Lightning","floor":24},{"not_picked":["Rebound+1","Hologram+1"],"picked":"Cold Snap+1","floor":28},{"not_picked":["Auto Shields","Consume+1"],"picked":"Sweeping Beam+1","floor":29},{"not_picked":["Recycle","Coolheaded"],"picked":"Sweeping Beam+1","floor":31},{"not_picked":["Stack","Streamline+1"],"picked":"Go for the Eyes+1","floor":35},{"not_picked":["Streamline+1","Ball Lightning+1"],"picked":"Turbo+1","floor":37},{"not_picked":["Self Repair","Consume+1"],"picked":"Fusion","floor":41},{"not_picked":["Streamline+1","Beam Cell+1","Fission"],"picked":"Ball Lightning+1","floor":45},{"not_picked":["Leap+1","Gash+1","Consume","Glacier+1"],"picked":"SKIP","floor":46},{"not_picked":["Lockon+1","Loop","Rebound+1","Coolheaded"],"picked":"SKIP","floor":47},{"not_picked":["Go for the Eyes+1","Chill","Hologram+1","Sweeping Beam+1"],"picked":"SKIP","floor":48},{"not_picked":["Compile Driver+1","Steam Power+1","Beam Cell+1","Gash+1"],"picked":"SKIP","floor":54}],"player_experience":155302,"relics_obtained":[{"floor":7,"key":"Boot"},{"floor":10,"key":"Omamori"},{"floor":20,"key":"Orichalcum"},{"floor":24,"key":"Molten Egg 2"},{"floor":26,"key":"Pear"},{"floor":39,"key":"Smiling Mask"},{"floor":43,"key":"Question Card"},{"floor":45,"key":"Thread and Needle"},{"floor":54,"key":"Bottled Lightning"},{"floor":54,"key":"Du-Vu Doll"}],"event_choices":[{"damage_healed":0,"gold_gain":0,"player_choice":"Grow","damage_taken":0,"max_hp_gain":0,"max_hp_loss":0,"event_name":"Living Wall","floor":2,"gold_loss":0,"cards_upgraded":["Zap"]},{"cards_removed":["Strike_B"],"damage_healed":0,"gold_gain":0,"player_choice":"Card Removal","damage_taken":0,"max_hp_gain":0,"max_hp_loss":0,"event_name":"The Cleric","floor":4,"gold_loss":50},{"damage_healed":0,"gold_gain":68,"player_choice":"Gained Gold","damage_taken":0,"max_hp_gain":0,"max_hp_loss":0,"event_name":"Golden Wing","floor":14,"gold_loss":0},{"damage_healed":0,"gold_gain":0,"player_choice":"Became a Ghost","damage_taken":0,"max_hp_gain":0,"max_hp_loss":41,"event_name":"Ghosts","floor":19,"gold_loss":0,"cards_obtained":["Ghostly","Ghostly","Ghostly","Ghostly","Ghostly"]},{"damage_healed":0,"gold_gain":0,"player_choice":"","damage_taken":6,"max_hp_gain":0,"max_hp_loss":0,"event_name":"Knowing Skull","floor":22,"potions_obtained":[],"gold_loss":0,"cards_obtained":[]},{"cards_removed":["Auto Shields"],"damage_healed":0,"gold_gain":0,"player_choice":"Removed Skill","damage_taken":0,"max_hp_gain":0,"max_hp_loss":0,"event_name":"Falling","floor":38,"gold_loss":0},{"damage_healed":0,"gold_gain":0,"player_choice":"Fight","damage_taken":0,"max_hp_gain":0,"max_hp_loss":0,"event_name":"Mysterious Sphere","floor":45,"gold_loss":0}],"is_beta":false,"boss_relics":[{"not_picked":["Lizard Tail","Fusion Hammer"],"picked":"Runic Pyramid"},{"not_picked":["FrozenCore","Pandora\u0027s Box"],"picked":"Black Star"}],"items_purged_floors":[13,53],"is_endless":false,"potions_floor_spawned":[1,7,10,16,21,33,37,41,45,47],"killed_by":"The Heart","ascension_level":0}