{"gold_per_floor":[109,109,125,140,159,159,190,113,136,286,51,51,61,72,72,143,143,153,153,73,73,85,85,100,132,187,187,237,237],"floor_reached":29,"playtime":1267,"items_purged":["Doubt"],"score":486,"play_id":"3620bfb5-fac6-456e-bc15-0725775e4ffc","local_time":"20190505002351","is_ascension_mode":true,"campfire_choices":[{"data":"Neutralize","floor":6.0,"key":"SMITH"},{"data":"Footwork","floor":15.0,"key":"SMITH"},{"data":"Skewer","floor":23.0,"key":"SMITH"},{"floor":27,"key":"REST"}],"neow_cost":"NONE","seed_source_timestamp":1011937579600,"circlet_count":0,"master_deck":["AscendersBane","Defend_G","Defend_G","Defend_G","Defend_G","Defend_G","Strike_G","Strike_G","Strike_G","Strike_G","Survivor","Neutralize+1","Caltrops","Dagger Spray","Backflip","Tools of the Trade","Dash","Footwork+1","Footwork+1","Dodge and Roll","Dagger Throw","Burst","Leg Sweep","Skewer+1","Deflect+1","Shame"],"special_seed":0,"relics":["Ring of the Snake","NeowsBlessing","Potion Belt","Bag of Preparation","Cursed Key","Juzu Bracelet","Tiny Chest"],"potions_floor_usage":[25,25,25,29,29,29,29,29,29],"damage_taken":[{"damage":0.0,"enemies":"Small Slimes","floor":1.0,"turns":2.0},{"damage":0.0,"enemies":"Cultist","floor":3.0,"turns":1.0},{"damage":0.0,"enemies":"2 Louse","floor":4.0,"turns":1.0},{"damage":6.0,"enemies":"Red Slaver","floor":5.0,"turns":7.0},{"damage":17.0,"enemies":"3 Sentries","floor":7.0,"turns":9.0},{"damage":8.0,"enemies":"Looter","floor":13.0,"turns":4.0},{"damage":0.0,"enemies":"Lots of Slimes","floor":14.0,"turns":3.0},{"damage":19.0,"enemies":"Hexaghost","floor":16.0,"turns":16.0},{"damage":1.0,"enemies":"Spheric Guardian","floor":18.0,"turns":8.0},{"damage":2.0,"enemies":"2 Thieves","floor":20.0,"turns":4.0},{"damage":0.0,"enemies":"Shelled Parasite and Fungi","floor":22.0,"turns":11.0},{"damage":10.0,"enemies":"Snecko","floor":24.0,"turns":7.0},{"damage":26,"enemies":"Slavers","floor":25,"turns":8},{"damage":46,"enemies":"Gremlin Leader","floor":29,"turns":9}],"seed_played":"-8637932745967154777","potions_obtained":[{"floor":1.0,"key":"GhostInAJar"},{"floor":3.0,"key":"SpeedPotion"},{"floor":13.0,"key":"Poison Potion"},{"floor":14.0,"key":"GamblersBrew"},{"floor":22.0,"key":"LiquidBronze"},{"floor":25,"key":"EntropicBrew"}],"is_trial":false,"path_per_floor":["M","?","M","M","M","R","E","$","T","?","$","?","M","M","R","B",null,"M","?","M","?","M","R","M","E","T","R","?","E"],"character_chosen":"THE_SILENT","items_purchased":["Footwork","Bag of Preparation"],"campfire_rested":1,"item_purchase_floors":[8,11],"current_hp_per_floor":[59,59,59,59,53,53,36,36,36,36,36,36,28,28,28,9,52,51,45,43,43,43,43,33,7,7,26,26,0],"gold":237,"neow_bonus":"THREE_ENEMY_KILL","is_prod":false,"is_daily":false,"chose_seed":false,"campfire_upgraded":3,"win_rate":0,"timestamp":1557008631,"path_taken":["M","?","?","M","M","R","E","$","T","?","$","?","M","M","R","BOSS","M","?","?","?","M","R","?","E","T","R","?","E"],"build_version":"2019-01-23","purchased_purges":1,"victory":false,"max_hp_per_floor":[66,66,66,66,66,66,66,66,66,66,66,66,66,66,66,66,66,66,66,66,66,66,66,66,66,66,66,66,66],"card_choices":[{"not_picked":["Slice","Blade Dance"],"picked":"Caltrops","floor":1.0},{"not_picked":["Poisoned Stab","Slice"],"picked":"Backflip","floor":3.0},{"not_picked":["Predator","Accuracy"],"picked":"Tools of the Trade","floor":4.0},{"not_picked":["Sucker Punch","Blur"],"picked":"Dash","floor":5.0},{"not_picked":["Blade Dance","Wraith Form v2"],"picked":"Footwork","floor":7.0},{"not_picked":["Dagger Spray","Prepared"],"picked":"Dodge and Roll","floor":13.0},{"not_picked":["Escape Plan","Riddle With Holes"],"picked":"Dagger Throw","floor":14.0},{"not_picked":["Storm of Steel","Phantasmal Killer"],"picked":"Burst","floor":16.0},{"not_picked":["Sucker Punch","Expertise"],"picked":"Leg Sweep","floor":18.0},{"not_picked":["Bane+1","Cloak And Dagger"],"picked":"Skewer","floor":20.0},{"not_picked":["Caltrops","Eviscerate","Quick Slash"],"picked":"SKIP","floor":22.0},{"not_picked":["Cloak And Dagger","Slice","Sucker Punch"],"picked":"SKIP","floor":24.0},{"not_picked":["Prepared","Dagger Throw"],"picked":"Deflect+1","floor":25}],"player_experience":629832,"relics_obtained":[{"floor":7.0,"key":"Potion Belt"},{"floor":25,"key":"Juzu Bracelet"},{"floor":26,"key":"Tiny Chest"}],"event_choices":[{"damage_healed":0.0,"max_hp_gain":0.0,"max_hp_loss":0.0,"gold_gain":0.0,"cards_transformed":["Strike_G"],"event_name":"Transmorgrifier","player_choice":"Transformed","floor":2.0,"gold_loss":0.0,"damage_taken":0.0,"cards_obtained":["Dagger Spray"]},{"damage_healed":0.0,"max_hp_gain":0.0,"max_hp_loss":0.0,"gold_gain":150.0,"event_name":"Liars Game","player_choice":"AGREE","floor":10.0,"gold_loss":0.0,"damage_taken":0.0,"cards_obtained":["Doubt"]},{"damage_healed":0.0,"max_hp_gain":0.0,"max_hp_loss":0.0,"gold_gain":0.0,"event_name":"Accursed Blacksmith","player_choice":"Forge","floor":12.0,"gold_loss":0.0,"damage_taken":0.0,"cards_upgraded":["Footwork"]},{"damage_healed":0.0,"max_hp_gain":0.0,"max_hp_loss":0.0,"gold_gain":0.0,"event_name":"Knowing Skull","player_choice":"","floor":19.0,"potions_obtained":[],"gold_loss":0.0,"damage_taken":6.0,"cards_obtained":[]},{"damage_healed":0.0,"max_hp_gain":0.0,"max_hp_loss":0.0,"gold_gain":0.0,"event_name":"Match and Keep!","player_choice":"0 cards matched","floor":21.0,"gold_loss":0.0,"damage_taken":0.0,"cards_obtained":[]},{"damage_healed":0,"gold_gain":50,"player_choice":"Stole From Cult","damage_taken":0,"max_hp_gain":0,"max_hp_loss":0,"event_name":"Nest","floor":28,"gold_loss":0}],"is_beta":false,"boss_relics":[{"not_picked":["Tiny House","Pandora\u0027s Box"],"picked":"Cursed Key"}],"items_purged_floors":[11],"is_endless":false,"potions_floor_spawned":[1,3,13,14,22,25],"killed_by":"Gremlin Leader","ascension_level":20}