{"gold_per_floor":[118,128,128,3,15,15,34,34,34,48,63,63,93,103,103,208,208,228,239,139,158,158],"floor_reached":22,"playtime":1207,"items_purged":["Dualcast","Strike_B"],"score":180,"play_id":"bf6196a7-069b-4ac0-800d-be1d13c63ce8","local_time":"20180818002421","is_ascension_mode":false,"campfire_choices":[{"data":"Zap","floor":6,"key":"SMITH"},{"data":"Hologram","floor":12,"key":"SMITH"},{"floor":15,"key":"REST"}],"neow_cost":"NONE","seed_source_timestamp":41211690932228,"circlet_count":0,"master_deck":["Strike_B","Strike_B","Strike_B","Defend_B","Defend_B","Defend_B","Defend_B","Zap+1","Turbo","Hologram+1","Steam Power","Glacier","Static Discharge","Gash","Gash","Blizzard","Creative AI","Reboot"],"relics":["Orrery"],"potions_floor_usage":[11,18,19,21,21,21],"damage_taken":[{"damage":1,"enemies":"2 Louse","floor":1,"turns":4},{"damage":0,"enemies":"Cultist","floor":2,"turns":4},{"damage":1,"enemies":"Small Slimes","floor":5,"turns":4},{"damage":0,"enemies":"Looter","floor":7,"turns":4},{"damage":19,"enemies":"Large Slime","floor":10,"turns":7},{"damage":13,"enemies":"3 Louse","floor":11,"turns":4},{"damage":12,"enemies":"Looter","floor":14,"turns":4},{"damage":43,"enemies":"Hexaghost","floor":16,"turns":8},{"damage":34,"enemies":"Shell Parasite","floor":18,"turns":6},{"damage":30,"enemies":"3 Byrds","floor":19,"turns":5},{"damage":11,"enemies":"Cultist and Chosen","floor":21,"turns":10},{"damage":16,"enemies":"Snake Plant","floor":22,"turns":2}],"seed_played":"-5358184131699851556","potions_obtained":[{"floor":1,"key":"FocusPotion"},{"floor":5,"key":"Regen Potion"},{"floor":14,"key":"Explosive Potion"},{"floor":16,"key":"GamblersBrew"},{"floor":18,"key":"Swift Potion"},{"floor":19,"key":"Regen Potion"}],"is_trial":false,"path_per_floor":["M","M","?","$","M","R","M","$","T","M","M","R","?","M","R","B",null,"M","M","$","M"],"character_chosen":"DEFECT","items_purchased":["Gash"],"campfire_rested":1,"item_purchase_floors":[4],"current_hp_per_floor":[74,74,74,74,73,73,73,73,73,54,50,50,50,38,60,17,75,41,11,11,15,0],"gold":158,"neow_bonus":"BOSS_RELIC","is_prod":false,"is_daily":false,"chose_seed":false,"campfire_upgraded":2,"win_rate":0,"timestamp":1534523061,"path_taken":["M","M","?","$","M","R","M","$","T","M","M","R","?","M","R","BOSS","M","M","$","M","M"],"build_version":"2018-08-16","purchased_purges":2,"victory":false,"max_hp_per_floor":[75,75,75,75,75,75,75,75,75,75,75,75,75,75,75,75,75,75,75,75,75,75],"card_choices":[{"not_picked":["BootSequence","Leap"],"picked":"Turbo","floor":0},{"not_picked":["Defragment","Coolheaded"],"picked":"Loop","floor":0},{"not_picked":["Leap","Steam"],"picked":"Hologram","floor":0},{"not_picked":["Cold Snap","FTL"],"picked":"Steam Power","floor":0},{"not_picked":["Capacitor","Barrage"],"picked":"Glacier","floor":0},{"not_picked":["Hologram","Multi-Cast"],"picked":"Static Discharge","floor":1},{"not_picked":["Redo","Recycle"],"picked":"Gash","floor":2},{"not_picked":["Hello World","Conserve Battery","Compile Driver"],"picked":"SKIP","floor":5},{"not_picked":["Stack","Conserve Battery","Storm"],"picked":"SKIP","floor":7},{"not_picked":["Reprogram","Compile Driver","Capacitor"],"picked":"SKIP","floor":10},{"not_picked":["Chaos","FTL"],"picked":"Blizzard","floor":11},{"not_picked":["Stack","Loop","Conserve Battery"],"picked":"SKIP","floor":14},{"not_picked":["Buffer","Amplify"],"picked":"Creative AI","floor":16},{"not_picked":["Scrape","Sweeping Beam","Glacier"],"picked":"SKIP","floor":18},{"not_picked":["Turbo","Recycle","Cold Snap"],"picked":"SKIP","floor":19},{"not_picked":["Conserve Battery","Go for the Eyes"],"picked":"Reboot","floor":21}],"player_experience":308788,"relics_obtained":[],"event_choices":[{"event_name":"Purifier","player_choice":"One Purge","floor":3,"damage_taken":0},{"event_name":"Dead Adventurer","player_choice":"Searched \u00271\u0027 times","floor":13,"damage_taken":0}],"is_beta":false,"boss_relics":[{"not_picked":["Lizard Tail","Philosopher\u0027s Stone","Black Star"]}],"items_purged_floors":[4,20],"is_endless":false,"potions_floor_spawned":[1,5,14,16,18,19],"killed_by":"Snake Plant","ascension_level":0}