{"gold_per_floor":[112,62,62,131,141,141,153,173,228,228,238,250,94,125,125,225,225,237,249,174,190,190,190,209,209,266,19,0,18,18,18],"floor_reached":31,"playtime":793,"items_purged":["Strike_G"],"score":237,"play_id":"7b6e868a-f990-41db-9f2a-6f931a5dbd61","local_time":"20190504202316","is_ascension_mode":false,"campfire_choices":[{"data":"Neutralize","floor":6,"key":"SMITH"},{"floor":10,"key":"REST"},{"floor":15,"key":"REST"},{"floor":23,"key":"REST"},{"floor":25,"key":"REST"}],"neow_cost":"NONE","seed_source_timestamp":95761055179900,"circlet_count":0,"master_deck":["Survivor","Neutralize+1","Dagger Spray","PiercingWail","Caltrops","Deadly Poison","Dagger Throw","Noxious Fumes","Riddle With Holes","Deadly Poison","Unload","Distraction","Bouncing Flask","Choke","Setup","Underhanded Strike","Dagger Spray+1","Footwork","Writhe","PiercingWail","Poisoned Stab"],"relics":["Ring of the Snake","Kunai","Boot","Pandora\u0027s Box","Regal Pillow","Tiny Chest","Pantograph"],"potions_floor_usage":[16,24,31],"damage_taken":[{"damage":4,"enemies":"2 Louse","floor":1,"turns":2},{"damage":13,"enemies":"Jaw Worm","floor":5,"turns":4},{"damage":0,"enemies":"Cultist","floor":7,"turns":4},{"damage":5,"enemies":"2 Fungi Beasts","floor":8,"turns":4},{"damage":1,"enemies":"3 Louse","floor":11,"turns":2},{"damage":12,"enemies":"Large Slime","floor":12,"turns":6},{"damage":20,"enemies":"Lagavulin","floor":14,"turns":6},{"damage":14,"enemies":"Hexaghost","floor":16,"turns":8},{"damage":22,"enemies":"3 Byrds","floor":18,"turns":3},{"damage":9,"enemies":"Chosen","floor":19,"turns":4},{"damage":21,"enemies":"Snecko","floor":21,"turns":5},{"damage":36,"enemies":"Centurion and Healer","floor":24,"turns":6},{"damage":30,"enemies":"3 Cultists","floor":29,"turns":5},{"damage":11,"enemies":"Chosen and Byrds","floor":31,"turns":4}],"seed_played":"1940042038264142392","potions_obtained":[{"floor":7,"key":"Weak Potion"},{"floor":8,"key":"SkillPotion"},{"floor":12,"key":"Ancient Potion"},{"floor":14,"key":"Swift Potion"},{"floor":18,"key":"EssenceOfSteel"},{"floor":21,"key":"SpeedPotion"}],"is_trial":false,"path_per_floor":["M","?","?","T","M","R","M","M","T","R","M","M","$","E","R","B",null,"M","M","?","M","?","R","M","R","T","$","?","M","?","M"],"character_chosen":"THE_SILENT","items_purchased":["Noxious Fumes","Pantograph"],"campfire_rested":4,"item_purchase_floors":[13,27],"current_hp_per_floor":[66,66,52,52,39,39,39,34,34,55,54,42,42,22,43,29,70,48,39,39,18,18,54,18,54,54,54,54,24,11,0],"gold":18,"neow_bonus":"THREE_CARDS","is_prod":false,"is_daily":false,"chose_seed":false,"campfire_upgraded":1,"win_rate":0,"timestamp":1557015796,"path_taken":["M","?","?","?","M","R","M","M","T","R","M","M","$","E","R","BOSS","M","?","?","M","?","R","M","R","T","$","?","M","?","M"],"build_version":"2019-01-23","purchased_purges":1,"victory":false,"max_hp_per_floor":[70,70,70,70,70,70,70,70,70,70,70,70,70,70,70,70,70,70,70,70,70,70,70,70,70,70,70,70,70,75,75],"card_choices":[{"not_picked":["Acrobatics","Slice"],"picked":"Dagger Spray","floor":0},{"not_picked":["Distraction","Sucker Punch"],"picked":"PiercingWail","floor":1},{"not_picked":["Slice","Dagger Throw"],"picked":"Caltrops","floor":5},{"not_picked":["Dodge and Roll","Predator"],"picked":"Deadly Poison","floor":7},{"not_picked":["Slice","Bane"],"picked":"Dagger Throw","floor":8},{"not_picked":["Underhanded Strike","Bane","Flying Knee"],"picked":"SKIP","floor":11},{"not_picked":["Outmaneuver","Quick Slash","Slice"],"picked":"SKIP","floor":12},{"not_picked":["Slice","Deflect"],"picked":"Riddle With Holes","floor":14},{"not_picked":["Heel Hook","Prepared","Tactician"],"picked":"SKIP","floor":18},{"not_picked":["Backflip","All Out Attack"],"picked":"Dagger Spray+1","floor":19},{"not_picked":["Blur","Reflex"],"picked":"Footwork","floor":21},{"not_picked":["Quick Slash","Cloak And Dagger"],"picked":"PiercingWail","floor":24},{"not_picked":["Slice","Outmaneuver"],"picked":"Poisoned Stab","floor":29}],"player_experience":90647,"relics_obtained":[{"floor":4,"key":"Kunai"},{"floor":14,"key":"Boot"},{"floor":26,"key":"Tiny Chest"}],"event_choices":[{"cards_removed":["Strike_G"],"damage_healed":0,"gold_gain":0,"player_choice":"Card Removal","damage_taken":0,"max_hp_gain":0,"max_hp_loss":0,"event_name":"The Cleric","floor":2,"gold_loss":50},{"damage_healed":0,"gold_gain":0,"player_choice":"Entered Light","damage_taken":14,"max_hp_gain":0,"max_hp_loss":0,"event_name":"Shining Light","floor":3,"gold_loss":0,"cards_upgraded":["Defend_G","Strike_G"]},{"cards_removed":["Finisher"],"damage_healed":0,"gold_gain":0,"player_choice":"Gave Gold","damage_taken":0,"max_hp_gain":0,"max_hp_loss":0,"event_name":"Beggar","floor":20,"gold_loss":75},{"damage_healed":0,"gold_gain":0,"player_choice":"Opened","damage_taken":0,"relics_obtained":["Regal Pillow"],"max_hp_gain":0,"max_hp_loss":0,"event_name":"The Mausoleum","floor":22,"gold_loss":0,"cards_obtained":["Writhe"]},{"damage_healed":0,"gold_gain":0,"player_choice":"Paid Fearfully","damage_taken":0,"max_hp_gain":0,"max_hp_loss":0,"event_name":"Masked Bandits","floor":28,"gold_loss":19},{"damage_healed":0,"gold_gain":0,"player_choice":"Shed Blood","damage_taken":18,"max_hp_gain":5,"max_hp_loss":0,"event_name":"Forgotten Altar","floor":30,"gold_loss":0}],"is_beta":false,"boss_relics":[{"not_picked":["Ectoplasm","Coffee Dripper"],"picked":"Pandora\u0027s Box"}],"items_purged_floors":[13],"is_endless":false,"potions_floor_spawned":[7,8,12,14,18,21],"killed_by":"Chosen and Byrds","ascension_level":0}