{"gold_per_floor":[361,96,112,130,142,142,142,200,227,257,276,304,331,20,20,20],"floor_reached":16,"playtime":1039,"items_purged":["Regret","Strike_R"],"score":171,"play_id":"02b6bbdf-b375-401b-89eb-10aebf4e475f","local_time":"20181125155828","is_ascension_mode":true,"campfire_choices":[{"floor":6,"key":"RECALL"},{"floor":15,"key":"REST"}],"neow_cost":"CURSE","seed_source_timestamp":941056625042410,"circlet_count":0,"master_deck":["Strike_R","Strike_R","Strike_R","Strike_R","Defend_R","Defend_R","Defend_R","Defend_R","Bash","Warcry","Metallicize","Metallicize","Cleave","Offering","Spot Weakness","Entrench","Flex","Master of Strategy"],"relics":["Burning Blood","Sling","PreservedInsect","Tiny Chest","WingedGreaves","Calipers","Meat on the Bone"],"potions_floor_usage":[8],"damage_taken":[{"damage":20,"enemies":"Jaw Worm","floor":1,"turns":4},{"damage":6,"enemies":"Cultist","floor":3,"turns":3},{"damage":0,"enemies":"Small Slimes","floor":4,"turns":3},{"damage":16,"enemies":"Exordium Wildlife","floor":5,"turns":4},{"damage":34,"enemies":"Lagavulin","floor":8,"turns":6},{"damage":6,"enemies":"Gremlin Nob","floor":10,"turns":3},{"damage":16,"enemies":"2 Fungi Beasts","floor":11,"turns":4},{"damage":25,"enemies":"Lagavulin","floor":12,"turns":5},{"damage":10,"enemies":"3 Sentries","floor":13,"turns":6},{"damage":45,"enemies":"The Guardian","floor":16,"turns":14}],"seed_played":"5912489060038393013","potions_obtained":[{"floor":1,"key":"BloodPotion"},{"floor":3,"key":"FearPotion"},{"floor":12,"key":"FairyPotion"}],"is_trial":false,"path_per_floor":["M","$","M","M","M","R","?","E","T","E","M","E","E","$","R","B"],"character_chosen":"IRONCLAD","items_purchased":["Sling","Flex","Master of Strategy"],"campfire_rested":1,"item_purchase_floors":[2,14,14],"current_hp_per_floor":[66,66,66,72,62,62,62,42,42,42,32,13,9,9,33,0],"gold":20,"neow_bonus":"TWO_FIFTY_GOLD","is_prod":false,"is_daily":false,"chose_seed":false,"campfire_upgraded":0,"win_rate":0,"timestamp":1543179508,"path_taken":["M","$","M","M","M","R","?","E","T","E","?","E","E","$","R","BOSS"],"build_version":"2018-11-15","purchased_purges":2,"victory":false,"max_hp_per_floor":[80,80,80,80,80,80,80,80,80,80,80,80,80,80,80,80],"card_choices":[{"not_picked":["Anger","Searing Blow"],"picked":"Warcry","floor":1},{"not_picked":["Sword Boomerang","Reckless Charge"],"picked":"Metallicize","floor":3},{"not_picked":["Battle Trance","Flex"],"picked":"Metallicize","floor":4},{"not_picked":["Shrug It Off","Heavy Blade"],"picked":"Cleave","floor":5},{"not_picked":["Exhume","Infernal Blade"],"picked":"Offering","floor":8},{"not_picked":["Cleave","Anger","Body Slam"],"picked":"SKIP","floor":10},{"not_picked":["Hemokinesis","Clothesline"],"picked":"Spot Weakness","floor":11},{"not_picked":["Pommel Strike","Thunderclap"],"picked":"Entrench","floor":12},{"not_picked":["Double Tap","Cleave","Pummel"],"picked":"SKIP","floor":13}],"player_experience":61295,"relics_obtained":[{"floor":8,"key":"Tiny Chest"},{"floor":10,"key":"WingedGreaves"},{"floor":12,"key":"Calipers"},{"floor":13,"key":"Meat on the Bone"}],"event_choices":[{"damage_healed":0,"gold_gain":0,"player_choice":"Gave Potion","damage_taken":0,"relics_obtained":["PreservedInsect"],"max_hp_gain":0,"max_hp_loss":0,"event_name":"WeMeetAgain","floor":7,"gold_loss":0}],"is_beta":false,"boss_relics":[],"items_purged_floors":[2,14],"is_endless":false,"potions_floor_spawned":[1,3,12],"killed_by":"The Guardian","ascension_level":2}