{"gold_per_floor":[216,166,182,192,84,84,109,109,180,180,195,165,185,81,81,180,180,149,163,179,179,179,179],"floor_reached":23,"playtime":1277,"items_purged":[],"score":220,"play_id":"0a4d8476-b1bb-42e8-9d30-8192192c4c22","local_time":"20190508234101","is_ascension_mode":true,"campfire_choices":[{"data":"Genetic Algorithm","floor":6.0,"key":"SMITH"},{"data":"Loop","floor":15.0,"key":"SMITH"}],"neow_cost":"NONE","seed_source_timestamp":912048354610891,"circlet_count":0,"master_deck":["Strike_B","Strike_B","Defend_B","Defend_B","Defend_B","Defend_B","Zap","Dualcast","Go for the Eyes","Conserve Battery","Cold Snap","Genetic Algorithm+1","Rebound","Loop+1","Conserve Battery","Steam","Self Repair","Thunder Strike","Coolheaded","Beam Cell","Undo","Double Energy","White Noise","Doom and Gloom+1","Auto Shields"],"special_seed":0,"relics":["Cracked Core","Potion Belt","Juzu Bracelet","Matryoshka","Orrery"],"potions_floor_usage":[18,18],"damage_taken":[{"damage":17.0,"enemies":"Small Slimes","floor":1.0,"turns":3.0},{"damage":1.0,"enemies":"2 Louse","floor":3.0,"turns":2.0},{"damage":0.0,"enemies":"Cultist","floor":4.0,"turns":3.0},{"damage":7.0,"enemies":"3 Sentries","floor":7.0,"turns":7.0},{"damage":9.0,"enemies":"Exordium Thugs","floor":11.0,"turns":5.0},{"damage":4.0,"enemies":"Looter","floor":12.0,"turns":4.0},{"damage":6.0,"enemies":"3 Louse","floor":13.0,"turns":3.0},{"damage":13.0,"enemies":"Hexaghost","floor":16.0,"turns":14.0},{"damage":4,"enemies":"2 Thieves","floor":18,"turns":5},{"damage":13,"enemies":"Shell Parasite","floor":19,"turns":7},{"damage":22,"enemies":"Centurion and Healer","floor":20,"turns":11},{"damage":50,"enemies":"Gremlin Leader","floor":23,"turns":6}],"seed_played":"-3837823924494041800","potions_obtained":[{"floor":1.0,"key":"SteroidPotion"},{"floor":4.0,"key":"Fire Potion"},{"floor":11.0,"key":"SteroidPotion"},{"floor":16.0,"key":"SkillPotion"},{"floor":20,"key":"LiquidBronze"}],"is_trial":false,"path_per_floor":["M","?","M","M","$","R","E","?","T","?","M","M","M","$","R","B",null,"M","M","M","?","?","E"],"character_chosen":"DEFECT","items_purchased":["Genetic Algorithm","Rebound","Steam","Self Repair"],"campfire_rested":0,"item_purchase_floors":[5,5,14,14],"current_hp_per_floor":[58,58,57,57,57,57,50,38,38,38,29,25,19,19,19,13,75,75,69,54,47,47,0],"gold":179,"neow_bonus":"HUNDRED_GOLD","is_prod":false,"is_daily":false,"chose_seed":false,"campfire_upgraded":2,"win_rate":0,"timestamp":1557373261,"path_taken":["M","?","M","M","$","R","E","?","T","?","M","M","M","$","R","BOSS","M","M","M","?","?","E"],"build_version":"2019-01-23","purchased_purges":0,"victory":false,"max_hp_per_floor":[75,75,75,75,75,75,75,75,75,75,75,75,75,75,75,75,75,75,75,75,75,75,75],"card_choices":[{"not_picked":["Steam","Beam Cell"],"picked":"Go for the Eyes","floor":1.0},{"not_picked":["Fusion","Hello World"],"picked":"Conserve Battery","floor":3.0},{"not_picked":["Chaos","Go for the Eyes"],"picked":"Cold Snap","floor":4.0},{"not_picked":["Stack","Consume"],"picked":"Loop","floor":7.0},{"not_picked":["Leap","Reprogram"],"picked":"Conserve Battery","floor":11.0},{"not_picked":["Scrape","BootSequence","Sweeping Beam"],"picked":"SKIP","floor":12.0},{"not_picked":["Aggregate","Double Energy","Barrage"],"picked":"SKIP","floor":13.0},{"not_picked":["All For One","Meteor Strike"],"picked":"Thunder Strike","floor":16.0},{"not_picked":["Ball Lightning","Compile Driver"],"picked":"Coolheaded","floor":17.0},{"not_picked":["Gash","Steam"],"picked":"Beam Cell","floor":17.0},{"not_picked":["Redo","White Noise"],"picked":"Undo","floor":17.0},{"not_picked":["Blizzard","Aggregate"],"picked":"Double Energy","floor":17.0},{"not_picked":["Streamline","Barrage"],"picked":"White Noise","floor":18},{"not_picked":["Barrage+1","Skim"],"picked":"Doom and Gloom+1","floor":19},{"not_picked":["Redo","Streamline"],"picked":"Auto Shields","floor":20}],"player_experience":224205,"relics_obtained":[{"floor":7.0,"key":"Potion Belt"},{"floor":9.0,"key":"Matryoshka"}],"event_choices":[{"cards_removed":["Strike_B"],"damage_healed":0.0,"max_hp_gain":0.0,"max_hp_loss":0.0,"gold_gain":0.0,"event_name":"The Cleric","player_choice":"Card Removal","floor":2.0,"gold_loss":50.0,"damage_taken":0.0},{"damage_healed":0.0,"max_hp_gain":0.0,"max_hp_loss":0.0,"gold_gain":0.0,"event_name":"Scrap Ooze","player_choice":"Success","floor":8.0,"gold_loss":0.0,"damage_taken":12.0,"relics_obtained":["Juzu Bracelet"]},{"cards_removed":["Strike_B"],"damage_healed":0.0,"max_hp_gain":0.0,"max_hp_loss":0.0,"gold_gain":0.0,"event_name":"Purifier","player_choice":"Purged","floor":10.0,"gold_loss":0.0,"damage_taken":0.0},{"damage_healed":0,"gold_gain":0,"player_choice":"","damage_taken":7,"max_hp_gain":0,"max_hp_loss":0,"event_name":"Knowing Skull","floor":21,"potions_obtained":[],"gold_loss":0,"cards_obtained":[]},{"damage_healed":0,"gold_gain":0,"player_choice":"Ignored","damage_taken":0,"max_hp_gain":0,"max_hp_loss":0,"event_name":"Cursed Tome","floor":22,"gold_loss":0}],"is_beta":false,"boss_relics":[{"not_picked":["Calling Bell","FrozenCore"],"picked":"Orrery"}],"items_purged_floors":[],"is_endless":false,"potions_floor_spawned":[1,4,11,16,20],"killed_by":"Gremlin Leader","ascension_level":3}