{"gold_per_floor":[117,40,115,115,127,127,3,3,52,70,105,120,120],"floor_reached":13,"playtime":354,"items_purged":[],"score":162,"play_id":"fb620b6d-e33c-46ba-8f26-474c9da46141","local_time":"20190409224319","is_ascension_mode":true,"campfire_choices":[{"data":"Consume","floor":6,"key":"SMITH"}],"neow_cost":"NONE","seed_source_timestamp":862145834549200,"circlet_count":0,"master_deck":["AscendersBane","Strike_B","Strike_B","Strike_B","Strike_B","Defend_B","Defend_B","Defend_B","Zap","Dualcast","Coolheaded","Consume+1","Coolheaded","Defragment","Chill","Tempest","Rebound","Streamline"],"relics":["White Beast Statue","Juzu Bracelet","Pen Nib"],"potions_floor_usage":[5,10,11,13],"damage_taken":[{"damage":14,"enemies":"Jaw Worm","floor":1,"turns":4},{"damage":0,"enemies":"Small Slimes","floor":5,"turns":3},{"damage":0,"enemies":"Cultist","floor":10,"turns":4},{"damage":15,"enemies":"Lagavulin","floor":11,"turns":8},{"damage":9,"enemies":"Red Slaver","floor":12,"turns":5},{"damage":15,"enemies":"3 Sentries","floor":13,"turns":6}],"seed_played":"-4339570843551365456","potions_obtained":[{"floor":1,"key":"Explosive Potion"},{"floor":4,"key":"AttackPotion"},{"floor":5,"key":"Ancient Potion"},{"floor":10,"key":"Dexterity Potion"},{"floor":11,"key":"SkillPotion"}],"is_trial":false,"path_per_floor":["M","$","?","?","M","R","$","?","T","M","E","M","E"],"character_chosen":"DEFECT","items_purchased":["Consume","Defragment","Chill"],"campfire_rested":0,"item_purchase_floors":[2,7,7],"current_hp_per_floor":[50,50,39,39,39,39,39,39,39,39,24,15,0],"gold":120,"neow_bonus":"BOSS_RELIC","is_prod":false,"is_daily":false,"chose_seed":false,"campfire_upgraded":1,"win_rate":0,"timestamp":1554842599,"path_taken":["M","$","?","?","?","R","?","?","T","M","E","M","E"],"build_version":"2019-01-23","purchased_purges":0,"victory":false,"max_hp_per_floor":[71,71,71,71,71,71,71,71,71,71,71,71,71],"card_choices":[{"not_picked":["Reinforced Body","Beam Cell"],"picked":"Coolheaded","floor":1},{"not_picked":["Double Energy","Stack"],"picked":"Coolheaded","floor":5},{"not_picked":["Hologram","Conserve Battery"],"picked":"Tempest","floor":10},{"not_picked":["Sweeping Beam","Hologram"],"picked":"Rebound","floor":11},{"not_picked":["Turbo","Beam Cell"],"picked":"Streamline","floor":12}],"player_experience":527450,"relics_obtained":[{"floor":9,"key":"Juzu Bracelet"},{"floor":11,"key":"Pen Nib"}],"event_choices":[{"damage_healed":0,"gold_gain":75,"player_choice":"Gather Gold","damage_taken":11,"max_hp_gain":0,"max_hp_loss":0,"event_name":"World of Goop","floor":3,"gold_loss":0},{"damage_healed":0,"gold_gain":0,"player_choice":"Got Potions","damage_taken":0,"max_hp_gain":0,"max_hp_loss":0,"event_name":"Lab","floor":4,"gold_loss":0},{"cards_removed":["Defend_B"],"damage_healed":0,"gold_gain":0,"player_choice":"Offered Basic","damage_taken":0,"max_hp_gain":0,"max_hp_loss":0,"event_name":"Bonfire Elementals","floor":8,"gold_loss":0}],"is_beta":false,"boss_relics":[],"items_purged_floors":[],"is_endless":false,"potions_floor_spawned":[1,5,10,11,12],"killed_by":"3 Sentries","ascension_level":19}