{"gold_per_floor":[118,43,43,58,72,99,99,117,142,142,142,142,42,61,61,159,159,177,177,52,52,66,66,393,89,112,112],"floor_reached":27,"playtime":813,"items_purged":["Strike_R","Shrug It Off","Offering","Sword Boomerang"],"score":229,"play_id":"eb74f82d-ad92-461a-8c7b-38e3e738a657","local_time":"20190511192515","is_ascension_mode":false,"campfire_choices":[{"data":"Bash","floor":7,"key":"SMITH"},{"data":"Ghostly Armor","floor":10,"key":"SMITH"},{"data":"Defend_R","floor":15,"key":"SMITH"},{"data":"Flex","floor":23,"key":"SMITH"}],"neow_cost":"NONE","seed_source_timestamp":432394240065344,"circlet_count":0,"master_deck":["Bash+1","Ghostly Armor+1","Offering","Power Through","Flex+1","Heavy Blade","Rupture"],"relics":["Burning Blood","Vajra","Juzu Bracelet","Bronze Scales","Pandora\u0027s Box","Old Coin","Anchor","Blood Vial"],"potions_floor_usage":[6,16,18,27],"damage_taken":[{"damage":17,"enemies":"Small Slimes","floor":1,"turns":4},{"damage":1,"enemies":"2 Louse","floor":4,"turns":4},{"damage":1,"enemies":"Jaw Worm","floor":5,"turns":4},{"damage":51,"enemies":"Lagavulin","floor":6,"turns":8},{"damage":0,"enemies":"3 Louse","floor":8,"turns":5},{"damage":13,"enemies":"Exordium Wildlife","floor":14,"turns":3},{"damage":33,"enemies":"Hexaghost","floor":16,"turns":10},{"damage":0,"enemies":"3 Byrds","floor":18,"turns":1},{"damage":6,"enemies":"Chosen","floor":22,"turns":3},{"damage":32,"enemies":"Slavers","floor":24,"turns":6},{"damage":48,"enemies":"Gremlin Leader","floor":27,"turns":8}],"seed_played":"81409917007710914","potions_obtained":[{"floor":4,"key":"PowerPotion"},{"floor":6,"key":"Fire Potion"},{"floor":8,"key":"SpeedPotion"},{"floor":16,"key":"LiquidBronze"},{"floor":22,"key":"Ancient Potion"}],"is_trial":false,"path_per_floor":["M","$","?","M","M","E","R","M","T","R","?","?","$","M","R","B",null,"M","?","$","?","M","R","E","$","T","E"],"character_chosen":"IRONCLAD","items_purchased":["Anchor"],"campfire_rested":0,"item_purchase_floors":[25],"current_hp_per_floor":[77,77,77,82,87,42,42,48,48,48,77,77,77,70,70,43,88,88,71,71,71,71,71,45,45,45,0],"gold":112,"neow_bonus":"TEN_PERCENT_HP_BONUS","is_prod":false,"is_daily":false,"chose_seed":false,"campfire_upgraded":4,"win_rate":0,"timestamp":1557617115,"path_taken":["M","$","?","M","M","E","R","M","T","R","?","?","?","M","R","BOSS","M","?","$","?","M","R","E","$","T","E"],"build_version":"2019-01-23","purchased_purges":4,"victory":false,"max_hp_per_floor":[88,88,88,88,88,88,88,88,88,88,88,88,88,88,88,88,88,88,93,93,93,93,93,93,93,93,93],"card_choices":[{"not_picked":["Clash","Anger","Headbutt"],"picked":"SKIP","floor":1},{"not_picked":["Sword Boomerang","True Grit"],"picked":"Ghostly Armor","floor":4},{"not_picked":["Thunderclap","Twin Strike"],"picked":"Shrug It Off","floor":5},{"not_picked":["Perfected Strike","Havoc","Blood for Blood"],"picked":"SKIP","floor":6},{"not_picked":["Clash","Feed","Clothesline"],"picked":"SKIP","floor":8},{"not_picked":["Warcry","Heavy Blade","Headbutt"],"picked":"SKIP","floor":14},{"not_picked":["Sword Boomerang","Havoc","Thunderclap"],"picked":"SKIP","floor":18},{"not_picked":["Rupture","Corruption","Heavy Blade"],"picked":"SKIP","floor":22},{"not_picked":["Rupture+1","Uppercut+1","Perfected Strike"],"picked":"SKIP","floor":24}],"player_experience":124546,"relics_obtained":[{"floor":6,"key":"Vajra"},{"floor":9,"key":"Juzu Bracelet"},{"floor":24,"key":"Old Coin"},{"floor":26,"key":"Blood Vial"}],"event_choices":[{"cards_removed":["Strike_R"],"damage_healed":0,"gold_gain":0,"player_choice":"Forget","damage_taken":0,"max_hp_gain":0,"max_hp_loss":0,"event_name":"Living Wall","floor":3,"gold_loss":0},{"damage_healed":29,"gold_gain":0,"player_choice":"Banana","damage_taken":0,"max_hp_gain":0,"max_hp_loss":0,"event_name":"Big Fish","floor":11,"gold_loss":0},{"damage_healed":0,"gold_gain":0,"player_choice":"Searched \u00272\u0027 times","damage_taken":0,"relics_obtained":["Bronze Scales"],"max_hp_gain":0,"max_hp_loss":0,"event_name":"Dead Adventurer","floor":12,"gold_loss":0},{"damage_healed":0,"gold_gain":0,"player_choice":"Shed Blood","damage_taken":22,"max_hp_gain":5,"max_hp_loss":0,"event_name":"Forgotten Altar","floor":19,"gold_loss":0},{"damage_healed":0,"gold_gain":0,"player_choice":"Ignored","damage_taken":0,"max_hp_gain":0,"max_hp_loss":0,"event_name":"Beggar","floor":21,"gold_loss":0}],"is_beta":false,"boss_relics":[{"not_picked":["Black Blood","Velvet Choker"],"picked":"Pandora\u0027s Box"}],"items_purged_floors":[2,13,20,25],"is_endless":false,"potions_floor_spawned":[4,6,8,16,22],"killed_by":"Gremlin Leader","ascension_level":0}