{"gold_per_floor":[109,284,284,297,11,36,36,48,71,146,146,146,165,176,176,176],"floor_reached":16,"playtime":706,"items_purged":[],"score":150,"play_id":"06c7d025-5ffd-48b8-870b-90bbcf193bcd","local_time":"20190303100421","is_ascension_mode":true,"campfire_choices":[{"data":"Inflame","floor":7,"key":"SMITH"},{"data":"True Grit","floor":11,"key":"SMITH"},{"data":"Heavy Blade","floor":15,"key":"SMITH"}],"neow_cost":"NONE","seed_source_timestamp":1536387785915044,"circlet_count":0,"master_deck":["Strike_R","Strike_R","Strike_R","Strike_R","Strike_R","Defend_R","Defend_R","Defend_R+1","Defend_R","Bash","Inflame+1","Shrug It Off","Heavy Blade+1","Infernal Blade+1","True Grit+1","Shrug It Off"],"relics":["Burning Blood","NeowsBlessing","Sling","War Paint","Orichalcum"],"potions_floor_usage":[14,16],"damage_taken":[{"damage":0,"enemies":"2 Louse","floor":1,"turns":1},{"damage":0,"enemies":"Small Slimes","floor":4,"turns":1},{"damage":0,"enemies":"Gremlin Nob","floor":6,"turns":1},{"damage":0,"enemies":"Cultist","floor":8,"turns":3},{"damage":3,"enemies":"Looter","floor":13,"turns":2},{"damage":14,"enemies":"Lots of Slimes","floor":14,"turns":5},{"damage":69,"enemies":"Hexaghost","floor":16,"turns":16}],"seed_played":"-1883258304847864702","potions_obtained":[{"floor":6,"key":"SkillPotion"},{"floor":8,"key":"Dexterity Potion"}],"is_trial":false,"path_per_floor":["M","?","?","M","$","E","R","M","T","?","R","?","M","M","R","B"],"character_chosen":"IRONCLAD","items_purchased":["Sling","Heavy Blade","Infernal Blade"],"campfire_rested":0,"item_purchase_floors":[5,5,5],"current_hp_per_floor":[80,80,80,80,80,80,80,80,80,69,69,69,72,64,64,0],"gold":176,"neow_bonus":"THREE_ENEMY_KILL","is_prod":false,"is_daily":false,"chose_seed":false,"campfire_upgraded":3,"win_rate":0,"timestamp":1551603861,"path_taken":["M","?","?","M","$","E","R","M","T","?","R","?","?","M","R","BOSS"],"build_version":"2019-01-23","purchased_purges":0,"victory":false,"max_hp_per_floor":[80,80,80,80,80,80,80,80,80,80,80,80,80,80,80,80],"card_choices":[{"not_picked":["Armaments","Evolve"],"picked":"Inflame","floor":1},{"not_picked":["Thunderclap","Cleave"],"picked":"Shrug It Off","floor":4},{"not_picked":["Fiend Fire","Ghostly Armor"],"picked":"True Grit","floor":6},{"not_picked":["Wild Strike","Sever Soul","Headbutt"],"picked":"SKIP","floor":8},{"not_picked":["Iron Wave","Headbutt"],"picked":"Shrug It Off","floor":13},{"not_picked":["Heavy Blade","Warcry","Brutality"],"picked":"SKIP","floor":14}],"player_experience":338062,"relics_obtained":[{"floor":6,"key":"War Paint"},{"floor":9,"key":"Orichalcum"}],"event_choices":[{"damage_healed":0,"gold_gain":175,"player_choice":"AGREE","damage_taken":0,"max_hp_gain":0,"max_hp_loss":0,"event_name":"Liars Game","floor":2,"gold_loss":0,"cards_obtained":["Doubt"]},{"cards_removed":["Doubt"],"damage_healed":0,"gold_gain":0,"player_choice":"Forget","damage_taken":0,"max_hp_gain":0,"max_hp_loss":0,"event_name":"Living Wall","floor":3,"gold_loss":0},{"damage_healed":0,"gold_gain":75,"player_choice":"Gather Gold","damage_taken":11,"max_hp_gain":0,"max_hp_loss":0,"event_name":"World of Goop","floor":10,"gold_loss":0},{"damage_healed":0,"gold_gain":0,"player_choice":"Bought 0 Potions","damage_taken":0,"max_hp_gain":0,"max_hp_loss":0,"event_name":"The Woman in Blue","floor":12,"gold_loss":0}],"is_beta":false,"boss_relics":[],"items_purged_floors":[],"is_endless":false,"potions_floor_spawned":[6,8],"killed_by":"Hexaghost","ascension_level":4}