{"gold_per_floor":[109,109,26,36,56,91,91,109,109,139,158,158,308,308,308,308],"floor_reached":16,"playtime":380,"items_purged":[],"score":220,"play_id":"8df001e3-5806-4f33-8d2e-887d77a78860","local_time":"20190415022153","is_ascension_mode":true,"campfire_choices":[{"data":"Armaments","floor":7.0,"key":"SMITH"},{"data":"Metallicize","floor":12.0,"key":"SMITH"},{"floor":15.0,"key":"REST"}],"neow_cost":"CURSE","seed_source_timestamp":116894627019000,"circlet_count":0,"master_deck":["AscendersBane","Strike_R","Strike_R","Strike_R","Strike_R+1","Strike_R","Defend_R","Defend_R","Defend_R","Defend_R","Bash","Doubt","Whirlwind+1","Metallicize+1","Thunderclap+1","Entrench","Armaments+1","Spot Weakness","Doubt"],"special_seed":0,"relics":["Burning Blood","Calipers","Whetstone","Strawberry","Paper Frog","Pen Nib"],"potions_floor_usage":[16],"damage_taken":[{"damage":13.0,"enemies":"Cultist","floor":1.0,"turns":5.0},{"damage":6.0,"enemies":"Small Slimes","floor":4.0,"turns":3.0},{"damage":0.0,"enemies":"2 Louse","floor":5.0,"turns":1.0},{"damage":26.0,"enemies":"Gremlin Nob","floor":6.0,"turns":4.0},{"damage":8.0,"enemies":"Blue Slaver","floor":8.0,"turns":5.0},{"damage":25.0,"enemies":"3 Sentries","floor":10.0,"turns":4.0},{"damage":18.0,"enemies":"Exordium Thugs","floor":11.0,"turns":5.0},{"damage":52,"enemies":"Slime Boss","floor":16,"turns":7}],"seed_played":"2460977148879969497","potions_obtained":[{"floor":5.0,"key":"AttackPotion"},{"floor":8.0,"key":"Weak Potion"},{"floor":11.0,"key":"Dexterity Potion"}],"is_trial":false,"path_per_floor":["M","?","$","M","M","E","R","M","T","E","M","R","?","?","R","B"],"character_chosen":"IRONCLAD","items_purchased":["Metallicize"],"campfire_rested":1,"item_purchase_floors":[3],"current_hp_per_floor":[61,61,61,61,67,47,47,45,52,33,21,21,21,16,40,0],"gold":308,"neow_bonus":"ONE_RARE_RELIC","is_prod":false,"is_daily":false,"chose_seed":false,"campfire_upgraded":2,"win_rate":0,"timestamp":1555287713,"path_taken":["M","?","$","?","M","E","R","M","T","E","?","R","?","?","R","BOSS"],"build_version":"2019-01-23","purchased_purges":0,"victory":false,"max_hp_per_floor":[75,75,75,75,75,75,75,75,82,82,82,82,82,82,82,82],"card_choices":[{"not_picked":["Searing Blow","Armaments"],"picked":"Whirlwind","floor":1.0},{"not_picked":["Havoc","Wild Strike"],"picked":"Thunderclap","floor":4.0},{"not_picked":["Cleave","Sword Boomerang"],"picked":"Entrench","floor":5.0},{"not_picked":["Headbutt","True Grit"],"picked":"Armaments","floor":6.0},{"not_picked":["Pommel Strike","Anger","Perfected Strike"],"picked":"SKIP","floor":8.0},{"not_picked":["Feed","Pommel Strike"],"picked":"Spot Weakness","floor":10.0},{"not_picked":["Anger","Whirlwind","Reckless Charge"],"picked":"SKIP","floor":11.0}],"player_experience":559584,"relics_obtained":[{"floor":6.0,"key":"Whetstone"},{"floor":9.0,"key":"Strawberry"},{"floor":10.0,"key":"Paper Frog"}],"event_choices":[{"damage_healed":0.0,"max_hp_gain":0.0,"max_hp_loss":0.0,"gold_gain":0.0,"event_name":"Upgrade Shrine","player_choice":"Upgraded","floor":2.0,"gold_loss":0.0,"damage_taken":0.0,"cards_upgraded":["Whirlwind"]},{"damage_healed":0.0,"max_hp_gain":0.0,"max_hp_loss":0.0,"gold_gain":150.0,"event_name":"Liars Game","player_choice":"AGREE","floor":13.0,"gold_loss":0.0,"damage_taken":0.0,"cards_obtained":["Doubt"]},{"damage_healed":0.0,"max_hp_gain":0.0,"max_hp_loss":0.0,"gold_gain":0.0,"event_name":"Scrap Ooze","player_choice":"Success","floor":14.0,"gold_loss":0.0,"damage_taken":5.0,"relics_obtained":["Pen Nib"]}],"is_beta":false,"boss_relics":[],"items_purged_floors":[],"is_endless":false,"potions_floor_spawned":[5,8,11],"killed_by":"Slime Boss","ascension_level":20}