{"gold_per_floor":[111,129,129,145,70,70,14,14,14,40,40,60,60,80,80,151,151,166,166,27,38,53,53,78,78,159,172,172,172,188,204,204,278,278,288,288,107,123,142,142,142],"floor_reached":41,"playtime":2131,"items_purged":["Strike_R"],"score":926,"play_id":"9cd27fcf-f57a-411c-bc39-454dce0884fc","local_time":"20190408174917","is_ascension_mode":true,"campfire_choices":[{"data":"Bash","floor":6.0,"key":"SMITH"},{"data":"Anger","floor":11.0,"key":"SMITH"},{"data":"Disarm","floor":13.0,"key":"SMITH"},{"data":"Inflame","floor":15.0,"key":"SMITH"},{"data":"Limit Break","floor":23.0,"key":"SMITH"},{"floor":25.0,"key":"REST"},{"floor":29,"key":"REST"},{"floor":32,"key":"REST"},{"floor":40,"key":"REST"}],"neow_cost":"NONE","seed_source_timestamp":895757001458953,"circlet_count":0,"master_deck":["AscendersBane","Strike_R","Strike_R","Defend_R","Defend_R","Defend_R","Defend_R","Bash+1","Battle Trance","Shrug It Off","Disarm+1","Headbutt","True Grit","Inflame+1","Limit Break+1","Flame Barrier","Inflame","Blood for Blood","Dual Wield","Disarm+1","Immolate","Metallicize","Thunderclap"],"special_seed":0,"relics":["Burning Blood","Champion Belt","Paper Frog","Bag of Marbles","Snecko Eye","Peace Pipe","Matryoshka","Eternal Feather"],"potions_floor_usage":[27,27,39],"damage_taken":[{"damage":2.0,"enemies":"2 Louse","floor":1.0,"turns":4.0},{"damage":12.0,"enemies":"Jaw Worm","floor":2.0,"turns":3.0},{"damage":1.0,"enemies":"Cultist","floor":4.0,"turns":4.0},{"damage":32.0,"enemies":"3 Sentries","floor":10.0,"turns":10.0},{"damage":0.0,"enemies":"3 Louse","floor":12.0,"turns":3.0},{"damage":3.0,"enemies":"Gremlin Gang","floor":14.0,"turns":4.0},{"damage":0.0,"enemies":"The Guardian","floor":16.0,"turns":10.0},{"damage":4.0,"enemies":"Chosen","floor":18.0,"turns":3.0},{"damage":18.0,"enemies":"3 Byrds","floor":21.0,"turns":4.0},{"damage":15.0,"enemies":"Cultist and Chosen","floor":22.0,"turns":7.0},{"damage":62.0,"enemies":"Book of Stabbing","floor":24.0,"turns":7.0},{"damage":23,"enemies":"3 Cultists","floor":27,"turns":4},{"damage":24,"enemies":"Centurion and Healer","floor":30,"turns":4},{"damage":21,"enemies":"Chosen and Byrds","floor":31,"turns":9},{"damage":21,"enemies":"Champ","floor":33,"turns":15},{"damage":6,"enemies":"3 Shapes","floor":35,"turns":5},{"damage":0,"enemies":"3 Darklings","floor":38,"turns":1},{"damage":57,"enemies":"Maw","floor":39,"turns":9},{"damage":99,"enemies":"Writhing Mass","floor":41,"turns":6}],"seed_played":"-6456709830558741443","potions_obtained":[{"floor":1.0,"key":"Block Potion"},{"floor":12.0,"key":"EssenceOfSteel"},{"floor":14.0,"key":"SpeedPotion"},{"floor":18.0,"key":"Weak Potion"},{"floor":22.0,"key":"Strength Potion"},{"floor":33,"key":"SpeedPotion"},{"floor":35,"key":"LiquidBronze"}],"is_trial":false,"path_per_floor":["M","M","?","M","?","R","$","?","T","E","R","M","R","M","R","B",null,"M","?","$","M","M","R","E","R","T","M","?","R","M","M","R","B",null,"M","?","$","M","M","R","M"],"character_chosen":"IRONCLAD","items_purchased":["Anger","Inflame","Strength Potion","Explosive Potion","Energy Potion"],"campfire_rested":4,"item_purchase_floors":[7,20,20,37,37],"current_hp_per_floor":[79,73,55,60,60,60,60,65,65,39,39,45,45,48,48,54,79,81,86,86,74,65,65,9,35,35,18,18,44,26,11,37,22,71,71,71,71,77,26,64,0],"gold":142,"neow_bonus":"TEN_PERCENT_HP_BONUS","is_prod":false,"is_daily":false,"chose_seed":false,"campfire_upgraded":5,"win_rate":0,"timestamp":1554713357,"path_taken":["M","M","?","M","?","R","$","?","T","E","R","M","R","M","R","BOSS","M","?","$","?","M","R","E","R","T","M","?","R","?","M","R","BOSS","M","?","$","M","?","R","M"],"build_version":"2019-01-23","purchased_purges":1,"victory":false,"max_hp_per_floor":[82,82,82,82,82,82,82,87,87,87,87,87,87,87,87,87,87,87,87,87,87,87,87,87,87,87,87,87,87,87,87,87,87,87,87,87,87,87,87,87,87],"card_choices":[{"not_picked":["Cleave","Armaments"],"picked":"Battle Trance","floor":1.0},{"not_picked":["Clash","Sword Boomerang"],"picked":"Shrug It Off","floor":2.0},{"not_picked":["Burning Pact","Anger"],"picked":"Disarm","floor":4.0},{"not_picked":["Rampage","Sentinel"],"picked":"Headbutt","floor":10.0},{"not_picked":["Infernal Blade","Flame Barrier"],"picked":"True Grit","floor":12.0},{"not_picked":["Clothesline","Corruption"],"picked":"Inflame","floor":14.0},{"not_picked":["Barricade","Dark Embrace"],"picked":"Limit Break","floor":16.0},{"not_picked":["Thunderclap+1","Rage+1"],"picked":"Flame Barrier","floor":18.0},{"not_picked":["Sentinel+1","Anger"],"picked":"Blood for Blood","floor":21.0},{"not_picked":["Warcry","Searing Blow","Clash"],"picked":"SKIP","floor":22.0},{"not_picked":["Body Slam","Headbutt"],"picked":"Dual Wield","floor":24.0},{"not_picked":["Infernal Blade","Spot Weakness","Rupture"],"picked":"SKIP","floor":27},{"not_picked":["Whirlwind","Clothesline+1","Sword Boomerang"],"picked":"SKIP","floor":30},{"not_picked":["Twin Strike","Reckless Charge","Havoc"],"picked":"SKIP","floor":31},{"not_picked":["Offering","Fiend Fire"],"picked":"Immolate","floor":33},{"not_picked":["Twin Strike+1","Cleave"],"picked":"Metallicize","floor":35},{"not_picked":["Cleave","Anger","Flex+1"],"picked":"SKIP","floor":38},{"not_picked":["Pommel Strike+1","Searing Blow"],"picked":"Thunderclap","floor":39}],"player_experience":864963,"relics_obtained":[{"floor":9.0,"key":"Paper Frog"},{"floor":10.0,"key":"Bag of Marbles"},{"floor":24.0,"key":"Peace Pipe"},{"floor":26.0,"key":"Matryoshka"}],"event_choices":[{"damage_healed":0.0,"max_hp_gain":0.0,"max_hp_loss":0.0,"gold_gain":0.0,"event_name":"Scrap Ooze","player_choice":"Success","floor":3.0,"gold_loss":0.0,"damage_taken":18.0,"relics_obtained":["Champion Belt"]},{"cards_removed":["Strike_R"],"damage_healed":0.0,"max_hp_gain":0.0,"max_hp_loss":0.0,"gold_gain":0.0,"event_name":"The Cleric","player_choice":"Card Removal","floor":5.0,"gold_loss":75.0,"damage_taken":0.0},{"damage_healed":0.0,"max_hp_gain":5.0,"max_hp_loss":0.0,"gold_gain":0.0,"event_name":"Big Fish","player_choice":"Donut","floor":8.0,"gold_loss":0.0,"damage_taken":0.0},{"cards_removed":["Anger"],"damage_healed":5.0,"max_hp_gain":0.0,"max_hp_loss":0.0,"gold_gain":0.0,"event_name":"Bonfire Elementals","player_choice":"Offered Common","floor":19.0,"gold_loss":0.0,"damage_taken":0.0},{"cards_removed":["Anger"],"damage_healed":5.0,"max_hp_gain":0.0,"max_hp_loss":0.0,"gold_gain":0.0,"event_name":"Bonfire Elementals","player_choice":"Offered Special","floor":19.0,"gold_loss":0.0,"damage_taken":0.0},{"damage_healed":0,"gold_gain":0,"player_choice":"Copied","damage_taken":0,"max_hp_gain":0,"max_hp_loss":0,"event_name":"Duplicator","floor":28,"gold_loss":0,"cards_obtained":["Disarm"]},{"cards_removed":["Strike_R"],"damage_healed":0,"gold_gain":0,"player_choice":"Purged","damage_taken":0,"max_hp_gain":0,"max_hp_loss":0,"event_name":"Purifier","floor":36,"gold_loss":0}],"is_beta":false,"boss_relics":[{"not_picked":["Empty Cage","White Beast Statue"],"picked":"Snecko Eye"},{"not_picked":["Calling Bell","Lizard Tail"],"picked":"Eternal Feather"}],"items_purged_floors":[37],"is_endless":false,"potions_floor_spawned":[1,12,14,18,22,24,33,35],"killed_by":"Writhing Mass","ascension_level":20}