{"gold_per_floor":[119,139,64,64,18,18,37,37,37,37,37,63,63,77,77,173,173,173,173,173,173,173,173,173,73,73,73,73,73,73,23,23,23,23,23,23,23],"floor_reached":38,"playtime":2087,"items_purged":["Zap","Shame"],"score":593,"play_id":"1c48e4e5-b035-4d75-8d26-03fafd16a150","local_time":"20180826105134","is_ascension_mode":false,"campfire_choices":[{"data":"Hologram","floor":6.0,"key":"SMITH"},{"data":"Coolheaded","floor":8.0,"key":"SMITH"},{"data":"Dualcast","floor":11.0,"key":"SMITH"},{"data":"Machine Learning","floor":15.0,"key":"SMITH"},{"floor":24.0,"key":"REST"},{"data":"Fission","floor":28.0,"key":"SMITH"},{"floor":32.0,"key":"REST"}],"neow_cost":"PERCENT_DAMAGE","seed_source_timestamp":0,"circlet_count":0,"master_deck":["Strike_B","Strike_B","Defend_B","Defend_B","Defend_B","Defend_B","Dualcast+1","Gash","Hologram+1","Coolheaded+1","Machine Learning+1","Fission+1","Ball Lightning+1","Hologram+1","Hologram","Hologram+1"],"special_seed":0,"relics":["Cracked Core","Nunchaku","Vajra","Ectoplasm","Tiny Chest","CultistMask","Kunai","Philosopher\u0027s Stone"],"potions_floor_usage":[37],"damage_taken":[{"damage":1.0,"enemies":"Cultist","floor":1.0,"turns":3.0},{"damage":1.0,"enemies":"Jaw Worm","floor":2.0,"turns":3.0},{"damage":0.0,"enemies":"2 Louse","floor":7.0,"turns":2.0},{"damage":18.0,"enemies":"Lagavulin","floor":12.0,"turns":3.0},{"damage":0.0,"enemies":"Large Slime","floor":14.0,"turns":6.0},{"damage":2.0,"enemies":"The Guardian","floor":16.0,"turns":10.0},{"damage":5.0,"enemies":"Shell Parasite","floor":18.0,"turns":8.0},{"damage":8.0,"enemies":"Chosen","floor":19.0,"turns":5.0},{"damage":23.0,"enemies":"Snecko","floor":23.0,"turns":7.0},{"damage":5.0,"enemies":"Centurion and Healer","floor":30.0,"turns":7.0},{"damage":48.0,"enemies":"Collector","floor":33.0,"turns":13.0},{"damage":18.0,"enemies":"Orb Walker","floor":35.0,"turns":4.0},{"damage":49,"enemies":"Awakened One","floor":37,"turns":14}],"seed_played":"8103015877066118397","potions_obtained":[{"floor":7.0,"key":"EssenceOfSteel"},{"floor":12.0,"key":"SpeedPotion"},{"floor":14.0,"key":"EssenceOfSteel"},{"floor":18.0,"key":"Explosive Potion"},{"floor":35.0,"key":"Poison Potion"}],"is_trial":false,"path_per_floor":["M","M","$","?","$","R","M","R","T","$","R","E","?","M","R","B",null,"M","M","?","?","?","M","R","$","T","$","R","$","M","?","R","B",null,"M","?","B"],"character_chosen":"DEFECT","items_purchased":["Hologram"],"campfire_rested":2,"item_purchase_floors":[5],"current_hp_per_floor":[53,52,52,52,52,52,52,52,52,52,52,34,27,27,27,25,75,70,62,62,62,48,25,49,49,49,49,49,49,44,44,68,20,80,62,62,13],"gold":23,"neow_bonus":"REMOVE_TWO","is_prod":false,"is_daily":false,"chose_seed":false,"campfire_upgraded":5,"win_rate":0,"timestamp":1535251894,"path_taken":["M","?","$","?","$","R","M","R","T","$","R","E","?","M","R","BOSS","M","M","?","?","?","?","R","$","T","$","R","$","?","?","R","BOSS","M","?","BOSS"],"build_version":"2018-08-23v2","purchased_purges":2,"victory":true,"max_hp_per_floor":[75,75,75,75,75,75,75,75,75,75,75,75,75,75,75,75,75,75,75,75,75,80,80,80,80,80,80,80,80,80,80,80,80,80,80,80,80],"card_choices":[{"not_picked":["Rebound","Stack","Leap"],"picked":"SKIP","floor":1.0},{"not_picked":["Stack","Sweeping Beam"],"picked":"Gash","floor":2.0},{"not_picked":["Go for the Eyes","Sweeping Beam"],"picked":"Coolheaded","floor":7.0},{"not_picked":["Skim","Leap"],"picked":"Machine Learning","floor":12.0},{"not_picked":["Stack","Sweeping Beam","Conserve Battery"],"picked":"SKIP","floor":14.0},{"not_picked":["Thunder Strike","Biased Cognition"],"picked":"Fission","floor":16.0},{"not_picked":["Darkness","Turbo+1","White Noise"],"picked":"SKIP","floor":18.0},{"not_picked":["Stack","Sunder"],"picked":"Ball Lightning+1","floor":19.0},{"not_picked":["Barrage+1","Ball Lightning"],"picked":"Hologram+1","floor":23.0},{"not_picked":["Blizzard","Heatsinks+1"],"picked":"Hologram","floor":30.0},{"not_picked":["Leap+1","Reprogram"],"picked":"Hologram+1","floor":35.0}],"player_experience":341595,"relics_obtained":[{"floor":9.0,"key":"Nunchaku"},{"floor":12.0,"key":"Vajra"},{"floor":26.0,"key":"Kunai"}],"event_choices":[{"event_name":"Match and Keep!","player_choice":"1 cards matched","floor":4.0,"damage_taken":0.0},{"event_name":"Golden Wing","player_choice":"Card Removal","floor":13.0,"damage_taken":0.0},{"event_name":"Addict","player_choice":"Stole Relic","floor":20.0,"damage_taken":0.0},{"event_name":"FaceTrader","player_choice":"Trade","floor":21.0,"damage_taken":0.0},{"event_name":"Forgotten Altar","player_choice":"Shed Blood","floor":22.0,"damage_taken":0.0},{"event_name":"The Joust","player_choice":"Bet on Owner","floor":31.0,"damage_taken":0.0},{"event_name":"SecretPortal","player_choice":"Took Portal.","floor":36.0,"damage_taken":0.0}],"is_beta":false,"boss_relics":[{"not_picked":["FrozenCore","Velvet Choker"],"picked":"Ectoplasm"},{"not_picked":["Fusion Hammer","Runic Pyramid"],"picked":"Philosopher\u0027s Stone"}],"items_purged_floors":[3,25],"is_endless":false,"potions_floor_spawned":[7,12,14,18,35],"ascension_level":0}