{"gold_per_floor":[359,377,25,25,39,39,65,65,65,92,92,103,45,58,58,132,132,143,243,54,54],"floor_reached":21,"playtime":786,"items_purged":["Strike_R"],"score":424,"play_id":"3658e364-6ab1-4314-84cc-742466c0b115","local_time":"20190324175551","is_ascension_mode":true,"campfire_choices":[{"data":"Spot Weakness","floor":6,"key":"SMITH"},{"data":"Anger","floor":8,"key":"SMITH"},{"data":"Dropkick","floor":11,"key":"SMITH"},{"data":"Iron Wave","floor":15,"key":"SMITH"}],"neow_cost":"TEN_PERCENT_HP_LOSS","seed_source_timestamp":486578654348673,"circlet_count":0,"master_deck":["AscendersBane","Strike_R","Strike_R","Strike_R","Strike_R","Defend_R","Defend_R","Defend_R","Defend_R","Bash+1","Anger+1","Headbutt","Spot Weakness+1","Dropkick+1","Shrug It Off+1","Iron Wave+1","True Grit+1","Shrug It Off+1","Limit Break+1","Spot Weakness+1","Warcry+1","Finesse+1","Shrug It Off+1","Warcry+1"],"relics":["Burning Blood","HandDrill","Toxic Egg 2","Vajra","Pear","Sozu","Prayer Wheel","Bottled Lightning"],"potions_floor_usage":[7,7,10,16],"damage_taken":[{"damage":7,"enemies":"Small Slimes","floor":1,"turns":4},{"damage":1,"enemies":"Cultist","floor":2,"turns":3},{"damage":3,"enemies":"2 Louse","floor":5,"turns":3},{"damage":25,"enemies":"Lagavulin","floor":7,"turns":4},{"damage":0,"enemies":"Gremlin Nob","floor":10,"turns":2},{"damage":1,"enemies":"Looter","floor":12,"turns":3},{"damage":0,"enemies":"Exordium Wildlife","floor":14,"turns":3},{"damage":25,"enemies":"The Guardian","floor":16,"turns":7},{"damage":7,"enemies":"2 Thieves","floor":18,"turns":4},{"damage":10,"enemies":"Colosseum Slavers","floor":19,"turns":3},{"damage":52,"enemies":"Colosseum Nobs","floor":19,"turns":5},{"damage":22,"enemies":"3 Byrds","floor":21,"turns":2}],"seed_played":"4982102578283192313","potions_obtained":[{"floor":1,"key":"BloodPotion"},{"floor":2,"key":"Energy Potion"},{"floor":5,"key":"EntropicBrew"}],"is_trial":false,"path_per_floor":["M","M","$","?","M","R","E","R","T","E","R","M","$","M","R","B",null,"M","?","$","M"],"character_chosen":"IRONCLAD","items_purchased":["HandDrill","Headbutt","True Grit+1","Finesse+1","Shrug It Off+1","Warcry+1"],"campfire_rested":0,"item_purchase_floors":[3,3,13,20,20,20],"current_hp_per_floor":[67,68,68,68,68,68,49,49,49,65,65,70,70,76,76,57,73,72,22,22,0],"gold":54,"neow_bonus":"TWO_FIFTY_GOLD","is_prod":false,"is_daily":false,"chose_seed":false,"campfire_upgraded":4,"win_rate":0,"timestamp":1553417751,"path_taken":["M","M","$","?","M","R","E","R","T","E","R","M","$","?","R","BOSS","M","?","$","M"],"build_version":"2019-01-23","purchased_purges":1,"victory":false,"max_hp_per_floor":[68,68,68,68,68,68,68,68,68,78,78,78,78,78,78,78,78,78,78,78,78],"card_choices":[{"not_picked":["Fire Breathing","Flame Barrier"],"picked":"Anger","floor":1},{"not_picked":["Heavy Blade","True Grit","Second Wind"],"picked":"SKIP","floor":2},{"not_picked":["Second Wind","Armaments"],"picked":"Spot Weakness","floor":5},{"not_picked":["Searing Blow","Headbutt"],"picked":"Dropkick","floor":7},{"not_picked":["Blood for Blood","Flex+1"],"picked":"Shrug It Off+1","floor":10},{"not_picked":["Anger","Intimidate+1"],"picked":"Iron Wave","floor":12},{"not_picked":["Sword Boomerang","Demon Form"],"picked":"Shrug It Off+1","floor":14},{"not_picked":["Exhume+1","Bludgeon"],"picked":"Limit Break+1","floor":16},{"not_picked":["Twin Strike","Entrench+1"],"picked":"Spot Weakness+1","floor":18},{"not_picked":["Clash","Twin Strike"],"picked":"Warcry+1","floor":19}],"player_experience":785916,"relics_obtained":[{"floor":7,"key":"Toxic Egg 2"},{"floor":9,"key":"Vajra"},{"floor":10,"key":"Pear"},{"floor":19,"key":"Prayer Wheel"},{"floor":19,"key":"Bottled Lightning"}],"event_choices":[{"damage_healed":0,"gold_gain":0,"player_choice":"Upgraded","damage_taken":0,"max_hp_gain":0,"max_hp_loss":0,"event_name":"Upgrade Shrine","floor":4,"gold_loss":0,"cards_upgraded":["Bash"]},{"damage_healed":0,"gold_gain":0,"player_choice":"Fight","damage_taken":0,"max_hp_gain":0,"max_hp_loss":0,"event_name":"Colosseum","floor":19,"gold_loss":0},{"damage_healed":0,"gold_gain":0,"player_choice":"Fought Nobs","damage_taken":0,"max_hp_gain":0,"max_hp_loss":0,"event_name":"Colosseum","floor":19,"gold_loss":0}],"is_beta":false,"boss_relics":[{"not_picked":["Fusion Hammer","Orrery"],"picked":"Sozu"}],"items_purged_floors":[3],"is_endless":false,"potions_floor_spawned":[1,2,5,7,18,19],"killed_by":"3 Byrds","ascension_level":20}