{"gold_per_floor":[113,113,38,51,70,70,104,104,129,164,164,181,198,198,198,269,269,285,1,13,29,29,56,56,68,68,68,93,110,110,128,128,205,205,225,447,461,561,576,576,586,621,621,648,648,77,89,117,117,117,117],"floor_reached":51,"playtime":2974,"items_purged":["Regret"],"score":1509,"play_id":"d7c34dc3-db5e-4425-b145-5a4fff018d1a","local_time":"20190510142546","is_ascension_mode":true,"campfire_choices":[{"data":"Zap","floor":6,"key":"SMITH"},{"data":"Sweeping Beam","floor":8,"key":"SMITH"},{"data":"Streamline","floor":11,"key":"SMITH"},{"data":"Loop","floor":15,"key":"SMITH"},{"data":"Auto Shields","floor":24,"key":"SMITH"},{"data":"Ball Lightning","floor":27,"key":"SMITH"},{"data":"Dualcast","floor":30,"key":"SMITH"},{"floor":32,"key":"REST"},{"floor":40,"key":"RECALL"},{"floor":45,"key":"REST"},{"data":"Ball Lightning","floor":49,"key":"SMITH"}],"neow_cost":"NONE","seed_source_timestamp":359013258553400,"circlet_count":0,"master_deck":["AscendersBane","Strike_B","Strike_B","Strike_B","Defend_B","Defend_B","Defend_B","Defend_B","Zap+1","Dualcast+1","Sweeping Beam+1","Auto Shields+1","Streamline+1","Cold Snap","Double Energy+1","Ball Lightning+1","Loop+1","Seek+1","Stack+1","Compile Driver","Consume+1","Tempest+1","Coolheaded+1","Ball Lightning+1","Barrage+1","Coolheaded+1","Chill+1","Amplify+1","Steam+1","Glacier+1","Ball Lightning+1","Glacier+1","Conserve Battery+1","Madness+1","Seek+1","Stack+1"],"relics":["Cracked Core","Bronze Scales","Juzu Bracelet","Toxic Egg 2","Shuriken","Nuclear Battery","ClockworkSouvenir","Cables","Pantograph","Red Mask","Cursed Key","Gambling Chip","Ornamental Fan","DollysMirror","Smiling Mask"],"potions_floor_usage":[0,7,7,21,23,28,33,33,42,50,51],"damage_taken":[{"damage":2,"enemies":"2 Louse","floor":1,"turns":3},{"damage":9,"enemies":"Jaw Worm","floor":4,"turns":4},{"damage":0,"enemies":"Small Slimes","floor":5,"turns":3},{"damage":8,"enemies":"Gremlin Nob","floor":7,"turns":3},{"damage":24,"enemies":"Lagavulin","floor":10,"turns":6},{"damage":2,"enemies":"3 Louse","floor":12,"turns":3},{"damage":0,"enemies":"Blue Slaver","floor":13,"turns":2},{"damage":17,"enemies":"Hexaghost","floor":16,"turns":8},{"damage":17,"enemies":"Spheric Guardian","floor":18,"turns":3},{"damage":2,"enemies":"2 Thieves","floor":20,"turns":3},{"damage":6,"enemies":"Centurion and Healer","floor":21,"turns":6},{"damage":6,"enemies":"Slavers","floor":23,"turns":5},{"damage":10,"enemies":"Snecko","floor":25,"turns":4},{"damage":5,"enemies":"Masked Bandits","floor":28,"turns":3},{"damage":0,"enemies":"Chosen and Byrds","floor":29,"turns":3},{"damage":0,"enemies":"Cultist and Chosen","floor":31,"turns":4},{"damage":4,"enemies":"Champ","floor":33,"turns":11},{"damage":0,"enemies":"3 Shapes","floor":35,"turns":4},{"damage":0,"enemies":"Orb Walker","floor":37,"turns":2},{"damage":11,"enemies":"Mind Bloom Boss Battle","floor":38,"turns":6},{"damage":15,"enemies":"Jaw Worm Horde","floor":39,"turns":4},{"damage":0,"enemies":"Spire Growth","floor":41,"turns":5},{"damage":5,"enemies":"Nemesis","floor":42,"turns":7},{"damage":23,"enemies":"Reptomancer","floor":44,"turns":6},{"damage":9,"enemies":"Sphere and 2 Shapes","floor":47,"turns":4},{"damage":0,"enemies":"Nemesis","floor":48,"turns":8},{"damage":19,"enemies":"Awakened One","floor":50,"turns":20},{"damage":71,"enemies":"Donu and Deca","floor":51,"turns":11}],"seed_played":"-7733799188715066809","potions_obtained":[{"floor":0,"key":"Fruit Juice"},{"floor":0,"key":"SpeedPotion"},{"floor":0,"key":"Swift Potion"},{"floor":1,"key":"AttackPotion"},{"floor":10,"key":"SmokeBomb"},{"floor":16,"key":"Regen Potion"},{"floor":21,"key":"Strength Potion"},{"floor":23,"key":"SpeedPotion"},{"floor":25,"key":"Explosive Potion"},{"floor":31,"key":"SpeedPotion"},{"floor":38,"key":"LiquidBronze"},{"floor":41,"key":"SpeedPotion"},{"floor":44,"key":"FearPotion"}],"is_trial":false,"path_per_floor":["M","?","?","M","M","R","E","R","T","E","R","M","M","T","R","B",null,"M","$","M","M","?","E","R","M","T","R","?","M","R","M","R","B",null,"M","?","M","?","M","R","M","E","T","E","R","$","M","E","R","B","B"],"character_chosen":"DEFECT","items_purchased":["ClockworkSouvenir","Compile Driver","SpeedPotion","Glacier+1","Conserve Battery+1","Madness+1","DollysMirror"],"campfire_rested":2,"item_purchase_floors":[19,19,46,46,46,46,46],"current_hp_per_floor":[67,67,67,58,58,58,50,50,50,26,26,24,24,24,24,7,59,42,42,40,49,49,43,43,33,33,33,28,28,28,28,50,71,75,75,75,75,65,50,50,50,45,45,22,44,44,35,35,35,41,0],"gold":117,"neow_bonus":"THREE_SMALL_POTIONS","is_prod":false,"is_daily":false,"chose_seed":false,"campfire_upgraded":8,"win_rate":0,"timestamp":1557465946,"path_taken":["M","?","?","M","M","R","E","R","T","E","R","M","M","?","R","BOSS","M","$","M","M","?","E","R","M","T","R","?","M","R","M","R","BOSS","M","?","M","?","M","R","M","E","T","E","R","$","M","E","R","BOSS","BOSS"],"build_version":"2019-01-23","purchased_purges":1,"victory":false,"max_hp_per_floor":[76,76,76,76,76,76,76,76,76,76,76,76,76,76,76,76,76,76,76,76,76,76,76,76,76,76,76,76,76,76,76,76,76,76,76,76,76,76,76,76,76,76,76,76,76,76,76,76,76,76,76],"card_choices":[{"not_picked":["Stack","Streamline"],"picked":"Sweeping Beam","floor":1},{"not_picked":["Rebound","Turbo"],"picked":"Auto Shields","floor":4},{"not_picked":["Blizzard","Beam Cell"],"picked":"Streamline","floor":5},{"not_picked":["Turbo","Reboot"],"picked":"Cold Snap","floor":7},{"not_picked":["Redo","Recycle"],"picked":"Double Energy","floor":10},{"not_picked":["Coolheaded+1","Beam Cell"],"picked":"Ball Lightning","floor":12},{"not_picked":["Lockon","Compile Driver"],"picked":"Loop","floor":13},{"not_picked":["Machine Learning","Amplify+1"],"picked":"Seek+1","floor":16},{"not_picked":["Gash","Beam Cell"],"picked":"Stack+1","floor":18},{"not_picked":["Cold Snap+1","Barrage"],"picked":"Consume+1","floor":20},{"not_picked":["Compile Driver","Beam Cell"],"picked":"Tempest+1","floor":21},{"not_picked":["Core Surge","Compile Driver"],"picked":"Ball Lightning+1","floor":23},{"not_picked":["Beam Cell+1","Fusion+1"],"picked":"Barrage+1","floor":25},{"not_picked":["Fusion+1","Barrage"],"picked":"Coolheaded+1","floor":28},{"not_picked":["Lockon","Barrage"],"picked":"Chill+1","floor":29},{"not_picked":["Sweeping Beam","Gash","Chill+1"],"picked":"SKIP","floor":31},{"not_picked":["All For One","Machine Learning"],"picked":"Amplify+1","floor":33},{"not_picked":["Sweeping Beam+1","Double Energy+1"],"picked":"Steam+1","floor":35},{"not_picked":["Force Field+1","Rip and Tear","Rebound"],"picked":"SKIP","floor":37},{"not_picked":["Compile Driver+1","Rip and Tear"],"picked":"Glacier+1","floor":39},{"not_picked":["Beam Cell","Barrage+1","Force Field+1"],"picked":"SKIP","floor":41},{"not_picked":["Rip and Tear+1","Steam Power+1","Heatsinks"],"picked":"SKIP","floor":42},{"not_picked":["Consume+1","Darkness+1"],"picked":"Ball Lightning","floor":44},{"not_picked":["Melter+1","Turbo+1"],"picked":"Stack+1","floor":47},{"not_picked":["Leap+1","Beam Cell","Sweeping Beam"],"picked":"SKIP","floor":48}],"player_experience":1319254,"relics_obtained":[{"floor":7,"key":"Bronze Scales"},{"floor":9,"key":"Juzu Bracelet"},{"floor":10,"key":"Toxic Egg 2"},{"floor":14,"key":"Shuriken"},{"floor":23,"key":"Cables"},{"floor":26,"key":"Pantograph"},{"floor":28,"key":"Red Mask"},{"floor":38,"key":"Gambling Chip"},{"floor":42,"key":"Ornamental Fan"},{"floor":48,"key":"Smiling Mask"}],"event_choices":[{"damage_healed":0,"gold_gain":0,"player_choice":"Ignored","damage_taken":0,"max_hp_gain":0,"max_hp_loss":0,"event_name":"Liars Game","floor":2,"gold_loss":0},{"cards_removed":["Strike_B"],"damage_healed":0,"gold_gain":0,"player_choice":"Card Removal","damage_taken":0,"max_hp_gain":0,"max_hp_loss":0,"event_name":"The Cleric","floor":3,"gold_loss":75},{"damage_healed":0,"gold_gain":0,"player_choice":"Read","damage_taken":0,"max_hp_gain":0,"max_hp_loss":0,"event_name":"The Library","floor":22,"gold_loss":0,"cards_obtained":["Coolheaded"]},{"damage_healed":0,"gold_gain":0,"player_choice":"Fought Bandits","damage_taken":0,"max_hp_gain":0,"max_hp_loss":0,"event_name":"Masked Bandits","floor":28,"gold_loss":0},{"damage_healed":0,"gold_gain":222,"player_choice":"Wore Mask","damage_taken":0,"max_hp_gain":0,"max_hp_loss":0,"event_name":"Tomb of Lord Red Mask","floor":36,"gold_loss":0},{"damage_healed":0,"gold_gain":0,"player_choice":"Fight","damage_taken":0,"max_hp_gain":0,"max_hp_loss":0,"event_name":"MindBloom","floor":38,"gold_loss":0}],"is_beta":false,"boss_relics":[{"not_picked":["Busted Crown","Tiny House"],"picked":"Nuclear Battery"},{"not_picked":["Velvet Choker","Runic Dome"],"picked":"Cursed Key"}],"items_purged_floors":[46],"is_endless":false,"potions_floor_spawned":[1,10,16,21,23,25,31,38,41,44,48],"killed_by":"Donu and Deca","ascension_level":20}