{"gold_per_floor":[115,132,152,38,56,56,89,89,116,116,150,50,50,75,75,180,180,195,211,211,230,62,90,110,110,137,151,151],"floor_reached":28,"playtime":2383,"items_purged":["Strike_G","Strike_G"],"score":384,"play_id":"56a8bb00-3e8b-4de8-9042-78f37821ca1a","local_time":"20190429184923","is_ascension_mode":true,"campfire_choices":[{"data":"Dagger Spray","floor":6,"key":"SMITH"},{"data":"Neutralize","floor":10,"key":"SMITH"},{"floor":13,"key":"REST"},{"data":"Deadly Poison","floor":15,"key":"SMITH"},{"floor":25,"key":"REST"}],"neow_cost":"NONE","seed_source_timestamp":253812324293166,"circlet_count":0,"master_deck":["AscendersBane","Defend_G","Defend_G","Defend_G","Defend_G","Defend_G","Strike_G","Strike_G","Strike_G","Survivor","Neutralize+1","Dagger Spray+1","Cloak And Dagger","Calculated Gamble","Well Laid Plans","Deadly Poison+1","Deflect","Backflip","Night Terror","PiercingWail","Poisoned Stab+1","Blur","Footwork","Bandage Up","Dodge and Roll","Catalyst"],"relics":["Ring of the Snake","Snake Skull","Bag of Preparation","Bag of Marbles","Odd Mushroom","Velvet Choker","Omamori","Lantern"],"potions_floor_usage":[7,21,23,23],"damage_taken":[{"damage":3,"enemies":"Cultist","floor":1,"turns":4},{"damage":6,"enemies":"Jaw Worm","floor":2,"turns":6},{"damage":1,"enemies":"2 Louse","floor":3,"turns":2},{"damage":7,"enemies":"Gremlin Gang","floor":5,"turns":4},{"damage":14,"enemies":"3 Sentries","floor":7,"turns":8},{"damage":25,"enemies":"Lagavulin","floor":11,"turns":7},{"damage":0,"enemies":"The Mushroom Lair","floor":14,"turns":2},{"damage":2,"enemies":"The Guardian","floor":16,"turns":11},{"damage":0,"enemies":"Shell Parasite","floor":18,"turns":6},{"damage":2,"enemies":"2 Thieves","floor":19,"turns":3},{"damage":29,"enemies":"Centurion and Healer","floor":21,"turns":10},{"damage":49,"enemies":"Gremlin Leader","floor":23,"turns":11},{"damage":5,"enemies":"Snake Plant","floor":24,"turns":5},{"damage":29,"enemies":"Cultist and Chosen","floor":27,"turns":9},{"damage":8,"enemies":"Snecko","floor":28,"turns":3}],"seed_played":"-766528642965845707","potions_obtained":[{"floor":5,"key":"Fire Potion"},{"floor":11,"key":"Swift Potion"},{"floor":16,"key":"Regen Potion"},{"floor":21,"key":"EssenceOfSteel"}],"is_trial":false,"path_per_floor":["M","M","M","$","M","R","E","$","T","R","E","$","R","?","R","B",null,"M","M","?","M","$","E","M","R","T","M","M"],"character_chosen":"THE_SILENT","items_purchased":["Well Laid Plans","Footwork","Bandage Up"],"campfire_rested":2,"item_purchase_floors":[4,22,22],"current_hp_per_floor":[67,61,60,60,53,53,39,39,39,39,14,14,37,37,37,35,67,67,65,65,36,36,6,5,28,28,3,0],"gold":151,"neow_bonus":"TEN_PERCENT_HP_BONUS","is_prod":false,"is_daily":false,"chose_seed":false,"campfire_upgraded":3,"win_rate":0,"timestamp":1556556563,"path_taken":["M","M","M","$","M","R","E","$","T","R","E","?","R","?","R","BOSS","M","M","?","?","$","E","M","R","T","M","M"],"build_version":"2019-01-23","purchased_purges":2,"victory":false,"max_hp_per_floor":[77,77,77,77,77,77,77,77,77,77,77,77,77,77,77,77,77,77,77,77,77,77,77,77,77,77,77,77],"card_choices":[{"not_picked":["Quick Slash","Reflex"],"picked":"Dagger Spray","floor":1},{"not_picked":["Caltrops","Flying Knee"],"picked":"Cloak And Dagger","floor":2},{"not_picked":["Cloak And Dagger","Slice"],"picked":"Calculated Gamble","floor":3},{"not_picked":["Bouncing Flask","Cloak And Dagger"],"picked":"Deadly Poison","floor":5},{"not_picked":["Quick Slash","Underhanded Strike"],"picked":"Deflect","floor":7},{"not_picked":["Dash","Wraith Form v2","Phantasmal Killer"],"picked":"SKIP","floor":11},{"not_picked":["Acrobatics","Flying Knee"],"picked":"Backflip","floor":14},{"not_picked":["Phantasmal Killer","Doppelganger"],"picked":"Night Terror","floor":16},{"not_picked":["Dagger Spray","Well Laid Plans"],"picked":"PiercingWail","floor":18},{"not_picked":["Prepared+1","Blur+1"],"picked":"Poisoned Stab+1","floor":19},{"not_picked":["Cloak And Dagger+1","Dagger Spray"],"picked":"Blur","floor":21},{"not_picked":["Outmaneuver","Underhanded Strike"],"picked":"Dodge and Roll","floor":23},{"not_picked":["Sucker Punch","Deflect"],"picked":"Catalyst","floor":24},{"not_picked":["All Out Attack","Setup","PiercingWail"],"picked":"SKIP","floor":27}],"player_experience":507680,"relics_obtained":[{"floor":7,"key":"Snake Skull"},{"floor":9,"key":"Bag of Preparation"},{"floor":11,"key":"Bag of Marbles"},{"floor":14,"key":"Odd Mushroom"},{"floor":23,"key":"Omamori"},{"floor":26,"key":"Lantern"}],"event_choices":[{"damage_healed":0,"gold_gain":0,"player_choice":"Fought Mushrooms","damage_taken":0,"max_hp_gain":0,"max_hp_loss":0,"event_name":"Mushrooms","floor":14,"gold_loss":0},{"damage_healed":0,"gold_gain":0,"player_choice":"Bought 0 Potions","damage_taken":0,"max_hp_gain":0,"max_hp_loss":0,"event_name":"The Woman in Blue","floor":20,"gold_loss":0}],"is_beta":false,"boss_relics":[{"not_picked":["Ectoplasm","Busted Crown"],"picked":"Velvet Choker"}],"items_purged_floors":[4,12],"is_endless":false,"potions_floor_spawned":[5,11,16,21],"killed_by":"Snecko","ascension_level":11}