{"gold_per_floor":[112,262,281,2,2,2,27,41,68,78,78,11,26,36,36,111,111,124,136,24,35,47,47,60,60,87,120,120,132,132,149,149,220,220,238,253,253,164,164,199,212,212],"floor_reached":42,"playtime":3237,"items_purged":["Strike_B","Strike_B"],"score":1004,"play_id":"905c84dd-7cd4-4b95-82da-9df97520c929","local_time":"20190419201531","is_ascension_mode":true,"campfire_choices":[{"data":"Cold Snap","floor":6,"key":"SMITH"},{"floor":11,"key":"REST"},{"floor":15,"key":"REST"},{"data":"Defragment","floor":23,"key":"SMITH"},{"floor":25,"key":"REST"},{"data":"Consume","floor":28,"key":"SMITH"},{"floor":30,"key":"REST"},{"floor":32,"key":"REST"}],"neow_cost":"NONE","seed_source_timestamp":40460471870072,"circlet_count":0,"master_deck":["AscendersBane","Strike_B","Defend_B","Defend_B","Defend_B","Defend_B","Zap+1","Dualcast","Hologram","Undo","Cold Snap+1","Echo Form","Double Energy","Reinforced Body","Melter","Reboot","Sweeping Beam","Defragment+1","Consume+1","Ball Lightning","White Noise+1","Coolheaded","Seek","Doom and Gloom","Defragment"],"relics":["Cracked Core","Omamori","Membership Card","Happy Flower","Centennial Puzzle","White Beast Statue","Runic Capacitor","Pen Nib","Gremlin Horn","Busted Crown","Strawberry"],"potions_floor_usage":[7,10,10,16,16,19,22,24,33,40,41],"damage_taken":[{"damage":1,"enemies":"2 Louse","floor":1,"turns":3},{"damage":12,"enemies":"Small Slimes","floor":3,"turns":3},{"damage":9,"enemies":"3 Sentries","floor":7,"turns":10},{"damage":1,"enemies":"Cultist","floor":8,"turns":3},{"damage":26,"enemies":"Gremlin Gang","floor":10,"turns":6},{"damage":9,"enemies":"2 Fungi Beasts","floor":13,"turns":3},{"damage":10,"enemies":"Large Slime","floor":14,"turns":6},{"damage":0,"enemies":"Slime Boss","floor":16,"turns":7},{"damage":0,"enemies":"Spheric Guardian","floor":18,"turns":3},{"damage":3,"enemies":"Shell Parasite","floor":19,"turns":6},{"damage":11,"enemies":"Snecko","floor":21,"turns":9},{"damage":9,"enemies":"Centurion and Healer","floor":22,"turns":9},{"damage":7,"enemies":"Shelled Parasite and Fungi","floor":24,"turns":6},{"damage":28,"enemies":"Book of Stabbing","floor":27,"turns":7},{"damage":0,"enemies":"Sentry and Sphere","floor":29,"turns":3},{"damage":1,"enemies":"Snecko","floor":31,"turns":5},{"damage":13,"enemies":"Automaton","floor":33,"turns":10},{"damage":11,"enemies":"3 Shapes","floor":35,"turns":4},{"damage":4,"enemies":"Orb Walker","floor":36,"turns":4},{"damage":36,"enemies":"Nemesis","floor":40,"turns":13},{"damage":19,"enemies":"3 Darklings","floor":41,"turns":6},{"damage":47,"enemies":"Jaw Worm Horde","floor":42,"turns":3}],"seed_played":"8763746366776202364","potions_obtained":[{"floor":7,"key":"Dexterity Potion"},{"floor":8,"key":"Block Potion"},{"floor":10,"key":"FocusPotion"},{"floor":14,"key":"PowerPotion"},{"floor":18,"key":"Weak Potion"},{"floor":19,"key":"SkillPotion"},{"floor":21,"key":"Weak Potion"},{"floor":22,"key":"FairyPotion"},{"floor":24,"key":"Ancient Potion"},{"floor":27,"key":"Energy Potion"},{"floor":29,"key":"PowerPotion"},{"floor":33,"key":"FocusPotion"},{"floor":40,"key":"Regen Potion"},{"floor":41,"key":"FairyPotion"}],"is_trial":false,"path_per_floor":["M","?","M","$","?","R","E","M","T","M","R","$","M","M","R","B",null,"M","M","$","M","M","R","M","R","T","E","R","M","R","M","R","B",null,"M","M","?","$","?","E","M","M"],"character_chosen":"DEFECT","items_purchased":["Membership Card","Cold Snap","PowerPotion","Dexterity Potion","Runic Capacitor","Defragment"],"campfire_rested":5,"item_purchase_floors":[4,4,4,12,20,38],"current_hp_per_floor":[63,63,51,51,51,51,42,41,41,15,36,36,27,17,38,38,63,63,60,60,49,40,40,33,54,54,26,26,26,47,46,67,54,67,56,52,52,52,52,23,19,0],"gold":212,"neow_bonus":"RANDOM_COMMON_RELIC","is_prod":false,"is_daily":false,"chose_seed":false,"campfire_upgraded":3,"win_rate":0,"timestamp":1555672531,"path_taken":["M","?","M","$","?","R","E","M","T","M","R","$","M","?","R","BOSS","M","M","$","M","M","R","M","R","T","E","R","M","R","M","R","BOSS","M","?","?","$","?","E","M","M"],"build_version":"2019-01-23","purchased_purges":2,"victory":false,"max_hp_per_floor":[71,71,71,71,71,71,71,71,71,71,71,71,71,71,71,71,71,71,71,71,71,71,71,71,71,71,71,71,71,71,71,71,71,71,71,71,71,71,71,78,78,78],"card_choices":[{"not_picked":["Scrape","Tempest"],"picked":"Hologram","floor":1},{"not_picked":["Heatsinks","Steam Power"],"picked":"Undo","floor":3},{"not_picked":["FTL","Self Repair"],"picked":"Echo Form","floor":7},{"not_picked":["Hologram","Darkness"],"picked":"Double Energy","floor":8},{"not_picked":["Melter","Recycle"],"picked":"Reinforced Body","floor":10},{"not_picked":["Aggregate","Capacitor"],"picked":"Melter","floor":13},{"not_picked":["Barrage","Melter","Reinforced Body"],"picked":"SKIP","floor":14},{"not_picked":["Thunder Strike","Meteor Strike"],"picked":"Reboot","floor":16},{"not_picked":["Darkness","Leap"],"picked":"Sweeping Beam","floor":18},{"not_picked":["Melter","Stack"],"picked":"Defragment","floor":19},{"not_picked":["Chaos","Ball Lightning"],"picked":"Consume","floor":21},{"not_picked":["Streamline","Static Discharge","Undo"],"picked":"SKIP","floor":22},{"not_picked":["Sweeping Beam","Rainbow"],"picked":"Ball Lightning","floor":24},{"not_picked":["Force Field","Reinforced Body"],"picked":"White Noise+1","floor":27},{"not_picked":["Aggregate","Steam","Streamline"],"picked":"SKIP","floor":29},{"not_picked":["Stack","Redo+1"],"picked":"Coolheaded","floor":31},{"not_picked":["Echo Form","Hyperbeam"],"picked":"Seek","floor":33},{"not_picked":[],"picked":"Doom and Gloom","floor":35},{"not_picked":["Redo"],"picked":"SKIP","floor":36},{"not_picked":["Doom and Gloom"],"picked":"SKIP","floor":40},{"not_picked":["Static Discharge"],"picked":"SKIP","floor":41}],"player_experience":991567,"relics_obtained":[{"floor":7,"key":"Happy Flower"},{"floor":9,"key":"Centennial Puzzle"},{"floor":26,"key":"Pen Nib"},{"floor":27,"key":"Gremlin Horn"},{"floor":40,"key":"Strawberry"}],"event_choices":[{"damage_healed":0,"gold_gain":150,"player_choice":"AGREE","damage_taken":0,"max_hp_gain":0,"max_hp_loss":0,"event_name":"Liars Game","floor":2,"gold_loss":0,"cards_obtained":["Doubt"]},{"damage_healed":0,"gold_gain":0,"player_choice":"Upgraded","damage_taken":0,"max_hp_gain":0,"max_hp_loss":0,"event_name":"Upgrade Shrine","floor":5,"gold_loss":0,"cards_upgraded":["Zap"]},{"cards_removed":["Strike_B"],"damage_healed":0,"gold_gain":0,"player_choice":"Removed Attack","damage_taken":0,"max_hp_gain":0,"max_hp_loss":0,"event_name":"Falling","floor":37,"gold_loss":0},{"damage_healed":0,"gold_gain":0,"player_choice":"Memory 1","damage_taken":0,"max_hp_gain":0,"max_hp_loss":0,"event_name":"SensoryStone","floor":39,"gold_loss":0}],"is_beta":false,"boss_relics":[{"not_picked":["Coffee Dripper","FrozenCore"],"picked":"White Beast Statue"},{"not_picked":["Lizard Tail","Eternal Feather"],"picked":"Busted Crown"}],"items_purged_floors":[12,38],"is_endless":false,"potions_floor_spawned":[7,8,10,14,18,19,21,22,24,27,29,31,33,35,36,40,41],"killed_by":"Jaw Worm Horde","ascension_level":20}