{"gold_per_floor":[119,119,119,44,62,91,91,91,146,146,146,159,159,176,176,251,251,262,162,172,82,94,94,110,110,110,110,144,144,156,156],"floor_reached":31,"playtime":1773,"items_purged":["Regret","Strike_G"],"score":459,"play_id":"b670837c-6888-4adb-9bbd-926d2387a787","local_time":"20190511084114","is_ascension_mode":true,"campfire_choices":[{"data":"Corpse Explosion","floor":7.0,"key":"SMITH"},{"data":"Caltrops","floor":11.0,"key":"SMITH"},{"data":"Dagger Spray","floor":13.0,"key":"SMITH"},{"data":"Noxious Fumes","floor":15.0,"key":"SMITH"},{"data":"Burst","floor":23.0,"key":"SMITH"},{"data":"Blade Dance","floor":25.0,"key":"SMITH"},{"data":"Infinite Blades","floor":27.0,"key":"SMITH"},{"data":"Acrobatics","floor":29.0,"key":"SMITH"}],"neow_cost":"NONE","seed_source_timestamp":541096182399439,"circlet_count":0,"master_deck":["AscendersBane","Defend_G","Defend_G+1","Defend_G","Defend_G","Defend_G","Strike_G","Strike_G","Strike_G","Survivor","Neutralize+1","Dagger Throw","Escape Plan","Corpse Explosion+1","Backflip","Caltrops+1","Dagger Spray+1","Noxious Fumes+1","Burst+1","Acrobatics+1","Blade Dance+1","Infinite Blades+1","Backstab","Leg Sweep+1","PiercingWail"],"special_seed":0,"relics":["Ring of the Snake","NeowsBlessing","Ancient Tea Set","Shuriken","Tiny Chest","Coffee Dripper","Question Card","Kunai"],"potions_floor_usage":[31],"damage_taken":[{"damage":0.0,"enemies":"Small Slimes","floor":1.0,"turns":1.0},{"damage":0.0,"enemies":"Jaw Worm","floor":5.0,"turns":1.0},{"damage":0.0,"enemies":"Gremlin Nob","floor":6.0,"turns":1.0},{"damage":0.0,"enemies":"Cultist","floor":12.0,"turns":4.0},{"damage":0.0,"enemies":"Exordium Wildlife","floor":14.0,"turns":2.0},{"damage":39.0,"enemies":"Slime Boss","floor":16.0,"turns":8.0},{"damage":10.0,"enemies":"Spheric Guardian","floor":18.0,"turns":4.0},{"damage":0.0,"enemies":"Chosen","floor":20.0,"turns":4.0},{"damage":13.0,"enemies":"Snake Plant","floor":22.0,"turns":5.0},{"damage":2.0,"enemies":"Cultist and Chosen","floor":24.0,"turns":4.0},{"damage":12.0,"enemies":"Book of Stabbing","floor":28.0,"turns":4.0},{"damage":13,"enemies":"Snecko","floor":30,"turns":5},{"damage":9,"enemies":"Slavers","floor":31,"turns":2}],"seed_played":"-6699080019184167090","potions_obtained":[{"floor":6.0,"key":"FearPotion"},{"floor":14.0,"key":"SkillPotion"},{"floor":18.0,"key":"Fire Potion"},{"floor":24.0,"key":"EssenceOfSteel"},{"floor":30,"key":"Poison Potion"}],"is_trial":false,"path_per_floor":["M","?","?","$","M","E","R","?","T","?","R","M","R","M","R","B",null,"M","$","M","?","M","R","M","R","T","R","E","R","M","E"],"character_chosen":"THE_SILENT","items_purchased":[],"campfire_rested":0,"item_purchase_floors":[],"current_hp_per_floor":[63,63,63,63,63,63,63,63,63,63,63,63,63,63,63,24,59,49,49,49,49,36,36,34,34,34,34,22,22,9,0],"gold":156,"neow_bonus":"THREE_ENEMY_KILL","is_prod":false,"is_daily":false,"chose_seed":false,"campfire_upgraded":8,"win_rate":0,"timestamp":1557582074,"path_taken":["M","?","?","$","?","E","R","?","T","?","R","M","R","M","R","BOSS","M","$","M","?","?","R","M","R","T","R","E","R","?","E"],"build_version":"2019-01-23","purchased_purges":2,"victory":false,"max_hp_per_floor":[70,70,70,70,70,70,70,70,70,70,70,70,70,70,70,70,70,70,70,70,70,70,70,70,70,70,70,70,70,70,70],"card_choices":[{"not_picked":["Caltrops","Setup"],"picked":"Dagger Throw","floor":1.0},{"not_picked":["Sucker Punch","Concentrate"],"picked":"Backflip","floor":5.0},{"not_picked":["Heel Hook","Deadly Poison"],"picked":"Caltrops","floor":6.0},{"not_picked":["Blur","Poisoned Stab"],"picked":"Dagger Spray","floor":12.0},{"not_picked":["Eviscerate","Sucker Punch"],"picked":"Noxious Fumes","floor":14.0},{"not_picked":["Envenom","Die Die Die"],"picked":"Burst","floor":16.0},{"not_picked":["Deadly Poison","Predator"],"picked":"Acrobatics","floor":18.0},{"not_picked":["Dagger Throw","Backflip"],"picked":"Blade Dance","floor":20.0},{"not_picked":["Deadly Poison","Catalyst"],"picked":"Infinite Blades","floor":22.0},{"not_picked":["Dagger Spray+1","Phantasmal Killer"],"picked":"Backstab","floor":24.0},{"not_picked":["Reflex","Backflip","Crippling Poison+1"],"picked":"Leg Sweep+1","floor":28.0},{"not_picked":["Blur","Bane","Deadly Poison"],"picked":"PiercingWail","floor":30}],"player_experience":424164,"relics_obtained":[{"floor":6.0,"key":"Shuriken"},{"floor":9.0,"key":"Tiny Chest"},{"floor":26.0,"key":"Question Card"},{"floor":28.0,"key":"Kunai"}],"event_choices":[{"damage_healed":0.0,"max_hp_gain":0.0,"max_hp_loss":0.0,"gold_gain":0.0,"event_name":"Big Fish","player_choice":"Box","floor":2.0,"gold_loss":0.0,"damage_taken":0.0,"relics_obtained":["Ancient Tea Set"],"cards_obtained":["Regret"]},{"damage_healed":0.0,"max_hp_gain":0.0,"max_hp_loss":0.0,"gold_gain":0.0,"event_name":"Match and Keep!","player_choice":"2 cards matched","floor":3.0,"gold_loss":0.0,"damage_taken":0.0,"cards_obtained":["Escape Plan","Corpse Explosion"]},{"damage_healed":0.0,"max_hp_gain":0.0,"max_hp_loss":0.0,"gold_gain":0.0,"event_name":"Golden Idol","player_choice":"Ignored","floor":8.0,"gold_loss":0.0,"damage_taken":0.0},{"damage_healed":0.0,"max_hp_gain":0.0,"max_hp_loss":0.0,"gold_gain":0.0,"event_name":"Living Wall","player_choice":"Grow","floor":10.0,"gold_loss":0.0,"damage_taken":0.0,"cards_upgraded":["Neutralize"]},{"cards_removed":["Strike_G"],"damage_healed":0.0,"max_hp_gain":0.0,"max_hp_loss":0.0,"gold_gain":0.0,"event_name":"Designer","player_choice":"Upgrade and Remove","floor":21.0,"gold_loss":90.0,"damage_taken":0.0,"cards_upgraded":["Defend_G"]}],"is_beta":false,"boss_relics":[{"not_picked":["Calling Bell","Lizard Tail"],"picked":"Coffee Dripper"}],"items_purged_floors":[4,19],"is_endless":false,"potions_floor_spawned":[6,14,18,24,30],"killed_by":"Slavers","ascension_level":13}