{"gold_per_floor":[115,115,134,134,151,216,216,216,216,232,232,246,246,258,258,356,356,369,8,27,27,27,53,128,151,200,213,245,256,75,92,92,196,196,206,219,219,233,252,252,252,252,277,277,70,90,108,108,108,108],"floor_reached":51,"playtime":2894,"items_purged":["Parasite","Strike_G+1","Doubt"],"score":822,"play_id":"40e7fef5-159e-4cb2-ae50-3e87bedda1ce","local_time":"20181022162941","is_ascension_mode":true,"campfire_choices":[{"floor":7,"key":"REST"},{"data":"Noxious Fumes","floor":11,"key":"SMITH"},{"data":"Neutralize","floor":13,"key":"SMITH"},{"floor":15,"key":"REST"},{"floor":32,"key":"REST"},{"floor":40,"key":"REST"},{"data":"Dodge and Roll","floor":42,"key":"SMITH"},{"data":"Dodge and Roll","floor":49,"key":"SMITH"}],"neow_cost":"NONE","seed_source_timestamp":151698507859681,"circlet_count":0,"master_deck":["Defend_G+1","Defend_G+1","Defend_G+1","Defend_G+1","Strike_G+1","Strike_G+1","Strike_G+1","Strike_G+1","Survivor+1","Neutralize+1","Deflect","PiercingWail","Noxious Fumes+1","Deflect+1","Flying Knee","Corpse Explosion+1","Adrenaline","Bane+1","Dodge and Roll+1","Leg Sweep","Backflip+1","Well Laid Plans","Bane","Dodge and Roll+1","Deflect+1","Bandage Up"],"relics":["Ring of the Serpent","Question Card","Tiny Chest","Kunai","Velvet Choker","Oddly Smooth Stone","Bag of Preparation","War Paint","Bronze Scales","Blue Candle","Vajra"],"potions_floor_usage":[16,28,33,36,39,50,50,50],"damage_taken":[{"damage":0,"enemies":"2 Louse","floor":1,"turns":4},{"damage":0,"enemies":"Small Slimes","floor":3,"turns":4},{"damage":5,"enemies":"Cultist","floor":5,"turns":4},{"damage":47,"enemies":"Gremlin Nob","floor":6,"turns":6},{"damage":26,"enemies":"Exordium Thugs","floor":10,"turns":7},{"damage":3,"enemies":"3 Louse","floor":12,"turns":4},{"damage":3,"enemies":"Blue Slaver","floor":14,"turns":4},{"damage":33,"enemies":"The Guardian","floor":16,"turns":13},{"damage":8,"enemies":"3 Byrds","floor":18,"turns":4},{"damage":5,"enemies":"Chosen","floor":20,"turns":5},{"damage":6,"enemies":"Gremlin Leader","floor":23,"turns":8},{"damage":5,"enemies":"Shelled Parasite and Fungi","floor":27,"turns":5},{"damage":11,"enemies":"Book of Stabbing","floor":28,"turns":5},{"damage":5,"enemies":"Chosen and Byrds","floor":29,"turns":6},{"damage":2,"enemies":"Centurion and Healer","floor":31,"turns":4},{"damage":8,"enemies":"Champ","floor":33,"turns":16},{"damage":2,"enemies":"Orb Walker","floor":35,"turns":4},{"damage":11,"enemies":"3 Darklings","floor":36,"turns":3},{"damage":14,"enemies":"Writhing Mass","floor":38,"turns":7},{"damage":33,"enemies":"Sphere and 2 Shapes","floor":39,"turns":6},{"damage":1,"enemies":"3 Darklings","floor":46,"turns":2},{"damage":22,"enemies":"Spire Growth","floor":47,"turns":5},{"damage":41,"enemies":"Donu and Deca","floor":50,"turns":10}],"seed_played":"-4065763791767838374","potions_obtained":[{"floor":3,"key":"Ancient Potion"},{"floor":6,"key":"Weak Potion"},{"floor":14,"key":"Ancient Potion"},{"floor":27,"key":"EssenceOfSteel"},{"floor":28,"key":"AttackPotion"},{"floor":33,"key":"Regen Potion"},{"floor":38,"key":"PowerPotion"},{"floor":39,"key":"AttackPotion"},{"floor":46,"key":"EssenceOfSteel"},{"floor":47,"key":"Block Potion"}],"is_trial":false,"path_per_floor":["M","?","M","T","M","E","R","?","T","M","R","M","R","M","R","B",null,"M","$","M","$","?","E","?","T","T","M","E","M","$","M","R","B",null,"M","M","?","M","M","R","?","R","T","?","$","M","M","$","R","B"],"character_chosen":"THE_SILENT","items_purchased":["Oddly Smooth Stone","Adrenaline","Well Laid Plans","Bandage Up"],"campfire_rested":4,"item_purchase_floors":[19,19,30,45],"current_hp_per_floor":[77,70,70,70,65,18,41,60,60,34,34,31,31,28,51,18,77,69,69,64,64,64,58,51,51,51,46,35,30,30,28,50,42,74,72,61,61,47,14,36,36,36,36,74,74,73,55,55,55,33],"gold":108,"neow_bonus":"TEN_PERCENT_HP_BONUS","is_prod":false,"is_daily":false,"chose_seed":false,"campfire_upgraded":4,"win_rate":0,"timestamp":1540218581,"path_taken":["M","?","M","?","M","E","R","?","T","M","R","M","R","M","R","BOSS","M","$","M","$","?","E","?","?","T","?","E","?","$","M","R","BOSS","M","M","?","M","M","R","?","R","T","?","$","M","M","$","R","BOSS"],"build_version":"2018-10-18","purchased_purges":3,"victory":true,"max_hp_per_floor":[77,77,77,77,77,77,77,77,77,77,77,77,77,77,77,77,77,77,74,74,74,74,74,74,74,74,74,74,74,74,74,74,74,74,74,74,74,74,74,74,74,74,74,74,74,74,74,74,74,74],"card_choices":[{"not_picked":["PiercingWail","Flying Knee"],"picked":"Deflect","floor":1},{"not_picked":["Catalyst","Endless Agony","Bane"],"picked":"SKIP","floor":3},{"not_picked":["Well Laid Plans","Bane","Bullet Time"],"picked":"PiercingWail","floor":5},{"not_picked":["Cloak And Dagger","Poisoned Stab","Escape Plan"],"picked":"Noxious Fumes","floor":6},{"not_picked":["Predator","Quick Slash","Dagger Throw"],"picked":"Deflect","floor":10},{"not_picked":["Backflip","Quick Slash","Outmaneuver","Heel Hook"],"picked":"SKIP","floor":12},{"not_picked":["Concentrate","Quick Slash","All Out Attack"],"picked":"Flying Knee","floor":14},{"not_picked":["Grand Finale","Glass Knife","Unload"],"picked":"Corpse Explosion","floor":16},{"not_picked":["Riddle With Holes","Sucker Punch","Eviscerate+1","Outmaneuver"],"picked":"SKIP","floor":18},{"not_picked":["Flechettes","All Out Attack","Deadly Poison"],"picked":"Bane+1","floor":20},{"not_picked":["Flying Knee","Finisher+1","Acrobatics"],"picked":"Dodge and Roll","floor":23},{"not_picked":["Blade Dance","Malaise","Tactician","Terror+1"],"picked":"SKIP","floor":27},{"not_picked":["Acrobatics","Tactician+1","Calculated Gamble"],"picked":"Leg Sweep","floor":28},{"not_picked":["Endless Agony","Accuracy","Dagger Spray+1"],"picked":"Backflip+1","floor":29},{"not_picked":["Cloak And Dagger","Backflip","Outmaneuver"],"picked":"Bane","floor":31},{"not_picked":["Endless Agony","Outmaneuver+1","Bane+1"],"picked":"Dodge and Roll","floor":35},{"not_picked":["Prepared","Underhanded Strike","Dagger Spray","Cloak And Dagger"],"picked":"SKIP","floor":36},{"not_picked":["Sucker Punch+1","Deadly Poison","Acrobatics"],"picked":"Deflect+1","floor":38},{"not_picked":["Distraction+1","Blade Dance","Choke+1","Bullet Time"],"picked":"SKIP","floor":39},{"not_picked":["Finisher+1","Concentrate","Riddle With Holes","Dash+1"],"picked":"SKIP","floor":46},{"not_picked":["Quick Slash+1","Dagger Throw","Cloak And Dagger","Masterful Stab+1"],"picked":"SKIP","floor":47}],"player_experience":227025,"relics_obtained":[{"floor":4,"key":"Question Card"},{"floor":6,"key":"Tiny Chest"},{"floor":9,"key":"Kunai"},{"floor":23,"key":"Bag of Preparation"},{"floor":25,"key":"War Paint"},{"floor":26,"key":"Bronze Scales"},{"floor":28,"key":"Blue Candle"},{"floor":43,"key":"Vajra"}],"event_choices":[{"cards_removed":["Defend_G"],"damage_healed":0,"gold_gain":0,"player_choice":"Card Removal","damage_taken":7,"max_hp_gain":0,"max_hp_loss":0,"event_name":"Golden Wing","floor":2,"gold_loss":0},{"damage_healed":19,"gold_gain":0,"player_choice":"Healed and dodged fight","damage_taken":0,"max_hp_gain":0,"max_hp_loss":0,"event_name":"Mushrooms","floor":8,"gold_loss":0,"cards_obtained":["Parasite"]},{"damage_healed":0,"gold_gain":0,"player_choice":"Simplicity","damage_taken":0,"max_hp_gain":0,"max_hp_loss":0,"event_name":"Back to Basics","floor":22,"gold_loss":0,"cards_upgraded":["Defend_G","Defend_G","Defend_G","Defend_G","Strike_G","Strike_G","Strike_G","Strike_G","Strike_G"]},{"damage_healed":0,"gold_gain":75,"player_choice":"Touch","damage_taken":7,"max_hp_gain":0,"max_hp_loss":0,"event_name":"FaceTrader","floor":24,"gold_loss":0},{"damage_healed":0,"gold_gain":0,"player_choice":"Upgraded","damage_taken":0,"max_hp_gain":0,"max_hp_loss":0,"event_name":"Upgrade Shrine","floor":37,"gold_loss":0,"cards_upgraded":["Corpse Explosion"]},{"damage_healed":0,"gold_gain":0,"player_choice":"Memory 1","damage_taken":0,"max_hp_gain":0,"max_hp_loss":0,"event_name":"SensoryStone","floor":41,"gold_loss":0},{"damage_healed":38,"gold_gain":0,"player_choice":"Heal","damage_taken":0,"max_hp_gain":0,"max_hp_loss":0,"event_name":"MindBloom","floor":44,"gold_loss":0,"cards_obtained":["Doubt"]}],"is_beta":false,"boss_relics":[{"not_picked":["Fusion Hammer","Runic Dome"],"picked":"Velvet Choker"},{"not_picked":["Orrery","Cursed Key"],"picked":"Ring of the Serpent"}],"items_purged_floors":[19,30,45],"is_endless":false,"potions_floor_spawned":[3,6,14,27,28,29,33,38,39,46,47],"ascension_level":4}