{"gold_per_floor":[114,114,127,74,92,92,103,103,103,1,18,34,34,52,52,157,157,173,23,122,135,147,182,182,57,57,57,57,75,86,86],"floor_reached":31,"playtime":1057,"items_purged":["Strike_B","Strike_B","Decay"],"score":299,"play_id":"f87c2f20-f0fd-401e-b456-394c82e07a28","local_time":"20181008231716","is_ascension_mode":true,"campfire_choices":[{"data":"Conserve Battery","floor":6,"key":"SMITH"},{"data":"Barrage","floor":8,"key":"SMITH"},{"floor":15,"key":"REST"},{"floor":27,"key":"REST"}],"neow_cost":"","seed_source_timestamp":790073861503213,"circlet_count":0,"master_deck":["Strike_B+1","Defend_B","Defend_B","Defend_B","Defend_B","Zap","Dualcast+1","Conserve Battery+1","Ball Lightning","Conserve Battery","Barrage+1","Ball Lightning","Conserve Battery","Conserve Battery","Barrage","Go for the Eyes","Cold Snap","Darkness+1","Redo","Static Discharge","Stack+1"],"relics":["Cracked Core","Pen Nib","Velvet Choker","Letter Opener","Ornamental Fan"],"potions_floor_usage":[22],"damage_taken":[{"damage":12,"enemies":"Small Slimes","floor":1,"turns":2},{"damage":12,"enemies":"Jaw Worm","floor":3,"turns":2},{"damage":0,"enemies":"2 Louse","floor":5,"turns":1},{"damage":0,"enemies":"Exordium Wildlife","floor":7,"turns":3},{"damage":7,"enemies":"3 Louse","floor":11,"turns":2},{"damage":3,"enemies":"2 Fungi Beasts","floor":12,"turns":3},{"damage":0,"enemies":"Looter","floor":14,"turns":3},{"damage":10,"enemies":"The Guardian","floor":16,"turns":9},{"damage":2,"enemies":"Shell Parasite","floor":18,"turns":4},{"damage":3,"enemies":"3 Byrds","floor":21,"turns":4},{"damage":13,"enemies":"Cultist and Chosen","floor":22,"turns":6},{"damage":33,"enemies":"Book of Stabbing","floor":23,"turns":6},{"damage":9,"enemies":"Chosen and Byrds","floor":29,"turns":4},{"damage":26,"enemies":"Snake Plant","floor":30,"turns":4},{"damage":12,"enemies":"Shelled Parasite and Fungi","floor":31,"turns":2}],"seed_played":"3041088443267921080","potions_obtained":[{"floor":1,"key":"SteroidPotion"},{"floor":3,"key":"Weak Potion"},{"floor":11,"key":"Energy Potion"},{"floor":22,"key":"FocusPotion"}],"is_trial":false,"path_per_floor":["M","?","M","$","M","R","M","R","T","$","M","M","?","M","R","B",null,"M","$","?","M","M","E","?","$","T","R","?","M","M"],"character_chosen":"DEFECT","items_purchased":["Ball Lightning","Ball Lightning","Cold Snap"],"campfire_rested":2,"item_purchase_floors":[4,10,19],"current_hp_per_floor":[63,48,36,36,36,36,36,36,36,36,29,26,26,26,48,38,75,73,73,73,70,57,24,24,24,24,46,46,37,11,0],"gold":86,"neow_bonus":"","is_prod":false,"is_daily":false,"chose_seed":false,"campfire_upgraded":2,"win_rate":0,"timestamp":1539033436,"path_taken":["M","?","M","$","M","R","M","R","T","?","?","?","?","M","R","BOSS","M","$","?","M","M","E","?","$","T","R","?","?","M","?"],"build_version":"2018-10-04v2","purchased_purges":3,"victory":false,"max_hp_per_floor":[75,75,75,75,75,75,75,75,75,75,75,75,75,75,75,75,75,75,75,75,75,75,75,75,75,75,75,75,75,75,75],"card_choices":[{"not_picked":["Hello World","Fusion","Lockon"],"picked":"SKIP","floor":1},{"not_picked":["Fusion","Genetic Algorithm"],"picked":"Conserve Battery","floor":3},{"not_picked":["Go for the Eyes","Gash"],"picked":"Conserve Battery","floor":5},{"not_picked":["Chaos","Turbo"],"picked":"Barrage","floor":7},{"not_picked":["Rip and Tear","Cold Snap"],"picked":"Conserve Battery","floor":11},{"not_picked":["Hello World","Chaos"],"picked":"Conserve Battery","floor":12},{"not_picked":["Auto Shields","Leap"],"picked":"Barrage","floor":14},{"not_picked":["Rip and Tear","Hologram"],"picked":"Go for the Eyes","floor":18},{"not_picked":["Melter+1","Ball Lightning+1"],"picked":"Darkness+1","floor":21},{"not_picked":["Sweeping Beam","Heatsinks"],"picked":"Redo","floor":22},{"not_picked":["Aggregate","Auto Shields"],"picked":"Static Discharge","floor":23},{"not_picked":["All For One","Gash","Rebound"],"picked":"SKIP","floor":29},{"not_picked":["Undo","Compile Driver+1"],"picked":"Stack+1","floor":30}],"player_experience":155401,"relics_obtained":[{"floor":9,"key":"Pen Nib"},{"floor":23,"key":"Letter Opener"},{"floor":26,"key":"Ornamental Fan"}],"event_choices":[{"event_name":"Shining Light","player_choice":"Entered Light","floor":2,"damage_taken":0},{"event_name":"Living Wall","player_choice":"Forget","floor":13,"damage_taken":0},{"event_name":"Nest","player_choice":"Stole From Cult","floor":20,"damage_taken":0},{"event_name":"Forgotten Altar","player_choice":"Smashed Altar","floor":24,"damage_taken":0}],"is_beta":false,"boss_relics":[{"not_picked":["FrozenCore","Nuclear Battery"],"picked":"Velvet Choker"}],"items_purged_floors":[10,19,25],"is_endless":false,"potions_floor_spawned":[1,3,11,12,22,23,29],"killed_by":"Shelled Parasite and Fungi","ascension_level":2}