{"gold_per_floor":[116,133,58,78,78,109,109,135,135,151,176,201,201,245,245,341,341,359,382,382],"floor_reached":20,"playtime":758,"items_purged":[],"score":326,"play_id":"7c35724a-4d82-4cef-9d30-f80f4b75807c","local_time":"20190202230611","is_ascension_mode":true,"campfire_choices":[{"data":"Zap","floor":7,"key":"SMITH"},{"floor":13,"key":"REST"},{"data":"Barrage","floor":15,"key":"SMITH"}],"neow_cost":"NONE","seed_source_timestamp":911991343750487,"circlet_count":0,"master_deck":["AscendersBane","Strike_B","Strike_B","Strike_B","Defend_B","Defend_B","Defend_B","Defend_B","Zap+1","Dualcast","Streamline","Self Repair","Sunder","Ball Lightning","Barrage+1","Conserve Battery","White Noise","Conserve Battery","Biased Cognition","Hologram"],"relics":["Cracked Core","Golden Idol","Bottled Lightning","Odd Mushroom","Kunai","Blue Candle","Nuclear Battery"],"potions_floor_usage":[6,14,18,20],"damage_taken":[{"damage":1,"enemies":"2 Louse","floor":1,"turns":3},{"damage":1,"enemies":"Small Slimes","floor":2,"turns":3},{"damage":1,"enemies":"Cultist","floor":4,"turns":3},{"damage":16,"enemies":"Gremlin Nob","floor":6,"turns":3},{"damage":2,"enemies":"The Mushroom Lair","floor":8,"turns":3},{"damage":15,"enemies":"3 Louse","floor":10,"turns":3},{"damage":12,"enemies":"Large Slime","floor":11,"turns":4},{"damage":0,"enemies":"2 Fungi Beasts","floor":12,"turns":2},{"damage":20,"enemies":"3 Sentries","floor":14,"turns":5},{"damage":37,"enemies":"The Guardian","floor":16,"turns":11},{"damage":40,"enemies":"2 Thieves","floor":18,"turns":4},{"damage":2,"enemies":"Chosen","floor":19,"turns":3},{"damage":24,"enemies":"3 Cultists","floor":20,"turns":3}],"seed_played":"-1061195885791655371","potions_obtained":[{"floor":1,"key":"FocusPotion"},{"floor":10,"key":"Poison Potion"},{"floor":12,"key":"Explosive Potion"},{"floor":16,"key":"Energy Potion"},{"floor":19,"key":"AttackPotion"}],"is_trial":false,"path_per_floor":["M","M","?","M","?","E","R","?","T","M","M","M","R","E","R","B",null,"M","M","M"],"character_chosen":"DEFECT","items_purchased":[],"campfire_rested":1,"item_purchase_floors":[],"current_hp_per_floor":[63,62,62,68,64,48,48,46,46,31,26,33,52,39,39,9,50,17,15,0],"gold":382,"neow_bonus":"TRANSFORM_CARD","is_prod":false,"is_daily":false,"chose_seed":false,"campfire_upgraded":2,"win_rate":0,"timestamp":1549116371,"path_taken":["M","M","?","M","?","E","R","?","T","M","M","M","R","E","R","BOSS","M","M","M"],"build_version":"2019-01-23","purchased_purges":0,"victory":false,"max_hp_per_floor":[71,71,71,71,64,64,64,64,64,64,64,64,64,64,64,64,64,64,64,64],"card_choices":[{"not_picked":["Chaos","Sweeping Beam"],"picked":"Streamline","floor":1},{"not_picked":["Cold Snap","Coolheaded"],"picked":"Self Repair","floor":2},{"not_picked":["Fusion","Compile Driver"],"picked":"Sunder","floor":4},{"not_picked":["Streamline","Barrage","Coolheaded"],"picked":"SKIP","floor":6},{"not_picked":["Compile Driver","Rainbow"],"picked":"Ball Lightning","floor":8},{"not_picked":["Rip and Tear","Compile Driver"],"picked":"Barrage","floor":10},{"not_picked":["Steam","Beam Cell"],"picked":"Conserve Battery","floor":11},{"not_picked":["Go for the Eyes","Steam Power"],"picked":"White Noise","floor":12},{"not_picked":["Compile Driver","Static Discharge"],"picked":"Conserve Battery","floor":14},{"not_picked":["Core Surge","Buffer"],"picked":"Biased Cognition","floor":16},{"not_picked":["White Noise","Barrage","Rebound"],"picked":"SKIP","floor":18},{"not_picked":["Beam Cell","Barrage+1"],"picked":"Hologram","floor":19}],"player_experience":452805,"relics_obtained":[{"floor":6,"key":"Bottled Lightning"},{"floor":8,"key":"Odd Mushroom"},{"floor":9,"key":"Kunai"},{"floor":14,"key":"Blue Candle"}],"event_choices":[{"cards_removed":["Darkness"],"damage_healed":0,"gold_gain":0,"player_choice":"Card Removal","damage_taken":0,"max_hp_gain":0,"max_hp_loss":0,"event_name":"The Cleric","floor":3,"gold_loss":75},{"damage_healed":0,"gold_gain":0,"player_choice":"Lose Max HP","damage_taken":0,"relics_obtained":["Golden Idol"],"max_hp_gain":0,"max_hp_loss":7,"event_name":"Golden Idol","floor":5,"gold_loss":0},{"damage_healed":0,"gold_gain":0,"player_choice":"Fought Mushrooms","damage_taken":0,"max_hp_gain":0,"max_hp_loss":0,"event_name":"Mushrooms","floor":8,"gold_loss":0}],"is_beta":false,"boss_relics":[{"not_picked":["Runic Pyramid","Calling Bell"],"picked":"Nuclear Battery"}],"items_purged_floors":[],"is_endless":false,"potions_floor_spawned":[1,10,12,16,19],"killed_by":"3 Cultists","ascension_level":15}