{"gold_per_floor":[360,380,394,36,50,50,64,64,91,366,382,382,26,38,38,116,116,134,153,168,179,229,229,246,246,246,277,289,336,361,392,404,416],"floor_reached":33,"playtime":1908,"items_purged":["Regret"],"score":591,"play_id":"91b5639d-df7a-4ea8-9936-5d67e7bb2a9a","local_time":"20190427174834","is_ascension_mode":true,"campfire_choices":[{"data":"Uppercut","floor":6,"key":"SMITH"},{"data":"Immolate","floor":12,"key":"SMITH"},{"data":"Armaments","floor":15,"key":"SMITH"},{"floor":23,"key":"REST"},{"floor":28,"key":"REST"},{"floor":32,"key":"REST"}],"neow_cost":"TEN_PERCENT_HP_LOSS","seed_source_timestamp":34334195449191,"circlet_count":0,"master_deck":["AscendersBane","Strike_R","Strike_R","Strike_R","Strike_R","Defend_R","Defend_R","Defend_R","Defend_R","Bash","Uppercut+1","Battle Trance","Clothesline","Armaments+1","Headbutt","Warcry","Immolate+1","Seeing Red","Warcry","Metallicize","Shrug It Off","Flame Barrier","Shrug It Off","Shockwave","True Grit","Parasite","Fiend Fire","Second Wind","Battle Trance","Spot Weakness"],"relics":["Burning Blood","Dead Branch","Centennial Puzzle","Membership Card","Cursed Key","Incense Burner","MawBank","Boot"],"potions_floor_usage":[11,16,16,21,27,33],"damage_taken":[{"damage":2,"enemies":"Cultist","floor":1,"turns":4},{"damage":7,"enemies":"2 Louse","floor":2,"turns":3},{"damage":9,"enemies":"Small Slimes","floor":3,"turns":3},{"damage":15,"enemies":"Gremlin Gang","floor":5,"turns":6},{"damage":6,"enemies":"Looter","floor":7,"turns":3},{"damage":31,"enemies":"Lots of Slimes","floor":11,"turns":6},{"damage":0,"enemies":"2 Fungi Beasts","floor":14,"turns":1},{"damage":27,"enemies":"The Guardian","floor":16,"turns":11},{"damage":5,"enemies":"Spheric Guardian","floor":18,"turns":3},{"damage":13,"enemies":"Shell Parasite","floor":19,"turns":4},{"damage":30,"enemies":"Shelled Parasite and Fungi","floor":20,"turns":5},{"damage":12,"enemies":"Snake Plant","floor":21,"turns":7},{"damage":5,"enemies":"Chosen and Byrds","floor":24,"turns":5},{"damage":20,"enemies":"Gremlin Leader","floor":27,"turns":5},{"damage":29,"enemies":"Book of Stabbing","floor":29,"turns":6},{"damage":8,"enemies":"3 Cultists","floor":30,"turns":4},{"damage":11,"enemies":"Shelled Parasite and Fungi","floor":31,"turns":4},{"damage":36,"enemies":"Automaton","floor":33,"turns":6}],"seed_played":"-3475922465504381774","potions_obtained":[{"floor":3,"key":"Weak Potion"},{"floor":11,"key":"FearPotion"},{"floor":14,"key":"Energy Potion"},{"floor":16,"key":"LiquidBronze"},{"floor":20,"key":"LiquidBronze"},{"floor":29,"key":"Weak Potion"}],"is_trial":false,"path_per_floor":["M","M","M","$","M","R","M","?","T","?","M","R","$","M","R","B",null,"M","M","M","M","?","R","M","?","T","E","R","E","M","M","R","B"],"character_chosen":"IRONCLAD","items_purchased":["Dead Branch","Armaments","Membership Card","Seeing Red","Warcry","Metallicize"],"campfire_rested":3,"item_purchase_floors":[4,4,13,13,13,13],"current_hp_per_floor":[68,67,64,64,55,55,55,48,48,48,23,23,23,29,29,8,53,54,47,23,17,17,37,38,38,38,24,44,21,19,14,34,0],"gold":416,"neow_bonus":"TWO_FIFTY_GOLD","is_prod":false,"is_daily":false,"chose_seed":false,"campfire_upgraded":3,"win_rate":0,"timestamp":1556354914,"path_taken":["M","M","M","$","?","R","M","?","T","?","M","R","$","?","R","BOSS","M","?","M","M","?","R","?","?","T","E","R","E","M","M","R","BOSS"],"build_version":"2019-01-23","purchased_purges":1,"victory":false,"max_hp_per_floor":[68,68,68,68,68,68,68,68,68,68,68,68,68,68,68,68,68,68,68,68,68,68,68,68,68,68,68,68,68,68,68,68,68],"card_choices":[{"not_picked":["Havoc","Cleave"],"picked":"Uppercut","floor":1},{"not_picked":["True Grit","Perfected Strike"],"picked":"Battle Trance","floor":2},{"not_picked":["Entrench","Combust"],"picked":"Clothesline","floor":3},{"not_picked":["Clash","Armaments"],"picked":"Headbutt","floor":5},{"not_picked":["Fire Breathing","Thunderclap"],"picked":"Warcry","floor":7},{"not_picked":["Infernal Blade","Armaments"],"picked":"Immolate","floor":11},{"not_picked":["Flex","Rampage","Wild Strike"],"picked":"SKIP","floor":14},{"not_picked":["Evolve","Clothesline"],"picked":"Shrug It Off","floor":18},{"not_picked":["Carnage","Dropkick"],"picked":"Flame Barrier","floor":19},{"not_picked":["Armaments","True Grit"],"picked":"Shrug It Off","floor":20},{"not_picked":["Sentinel","Wild Strike"],"picked":"Shockwave","floor":21},{"not_picked":["Twin Strike","Warcry"],"picked":"True Grit","floor":24},{"not_picked":["Pommel Strike+1","Shrug It Off"],"picked":"Fiend Fire","floor":27},{"not_picked":["Carnage","Iron Wave"],"picked":"Second Wind","floor":29},{"not_picked":["Clash","Havoc"],"picked":"Battle Trance","floor":30},{"not_picked":["Heavy Blade","Thunderclap"],"picked":"Spot Weakness","floor":31}],"player_experience":1103963,"relics_obtained":[{"floor":9,"key":"Centennial Puzzle"},{"floor":26,"key":"Incense Burner"},{"floor":27,"key":"MawBank"},{"floor":29,"key":"Boot"}],"event_choices":[{"cards_removed":["Strike_R"],"damage_healed":0,"gold_gain":0,"player_choice":"Card Removal","damage_taken":7,"max_hp_gain":0,"max_hp_loss":0,"event_name":"Golden Wing","floor":8,"gold_loss":0},{"damage_healed":0,"gold_gain":275,"player_choice":"Desecrate","damage_taken":0,"max_hp_gain":0,"max_hp_loss":0,"event_name":"Golden Shrine","floor":10,"gold_loss":0,"cards_obtained":["Regret"]},{"damage_healed":0,"gold_gain":50,"player_choice":"Pray","damage_taken":0,"max_hp_gain":0,"max_hp_loss":0,"event_name":"Golden Shrine","floor":22,"gold_loss":0},{"damage_healed":0,"gold_gain":0,"player_choice":"Ignored","damage_taken":0,"max_hp_gain":0,"max_hp_loss":0,"event_name":"Ghosts","floor":25,"gold_loss":0}],"is_beta":false,"boss_relics":[{"not_picked":["Empty Cage","Eternal Feather"],"picked":"Cursed Key"}],"items_purged_floors":[13],"is_endless":false,"potions_floor_spawned":[3,11,14,16,20,29],"killed_by":"Automaton","ascension_level":20}