{"gold_per_floor":[115,40,40,40,60,85,85,98,128,28,40,68,80,96,96,194,194,214,241,255,130,130],"floor_reached":22,"playtime":753,"items_purged":["Strike_R","Bash","Strike_R"],"score":196,"play_id":"25017f08-3e4a-4dcd-ad7f-795d3711aafe","local_time":"20180809000827","is_ascension_mode":false,"campfire_choices":[{"data":"Uppercut","floor":7.0,"key":"SMITH"},{"floor":15.0,"key":"REST"}],"neow_cost":"NONE","seed_source_timestamp":4793216587857,"circlet_count":0,"master_deck":["Strike_R","Strike_R","Strike_R","Defend_R","Defend_R","Defend_R","Rage","Pommel Strike","Exhume","Uppercut+1","Flex","Flex","Thunderclap"],"special_seed":0,"relics":["Burning Blood","Letter Opener","Tiny Chest","Frozen Egg 2","Eternal Feather","Regal Pillow"],"potions_floor_usage":[],"damage_taken":[{"damage":0.0,"enemies":"Small Slimes","floor":1.0,"turns":3.0},{"damage":6.0,"enemies":"Cultist","floor":5.0,"turns":3.0},{"damage":24.0,"enemies":"Gremlin Nob","floor":6.0,"turns":5.0},{"damage":10.0,"enemies":"2 Louse","floor":8.0,"turns":3.0},{"damage":15.0,"enemies":"2 Fungi Beasts","floor":11.0,"turns":3.0},{"damage":18.0,"enemies":"3 Sentries","floor":12.0,"turns":4.0},{"damage":3.0,"enemies":"Red Slaver","floor":13.0,"turns":3.0},{"damage":7.0,"enemies":"Lots of Slimes","floor":14.0,"turns":3.0},{"damage":38.0,"enemies":"The Guardian","floor":16.0,"turns":10.0},{"damage":20.0,"enemies":"Spheric Guardian","floor":18.0,"turns":5.0},{"damage":41.0,"enemies":"3 Byrds","floor":20.0,"turns":6.0},{"damage":34,"enemies":"Snake Plant","floor":22,"turns":5}],"seed_played":"-3771394551797389277","potions_obtained":[{"floor":8.0,"key":"SkillPotion"},{"floor":12.0,"key":"Strength Potion"},{"floor":18.0,"key":"EssenceOfSteel"}],"is_trial":false,"path_per_floor":["M","$","?","?","M","E","R","M","T","$","M","E","M","M","R","B",null,"M","T","M","$"],"character_chosen":"IRONCLAD","items_purchased":[],"campfire_rested":1,"item_purchase_floors":[],"current_hp_per_floor":[80,80,80,73,73,55,55,51,51,51,42,30,33,32,56,24,80,66,66,31,31,0],"gold":130,"neow_bonus":"THREE_CARDS","is_prod":false,"is_daily":false,"chose_seed":false,"campfire_upgraded":1,"win_rate":0,"timestamp":1533744507,"path_taken":["M","$","?","?","M","E","R","M","T","$","M","E","M","?","R","BOSS","M","?","?","$","M"],"build_version":"2018-08-02","purchased_purges":3,"victory":false,"max_hp_per_floor":[80,80,80,80,80,80,80,80,80,80,80,80,80,80,80,80,80,80,80,80,80,80],"card_choices":[{"not_picked":["Heavy Blade","Hemokinesis"],"picked":"Rage","floor":0.0},{"not_picked":["True Grit","Dual Wield"],"picked":"Pommel Strike","floor":1.0},{"not_picked":["Twin Strike","Headbutt"],"picked":"Uppercut","floor":5.0},{"not_picked":["Armaments","Iron Wave"],"picked":"Flex","floor":6.0},{"not_picked":["Whirlwind","Burning Pact","Anger"],"picked":"SKIP","floor":8.0},{"not_picked":["Cleave","Power Through"],"picked":"Flex","floor":11.0},{"not_picked":["Feel No Pain","Sword Boomerang","Barricade"],"picked":"SKIP","floor":12.0},{"not_picked":["Evolve+1","Pommel Strike","Warcry"],"picked":"SKIP","floor":13.0},{"not_picked":["Disarm","Headbutt","Clothesline"],"picked":"SKIP","floor":14.0},{"not_picked":["Cleave","Pommel Strike","Wild Strike"],"picked":"SKIP","floor":18.0},{"not_picked":["Seeing Red","Rampage"],"picked":"Thunderclap","floor":20.0}],"player_experience":293353,"relics_obtained":[{"floor":6.0,"key":"Letter Opener"},{"floor":9.0,"key":"Tiny Chest"},{"floor":12.0,"key":"Frozen Egg 2"},{"floor":19.0,"key":"Regal Pillow"}],"event_choices":[{"event_name":"Match and Keep!","player_choice":"1 cards matched","floor":3.0,"damage_taken":0.0},{"event_name":"Golden Wing","player_choice":"Card Removal","floor":4.0,"damage_taken":0.0}],"is_beta":false,"boss_relics":[{"not_picked":["White Beast Statue","Runic Pyramid"],"picked":"Eternal Feather"}],"items_purged_floors":[2,10,21],"is_endless":false,"potions_floor_spawned":[8,12,18],"killed_by":"Snake Plant","ascension_level":0}