{"gold_per_floor":[110,110,110,124,148,183,183,206,206,206,231,3,16,35,35,166,166,134,158,58,82,82,82,109,125,148,158,158,176,210,222,222,324,324,340,55,75,87,141,141,174,186,244,256,268,291,303,315,327,339],"floor_reached":51,"playtime":3117,"items_purged":["Strike_B","Strike_B"],"score":721,"play_id":"a19a9796-4f33-4a9e-b84a-fb36085ef1c9","local_time":"20190406053546","is_ascension_mode":false,"campfire_choices":[{"data":"Zap","floor":7,"key":"SMITH"},{"data":"Barrage","floor":15,"key":"SMITH"},{"data":"Barrage","floor":23,"key":"SMITH"},{"data":"Capacitor","floor":32,"key":"SMITH"},{"data":"Creative AI","floor":40,"key":"SMITH"},{"data":"Go for the Eyes","floor":42,"key":"SMITH"},{"data":"Chill","floor":47,"key":"SMITH"},{"data":"Loop","floor":49,"key":"SMITH"}],"neow_cost":"NONE","seed_source_timestamp":24855250271200,"circlet_count":0,"master_deck":["Defend_B","Defend_B","Defend_B","Zap+1","Dualcast","Glacier","Chill+1","Biased Cognition","Barrage+1","Core Surge","White Noise+1","Capacitor+1","BootSequence+1","Creative AI+1","Amplify","Redo+1","Turbo","Go for the Eyes+1","Bandage Up","Glacier","Deep Breath","Loop+1"],"relics":["Cracked Core","NeowsBlessing","Bloody Idol","Anchor","Omamori","Lizard Tail","Symbiotic Virus","Ancient Tea Set","Lantern","Empty Cage","Happy Flower","Ginger","MawBank","Juzu Bracelet"],"potions_floor_usage":[16,25,28,28,37,39,41,50,50],"damage_taken":[{"damage":0,"enemies":"Cultist","floor":1,"turns":1},{"damage":0,"enemies":"Jaw Worm","floor":4,"turns":1},{"damage":0,"enemies":"2 Louse","floor":5,"turns":1},{"damage":5,"enemies":"3 Sentries","floor":6,"turns":8},{"damage":0,"enemies":"Lots of Slimes","floor":8,"turns":6},{"damage":0,"enemies":"Large Slime","floor":11,"turns":3},{"damage":0,"enemies":"2 Fungi Beasts","floor":13,"turns":4},{"damage":5,"enemies":"Exordium Thugs","floor":14,"turns":4},{"damage":21,"enemies":"Slime Boss","floor":16,"turns":16},{"damage":12,"enemies":"2 Thieves","floor":18,"turns":5},{"damage":0,"enemies":"Chosen","floor":19,"turns":5},{"damage":0,"enemies":"Shelled Parasite and Fungi","floor":21,"turns":6},{"damage":12,"enemies":"Slavers","floor":24,"turns":7},{"damage":6,"enemies":"Snecko","floor":25,"turns":4},{"damage":1,"enemies":"3 Cultists","floor":27,"turns":7},{"damage":0,"enemies":"Chosen and Byrds","floor":29,"turns":4},{"damage":0,"enemies":"Book of Stabbing","floor":30,"turns":5},{"damage":0,"enemies":"Centurion and Healer","floor":31,"turns":4},{"damage":56,"enemies":"Automaton","floor":33,"turns":10},{"damage":0,"enemies":"3 Darklings","floor":35,"turns":5},{"damage":0,"enemies":"Orb Walker","floor":37,"turns":3},{"damage":3,"enemies":"Sphere and 2 Shapes","floor":38,"turns":4},{"damage":21,"enemies":"2 Orb Walkers","floor":39,"turns":6},{"damage":3,"enemies":"Giant Head","floor":41,"turns":7},{"damage":16,"enemies":"Transient","floor":46,"turns":5},{"damage":44,"enemies":"Awakened One","floor":50,"turns":10}],"seed_played":"9152875735304668896","potions_obtained":[{"floor":1,"key":"GamblersBrew"},{"floor":5,"key":"Explosive Potion"},{"floor":8,"key":"SteroidPotion"},{"floor":11,"key":"SpeedPotion"},{"floor":13,"key":"PowerPotion"},{"floor":21,"key":"FocusPotion"},{"floor":28,"key":"Fruit Juice"},{"floor":28,"key":"Fruit Juice"},{"floor":28,"key":"SpeedPotion"},{"floor":29,"key":"Fire Potion"},{"floor":39,"key":"Poison Potion"},{"floor":41,"key":"Swift Potion"}],"is_trial":false,"path_per_floor":["M","?","?","M","M","E","R","M","T","?","M","$","M","M","R","B",null,"M","M","$","M","?","R","E","M","T","M","?","M","E","M","R","B",null,"M","$","M","M","?","R","E","R","T","?","?","M","R","?","R","B",null],"character_chosen":"DEFECT","items_purchased":["Omamori","Happy Flower","Amplify"],"campfire_rested":0,"item_purchase_floors":[12,36,36],"current_hp_per_floor":[75,69,69,69,69,64,64,64,64,64,64,64,64,59,59,38,69,57,57,57,57,57,57,50,49,54,58,68,73,78,79,79,28,79,79,79,79,79,63,63,65,70,79,79,79,72,77,79,79,39],"gold":351,"neow_bonus":"THREE_ENEMY_KILL","is_prod":false,"is_daily":false,"chose_seed":false,"campfire_upgraded":8,"win_rate":0,"timestamp":1554521746,"path_taken":["M","?","?","?","?","E","R","M","T","?","M","$","?","M","R","BOSS","M","M","$","M","?","R","E","M","T","M","?","?","E","M","R","BOSS","M","$","M","M","?","R","E","R","T","?","?","M","R","?","R","BOSS"],"build_version":"2019-01-23","purchased_purges":2,"victory":true,"max_hp_per_floor":[75,69,69,69,69,69,69,69,69,69,69,69,69,69,69,69,69,69,69,69,69,69,69,69,69,69,69,79,79,79,79,79,79,79,79,79,79,79,79,79,79,79,79,79,79,79,79,79,79,79],"card_choices":[{"not_picked":["Darkness","Steam"],"picked":"Barrage","floor":1},{"not_picked":["Blizzard","Stack"],"picked":"Glacier","floor":4},{"not_picked":["Streamline","Sunder"],"picked":"Chill","floor":5},{"not_picked":["Chill","Streamline"],"picked":"Biased Cognition","floor":6},{"not_picked":["Doom and Gloom","Beam Cell","Stack"],"picked":"SKIP","floor":8},{"not_picked":["Chill","Gash","Genetic Algorithm"],"picked":"SKIP","floor":11},{"not_picked":["Blizzard","Compile Driver","Gash"],"picked":"SKIP","floor":13},{"not_picked":["Sweeping Beam","Sunder"],"picked":"Barrage","floor":14},{"not_picked":["Meteor Strike","Echo Form"],"picked":"Core Surge","floor":16},{"not_picked":["Steam","Storm","Beam Cell"],"picked":"SKIP","floor":18},{"not_picked":["Compile Driver","Leap"],"picked":"White Noise+1","floor":19},{"not_picked":["Barrage","Force Field","Redo"],"picked":"SKIP","floor":21},{"not_picked":["Streamline","Sweeping Beam"],"picked":"Capacitor","floor":24},{"not_picked":["Streamline","Reboot"],"picked":"BootSequence+1","floor":25},{"not_picked":["Genetic Algorithm","Scrape","Barrage+1"],"picked":"SKIP","floor":27},{"not_picked":["Conserve Battery","Leap","Steam"],"picked":"SKIP","floor":29},{"not_picked":["Turbo","Fission","Undo"],"picked":"SKIP","floor":30},{"not_picked":["Sweeping Beam","Steam","Auto Shields"],"picked":"SKIP","floor":31},{"not_picked":["Core Surge","Fission"],"picked":"Creative AI","floor":33},{"not_picked":["Fusion","Blizzard","Double Energy"],"picked":"SKIP","floor":35},{"not_picked":["Skim+1","Sweeping Beam","Stack"],"picked":"SKIP","floor":37},{"not_picked":["Coolheaded","Chaos"],"picked":"Redo+1","floor":38},{"not_picked":["Beam Cell","Thunder Strike"],"picked":"Turbo","floor":39},{"not_picked":["Force Field","Compile Driver+1"],"picked":"Go for the Eyes","floor":41},{"not_picked":["Dramatic Entrance","PanicButton"],"picked":"Bandage Up","floor":45},{"not_picked":["Storm+1","Rebound+1"],"picked":"Glacier","floor":46}],"player_experience":436412,"relics_obtained":[{"floor":6,"key":"Anchor"},{"floor":24,"key":"Symbiotic Virus"},{"floor":26,"key":"Ancient Tea Set"},{"floor":30,"key":"Lantern"},{"floor":39,"key":"Ginger"},{"floor":41,"key":"MawBank"},{"floor":43,"key":"Juzu Bracelet"}],"event_choices":[{"damage_healed":0,"gold_gain":0,"player_choice":"Lose Max HP","damage_taken":0,"relics_obtained":["Golden Idol"],"max_hp_gain":0,"max_hp_loss":6,"event_name":"Golden Idol","floor":2,"gold_loss":0},{"cards_removed":["Strike_B"],"damage_healed":0,"gold_gain":0,"player_choice":"Offered Basic","damage_taken":0,"max_hp_gain":0,"max_hp_loss":0,"event_name":"Bonfire Elementals","floor":3,"gold_loss":0},{"damage_healed":0,"gold_gain":0,"player_choice":"Bought 0 Potions","damage_taken":0,"max_hp_gain":0,"max_hp_loss":0,"event_name":"The Woman in Blue","floor":10,"gold_loss":0},{"damage_healed":0,"gold_gain":0,"player_choice":"Gave Idol","damage_taken":0,"relics_obtained":["Bloody Idol"],"max_hp_gain":0,"max_hp_loss":0,"event_name":"Forgotten Altar","floor":22,"relics_lost":["Golden Idol"],"gold_loss":0},{"damage_healed":0,"gold_gain":0,"player_choice":"Got Potions","damage_taken":0,"max_hp_gain":0,"max_hp_loss":0,"event_name":"Lab","floor":28,"gold_loss":0},{"damage_healed":0,"gold_gain":0,"player_choice":"Fight","damage_taken":0,"max_hp_gain":0,"max_hp_loss":0,"event_name":"Mysterious Sphere","floor":39,"gold_loss":0},{"cards_removed":["Barrage"],"damage_healed":0,"gold_gain":0,"player_choice":"Removed Attack","damage_taken":0,"max_hp_gain":0,"max_hp_loss":0,"event_name":"Falling","floor":44,"gold_loss":0},{"damage_healed":0,"gold_gain":0,"player_choice":"Memory 1","damage_taken":0,"max_hp_gain":0,"max_hp_loss":0,"event_name":"SensoryStone","floor":45,"gold_loss":0},{"damage_healed":0,"gold_gain":0,"player_choice":"2 cards matched","damage_taken":0,"max_hp_gain":0,"max_hp_loss":0,"event_name":"Match and Keep!","floor":48,"gold_loss":0,"cards_obtained":["Deep Breath","Loop"]}],"is_beta":false,"boss_relics":[{"not_picked":["Runic Pyramid","Orrery"],"picked":"Lizard Tail"},{"not_picked":["Black Star","Snecko Eye"],"picked":"Empty Cage"}],"items_purged_floors":[12,20],"is_endless":false,"potions_floor_spawned":[1,5,8,11,13,21,24,29,31,33,39,41],"ascension_level":0}