{"gold_per_floor":[110,124,7,18,16,47,47,61,61,26,26,26,26,40,40,137,137,152,43,43,43,55,55,66,66,92,117,130,149,248,316,316,316],"floor_reached":33,"playtime":1240,"items_purged":["Strike_B"],"score":347,"play_id":"96cf1fbe-94ec-47ac-897a-35e3fc6e1a55","local_time":"20181107122138","is_ascension_mode":true,"campfire_choices":[{"data":"Static Discharge","floor":7,"key":"SMITH"},{"data":"Strike_B","floor":12,"key":"PURGE"},{"floor":15,"key":"REST"},{"floor":23,"key":"REST"},{"floor":25,"key":"REST"},{"data":"Defragment","floor":32,"key":"SMITH"}],"neow_cost":"NONE","seed_source_timestamp":311842032397766,"circlet_count":0,"master_deck":["Strike_B","Defend_B","Defend_B","Defend_B","Defend_B","Zap","Dualcast+1","Gash","Storm","Static Discharge+1","Conserve Battery","Turbo","Cold Snap","Coolheaded","Electrodynamics","Stack+1","Defragment+1","Storm+1","BootSequence","Undo"],"relics":["Cracked Core","NeowsBlessing","Peace Pipe","Ornamental Fan","Lizard Tail","Lantern","Kunai","Molten Egg 2"],"potions_floor_usage":[8,16,33,33,33],"damage_taken":[{"damage":0,"enemies":"2 Louse","floor":1,"turns":1},{"damage":0,"enemies":"Small Slimes","floor":2,"turns":1},{"damage":0,"enemies":"Cultist","floor":4,"turns":1},{"damage":1,"enemies":"Exordium Thugs","floor":5,"turns":4},{"damage":26,"enemies":"3 Sentries","floor":6,"turns":6},{"damage":16,"enemies":"Lots of Slimes","floor":8,"turns":2},{"damage":13,"enemies":"Large Slime","floor":14,"turns":5},{"damage":29,"enemies":"The Guardian","floor":16,"turns":10},{"damage":11,"enemies":"Shell Parasite","floor":18,"turns":7},{"damage":30,"enemies":"2 Thieves","floor":22,"turns":3},{"damage":11,"enemies":"Snecko","floor":24,"turns":3},{"damage":10,"enemies":"Slavers","floor":27,"turns":1},{"damage":0,"enemies":"Chosen and Byrds","floor":28,"turns":4},{"damage":2,"enemies":"Sentry and Sphere","floor":29,"turns":4},{"damage":109,"enemies":"Champ","floor":33,"turns":14}],"seed_played":"3780049395418907424","potions_obtained":[{"floor":4,"key":"FearPotion"},{"floor":6,"key":"Explosive Potion"},{"floor":14,"key":"Block Potion"},{"floor":16,"key":"Dexterity Potion"},{"floor":22,"key":"SpeedPotion"}],"is_trial":false,"path_per_floor":["M","M","$","M","M","E","R","M","T","?","?","R","$","M","R","B",null,"M","$","?","$","M","R","M","R","T","E","M","M","?","T","R","B"],"character_chosen":"DEFECT","items_purchased":["Static Discharge","Conserve Battery","Defragment"],"campfire_rested":3,"item_purchase_floors":[3,3,19],"current_hp_per_floor":[68,68,68,68,67,41,41,25,25,43,43,43,43,30,52,23,62,51,51,51,51,21,43,32,54,54,44,44,42,42,42,42,0],"gold":316,"neow_bonus":"THREE_ENEMY_KILL","is_prod":false,"is_daily":false,"chose_seed":false,"campfire_upgraded":2,"win_rate":0,"timestamp":1541589698,"path_taken":["M","M","$","M","M","E","R","M","T","?","?","R","$","M","R","BOSS","M","$","?","?","?","R","M","R","T","E","M","?","?","?","R","BOSS"],"build_version":"2018-11-01","purchased_purges":1,"victory":false,"max_hp_per_floor":[75,75,75,75,75,75,75,75,75,75,75,75,75,75,75,75,75,75,75,75,75,75,75,75,75,75,75,75,75,75,75,75,75],"card_choices":[{"not_picked":["Steam","BootSequence"],"picked":"Gash","floor":1},{"not_picked":["Sweeping Beam","Conserve Battery"],"picked":"Storm","floor":2},{"not_picked":["Hologram","Redo","Blizzard"],"picked":"SKIP","floor":4},{"not_picked":["Skim","Streamline"],"picked":"Turbo","floor":5},{"not_picked":["Darkness","Stack"],"picked":"Cold Snap","floor":6},{"not_picked":["Beam Cell","Sweeping Beam"],"picked":"Coolheaded","floor":8},{"not_picked":["Force Field","Aggregate","Rebound"],"picked":"SKIP","floor":14},{"not_picked":["Creative AI","Seek"],"picked":"Electrodynamics","floor":16},{"not_picked":["Hologram+1","Sunder"],"picked":"Stack+1","floor":18},{"not_picked":["Aggregate","Barrage"],"picked":"Storm+1","floor":22},{"not_picked":["Redo+1","Defragment"],"picked":"BootSequence","floor":24},{"not_picked":["Turbo","Fusion","Sweeping Beam"],"picked":"SKIP","floor":27},{"not_picked":["Skim","Ball Lightning"],"picked":"Undo","floor":28},{"not_picked":["Coolheaded","Doom and Gloom","Recycle"],"picked":"SKIP","floor":29}],"player_experience":299416,"relics_obtained":[{"floor":6,"key":"Peace Pipe"},{"floor":9,"key":"Ornamental Fan"},{"floor":26,"key":"Lantern"},{"floor":27,"key":"Kunai"},{"floor":31,"key":"Molten Egg 2"}],"event_choices":[{"damage_healed":18,"gold_gain":0,"player_choice":"Healed","damage_taken":0,"max_hp_gain":0,"max_hp_loss":0,"event_name":"The Cleric","floor":10,"gold_loss":35},{"damage_healed":0,"gold_gain":0,"player_choice":"Forge","damage_taken":0,"max_hp_gain":0,"max_hp_loss":0,"event_name":"Accursed Blacksmith","floor":11,"gold_loss":0,"cards_upgraded":["Dualcast"]},{"cards_removed":["Strike_B"],"damage_healed":0,"gold_gain":0,"player_choice":"Offered Basic","damage_taken":0,"max_hp_gain":0,"max_hp_loss":0,"event_name":"Bonfire Elementals","floor":20,"gold_loss":0},{"damage_healed":0,"gold_gain":99,"player_choice":"Stole From Cult","damage_taken":0,"max_hp_gain":0,"max_hp_loss":0,"event_name":"Nest","floor":30,"gold_loss":0}],"is_beta":false,"boss_relics":[{"not_picked":["Runic Dome","Ectoplasm"],"picked":"Lizard Tail"}],"items_purged_floors":[19],"is_endless":false,"potions_floor_spawned":[4,6,14,16,22,27],"killed_by":"Champ","ascension_level":6}