{"gold_per_floor":[115,10,23,23,23,23,23,58,111,111,131,131,146,156,156,228,228,241,258,20,32,47,47,73,88,141,155,155,166,266,278,278,355,355,371,351,369,386,132,132,162,177,177,190,190,290,305,338,338,338,338,338,338,62,92,92],"floor_reached":57,"playtime":4783,"items_purged":["Strike_B","Turbo+1","Zap+1"],"score":2726,"play_id":"ae7d8088-4917-403f-a4ce-224fad4106d2","local_time":"20190507210522","is_ascension_mode":true,"campfire_choices":[{"data":"Defragment","floor":6.0,"key":"SMITH"},{"data":"Ball Lightning","floor":10.0,"key":"SMITH"},{"data":"Cold Snap","floor":12.0,"key":"SMITH"},{"data":"Self Repair","floor":15.0,"key":"SMITH"},{"data":"Sweeping Beam","floor":23.0,"key":"SMITH"},{"data":"Consume","floor":28.0,"key":"SMITH"},{"data":"Seek","floor":32.0,"key":"SMITH"},{"floor":40.0,"key":"RECALL"},{"data":"Seek","floor":45.0,"key":"SMITH"},{"floor":49.0,"key":"DIG"},{"floor":53,"key":"DIG"}],"neow_cost":"NONE","seed_source_timestamp":121933372213000,"circlet_count":0,"master_deck":["AscendersBane","Defend_B","Defend_B","Defend_B","Defend_B","Dualcast","Cold Snap+1","Ball Lightning+1","Defragment+1","Cold Snap","Self Repair+1","Rebound","Steam","Seek+1","Capacitor+1","Hologram+1","Ball Lightning","Reinforced Body","Sweeping Beam+1","Consume+1","Chill+1","Coolheaded","Glacier","Genetic Algorithm","Seek+1","All For One","Amplify+1","Conserve Battery+1","Capacitor","Undo","Core Surge","Double Energy","Barrage+1","Stack"],"special_seed":0,"relics":["Cracked Core","Torii","Meat on the Bone","Centennial Puzzle","Bag of Preparation","Velvet Choker","Shovel","Happy Flower","Emotion Chip","Pantograph","Astrolabe","Smiling Mask","Ice Cream","Dead Branch","Blue Candle","Symbiotic Virus","Oddly Smooth Stone","Kunai"],"potions_floor_usage":[56,56],"damage_taken":[{"damage":0.0,"enemies":"Cultist","floor":1.0,"turns":3.0},{"damage":0.0,"enemies":"Jaw Worm","floor":3.0,"turns":3.0},{"damage":12.0,"enemies":"Lagavulin","floor":8.0,"turns":7.0},{"damage":7.0,"enemies":"Small Slimes","floor":11.0,"turns":2.0},{"damage":1.0,"enemies":"3 Louse","floor":13.0,"turns":3.0},{"damage":1.0,"enemies":"Blue Slaver","floor":14.0,"turns":3.0},{"damage":0.0,"enemies":"Slime Boss","floor":16.0,"turns":7.0},{"damage":10.0,"enemies":"2 Thieves","floor":18.0,"turns":4.0},{"damage":13.0,"enemies":"Shell Parasite","floor":19.0,"turns":5.0},{"damage":18.0,"enemies":"Snake Plant","floor":21.0,"turns":4.0},{"damage":9.0,"enemies":"Centurion and Healer","floor":22.0,"turns":9.0},{"damage":30.0,"enemies":"Gremlin Leader","floor":24.0,"turns":7.0},{"damage":14.0,"enemies":"Shelled Parasite and Fungi","floor":25.0,"turns":7.0},{"damage":8.0,"enemies":"Snake Plant","floor":27.0,"turns":4.0},{"damage":2.0,"enemies":"Centurion and Healer","floor":29.0,"turns":7.0},{"damage":13.0,"enemies":"Colosseum Slavers","floor":30.0,"turns":4.0},{"damage":38.0,"enemies":"Colosseum Nobs","floor":30.0,"turns":5.0},{"damage":1.0,"enemies":"Shelled Parasite and Fungi","floor":31.0,"turns":8.0},{"damage":28.0,"enemies":"Automaton","floor":33.0,"turns":15.0},{"damage":0.0,"enemies":"Orb Walker","floor":35.0,"turns":6.0},{"damage":0.0,"enemies":"3 Darklings","floor":37.0,"turns":6.0},{"damage":7.0,"enemies":"Spire Growth","floor":38.0,"turns":7.0},{"damage":1.0,"enemies":"Nemesis","floor":41.0,"turns":9.0},{"damage":1.0,"enemies":"Maw","floor":42.0,"turns":8.0},{"damage":1.0,"enemies":"Jaw Worm Horde","floor":44.0,"turns":6.0},{"damage":0.0,"enemies":"Mind Bloom Boss Battle","floor":46.0,"turns":8.0},{"damage":8.0,"enemies":"4 Shapes","floor":47.0,"turns":10.0},{"damage":42.0,"enemies":"Reptomancer","floor":48.0,"turns":9.0},{"damage":57,"enemies":"Time Eater","floor":50,"turns":15},{"damage":12,"enemies":"Donu and Deca","floor":51,"turns":13},{"damage":27,"enemies":"Shield and Spear","floor":55,"turns":13},{"damage":12,"enemies":"The Heart","floor":56,"turns":10}],"seed_played":"436685072464727807","potions_obtained":[{"floor":3.0,"key":"Weak Potion"},{"floor":8.0,"key":"Explosive Potion"},{"floor":13.0,"key":"FearPotion"},{"floor":18.0,"key":"EssenceOfSteel"},{"floor":25.0,"key":"Fire Potion"},{"floor":30.0,"key":"EssenceOfSteel"},{"floor":31.0,"key":"Energy Potion"},{"floor":33.0,"key":"LiquidBronze"},{"floor":36.0,"key":"LiquidBronze"},{"floor":41.0,"key":"Explosive Potion"},{"floor":48.0,"key":"FocusPotion"},{"floor":55,"key":"FocusPotion"}],"is_trial":false,"path_per_floor":["M","$","M","?","T","R","?","E","T","R","M","R","M","M","R","B",null,"M","M","$","M","M","R","E","M","T","M","R","M","?","M","R","B",null,"M","?","M","M","$","R","E","M","T","M","R","?","M","E","R","B","B",null,"R","$","E","B",null],"character_chosen":"DEFECT","items_purchased":["Ball Lightning","PowerPotion","Ball Lightning","Explosive Potion","SteroidPotion","Core Surge","Oddly Smooth Stone","SkillPotion"],"campfire_rested":0,"item_purchase_floors":[2,2,20,20,20,39,54,54],"current_hp_per_floor":[64,64,64,64,64,64,64,52,52,52,45,45,51,57,57,67,70,70,67,67,59,60,60,52,48,48,50,50,58,39,48,48,53,67,71,71,71,71,71,71,71,71,71,70,70,71,71,61,61,46,69,71,71,71,54,69],"gold":92,"neow_bonus":"UPGRADE_CARD","is_prod":false,"is_daily":false,"chose_seed":false,"campfire_upgraded":8,"win_rate":0,"timestamp":1557230722,"path_taken":["M","$","M","?","?","R","?","E","T","R","M","R","?","M","R","BOSS","M","M","?","M","M","R","E","M","T","?","R","M","?","M","R","BOSS","M","?","M","M","$","R","E","M","T","?","R","?","M","E","R","BOSS","BOSS","R","$","E","BOSS"],"build_version":"2019-01-23","purchased_purges":3,"victory":true,"max_hp_per_floor":[71,71,71,71,71,71,71,71,71,71,71,71,71,71,71,71,71,71,71,71,71,71,71,71,71,71,71,71,71,71,71,71,71,71,71,71,71,71,71,71,71,71,71,71,71,71,71,71,71,71,71,71,71,71,71,71],"card_choices":[{"not_picked":["Leap","Hologram"],"picked":"Cold Snap","floor":1.0},{"not_picked":["Auto Shields","Darkness"],"picked":"Defragment","floor":3.0},{"not_picked":["Turbo","Hologram"],"picked":"Cold Snap","floor":8.0},{"not_picked":["Sweeping Beam","Hologram"],"picked":"Self Repair","floor":11.0},{"not_picked":["Skim","Gash"],"picked":"Rebound","floor":13.0},{"not_picked":["Turbo","Rebound"],"picked":"Steam","floor":14.0},{"not_picked":["Machine Learning","Multi-Cast"],"picked":"Seek","floor":16.0},{"not_picked":["Redo","FTL"],"picked":"Capacitor+1","floor":18.0},{"not_picked":["Loop","Cold Snap"],"picked":"Hologram+1","floor":19.0},{"not_picked":["Stack","Ball Lightning"],"picked":"Reinforced Body","floor":21.0},{"not_picked":["Hologram","Meteor Strike"],"picked":"Sweeping Beam","floor":22.0},{"not_picked":["Conserve Battery","Beam Cell"],"picked":"Consume","floor":24.0},{"not_picked":["Cold Snap","Hologram"],"picked":"Chill+1","floor":25.0},{"not_picked":["Self Repair","Cold Snap"],"picked":"Coolheaded","floor":27.0},{"not_picked":["Coolheaded","Redo"],"picked":"Glacier","floor":29.0},{"not_picked":["Double Energy","Redo"],"picked":"Genetic Algorithm","floor":30.0},{"not_picked":["Auto Shields","Stack"],"picked":"Seek","floor":31.0},{"not_picked":["Buffer","Multi-Cast"],"picked":"All For One","floor":33.0},{"not_picked":["Conserve Battery","Scrape"],"picked":"Capacitor","floor":35.0},{"not_picked":["Compile Driver","Doom and Gloom"],"picked":"Undo","floor":37.0},{"not_picked":["Conserve Battery","Redo+1","Streamline"],"picked":"SKIP","floor":38.0},{"not_picked":["Capacitor","Static Discharge+1","Genetic Algorithm"],"picked":"SKIP","floor":41.0},{"not_picked":["Rebound","Redo","Compile Driver"],"picked":"SKIP","floor":42.0},{"not_picked":["Cold Snap+1","Hologram+1","Beam Cell"],"picked":"SKIP","floor":44.0},{"not_picked":["Cold Snap+1","Hologram+1","Beam Cell"],"picked":"SKIP","floor":44.0},{"not_picked":["Hyperbeam","Coolheaded"],"picked":"Double Energy","floor":46.0},{"not_picked":["Compile Driver","Beam Cell"],"picked":"Barrage+1","floor":47.0},{"not_picked":["Gash","Self Repair"],"picked":"Stack","floor":48.0},{"not_picked":["Compile Driver","Barrage+1","Redo+1"],"picked":"SKIP","floor":55}],"player_experience":1269040,"relics_obtained":[{"floor":5.0,"key":"Torii"},{"floor":8.0,"key":"Centennial Puzzle"},{"floor":9.0,"key":"Bag of Preparation"},{"floor":24.0,"key":"Shovel"},{"floor":26.0,"key":"Happy Flower"},{"floor":30.0,"key":"Emotion Chip"},{"floor":30.0,"key":"Pantograph"},{"floor":41.0,"key":"Smiling Mask"},{"floor":46.0,"key":"Ice Cream"},{"floor":48.0,"key":"Dead Branch"},{"floor":49.0,"key":"Blue Candle"},{"floor":53,"key":"Symbiotic Virus"},{"floor":55,"key":"Kunai"}],"event_choices":[{"damage_healed":0.0,"max_hp_gain":0.0,"max_hp_loss":0.0,"gold_gain":0.0,"event_name":"Liars Game","player_choice":"Ignored","floor":4.0,"gold_loss":0.0,"damage_taken":0.0},{"damage_healed":0.0,"max_hp_gain":0.0,"max_hp_loss":0.0,"gold_gain":0.0,"event_name":"WeMeetAgain","player_choice":"Gave Potion","floor":7.0,"gold_loss":0.0,"damage_taken":0.0,"relics_obtained":["Meat on the Bone"]},{"damage_healed":0.0,"max_hp_gain":0.0,"max_hp_loss":0.0,"gold_gain":0.0,"event_name":"Colosseum","player_choice":"Fight","floor":30.0,"gold_loss":0.0,"damage_taken":0.0},{"damage_healed":0.0,"max_hp_gain":0.0,"max_hp_loss":0.0,"gold_gain":0.0,"event_name":"Colosseum","player_choice":"Fought Nobs","floor":30.0,"gold_loss":0.0,"damage_taken":0.0},{"damage_healed":0.0,"max_hp_gain":0.0,"max_hp_loss":0.0,"gold_gain":0.0,"event_name":"The Woman in Blue","player_choice":"Bought 1 Potion","floor":36.0,"gold_loss":0.0,"damage_taken":0.0},{"damage_healed":0.0,"max_hp_gain":0.0,"max_hp_loss":0.0,"gold_gain":0.0,"event_name":"MindBloom","player_choice":"Fight","floor":46.0,"gold_loss":0.0,"damage_taken":0.0}],"is_beta":false,"boss_relics":[{"not_picked":["Tiny House","Pandora\u0027s Box"],"picked":"Velvet Choker"},{"not_picked":["FrozenCore","Sozu"],"picked":"Astrolabe"}],"items_purged_floors":[20,39,54],"is_endless":false,"potions_floor_spawned":[3,8,13,14,18,22,25,30,31,33,41,46,47,48,55],"ascension_level":20}