{"gold_per_floor":[118,128,128,145,70,70,104,104,104,104,119,119,152,172,172,273,273,291,291,291,308,308,333,347,347,347,347,367,367,367,378,378,476,476,486,486,534,534,545,545,74,74,98,133,33,0,0],"floor_reached":47,"playtime":1880,"items_purged":["Defend_G","Injury","Shame"],"score":579,"play_id":"23507ec9-92ee-4e55-adc7-16ab0e2527a1","local_time":"20190220002047","is_ascension_mode":true,"campfire_choices":[{"data":"Survivor","floor":6.0,"key":"SMITH"},{"floor":10.0,"key":"REST"},{"floor":12.0,"key":"REST"},{"data":"Blade Dance","floor":15.0,"key":"SMITH"},{"data":"Infinite Blades","floor":25.0,"key":"SMITH"},{"data":"Blade Dance","floor":27.0,"key":"SMITH"},{"floor":29.0,"key":"REST"},{"data":"Neutralize","floor":32.0,"key":"SMITH"},{"floor":40.0,"key":"REST"},{"data":"Infinite Blades","floor":42.0,"key":"SMITH"}],"neow_cost":"PERCENT_DAMAGE","seed_source_timestamp":1158758219482,"circlet_count":0,"master_deck":["Defend_G","Defend_G","Defend_G","Defend_G","Strike_G","Strike_G","Strike_G","Survivor+1","Neutralize+1","Backstab","Die Die Die","PiercingWail","Bullet Time","Blade Dance+1","Neutralize+1","Slice","Skewer","Quick Slash","Infinite Blades+1","Heel Hook","Blade Dance+1","Finisher","Accuracy+1","Burst","Slice","Accuracy","Infinite Blades+1","Infinite Blades"],"special_seed":0,"relics":["Ring of the Snake","Calipers","Tough Bandages","Juzu Bracelet","WristBlade","Bronze Scales","The Courier","Cursed Key","StoneCalendar","Toxic Egg 2","PreservedInsect","Ancient Tea Set","Omamori","Snake Skull","Red Mask"],"potions_floor_usage":[],"damage_taken":[{"damage":0.0,"enemies":"Small Slimes","floor":1.0,"turns":1.0},{"damage":0.0,"enemies":"Jaw Worm","floor":2.0,"turns":3.0},{"damage":0.0,"enemies":"Cultist","floor":4.0,"turns":3.0},{"damage":40.0,"enemies":"Lagavulin","floor":7.0,"turns":13.0},{"damage":0.0,"enemies":"Looter","floor":11.0,"turns":2.0},{"damage":25.0,"enemies":"Gremlin Nob","floor":13.0,"turns":4.0},{"damage":6.0,"enemies":"Exordium Thugs","floor":14.0,"turns":4.0},{"damage":20.0,"enemies":"Slime Boss","floor":16.0,"turns":9.0},{"damage":5.0,"enemies":"2 Thieves","floor":18.0,"turns":3.0},{"damage":0.0,"enemies":"Spheric Guardian","floor":21.0,"turns":3.0},{"damage":0.0,"enemies":"Gremlin Leader","floor":23.0,"turns":6.0},{"damage":18.0,"enemies":"Centurion and Healer","floor":24.0,"turns":3.0},{"damage":13.0,"enemies":"Snake Plant","floor":28.0,"turns":2.0},{"damage":10.0,"enemies":"3 Cultists","floor":31.0,"turns":3.0},{"damage":62.0,"enemies":"Automaton","floor":33.0,"turns":7.0},{"damage":11.0,"enemies":"3 Darklings","floor":35.0,"turns":4.0},{"damage":59.0,"enemies":"2 Orb Walkers","floor":37.0,"turns":4.0},{"damage":2.0,"enemies":"Orb Walker","floor":39.0,"turns":2.0},{"damage":13.0,"enemies":"Reptomancer","floor":44.0,"turns":5.0},{"damage":34,"enemies":"4 Shapes","floor":47,"turns":3}],"seed_played":"-1862441206236226163","potions_obtained":[{"floor":1.0,"key":"Fruit Juice"},{"floor":7.0,"key":"LiquidBronze"},{"floor":14.0,"key":"SteroidPotion"},{"floor":16.0,"key":"SteroidPotion"},{"floor":21.0,"key":"Fire Potion"},{"floor":24.0,"key":"SteroidPotion"},{"floor":31.0,"key":"AttackPotion"}],"is_trial":false,"path_per_floor":["M","M","?","M","$","R","E","?","T","R","M","R","E","M","R","B",null,"M","?","?","M","?","E","M","R","T","R","M","R","?","M","R","B",null,"M","?","?","T","M","R","$","R","T","E","$","?","M"],"character_chosen":"THE_SILENT","items_purchased":["Accuracy","PreservedInsect","Infinite Blades","Ancient Tea Set","Infinite Blades"],"campfire_rested":4,"item_purchase_floors":[41,41,41,41,41],"current_hp_per_floor":[49,54,54,54,54,54,14,14,14,36,36,58,33,27,27,7,75,70,56,90,90,90,90,72,72,72,72,59,86,86,76,76,14,90,79,79,20,20,18,43,43,43,43,30,30,30,0],"gold":0,"neow_bonus":"TRANSFORM_TWO_CARDS","is_prod":false,"is_daily":false,"chose_seed":false,"campfire_upgraded":6,"win_rate":0,"timestamp":1550593247,"path_taken":["M","M","?","M","$","R","E","?","T","R","?","R","E","M","R","BOSS","M","?","?","M","?","E","M","R","T","R","M","R","?","M","R","BOSS","M","?","?","?","M","R","$","R","T","E","$","?","M"],"build_version":"2019-01-23","purchased_purges":3,"victory":false,"max_hp_per_floor":[70,75,75,75,75,75,75,75,75,75,75,75,75,75,75,75,75,75,80,90,90,90,90,90,90,90,90,90,90,90,90,90,90,90,90,85,85,85,85,85,85,85,85,85,85,85,85],"card_choices":[{"not_picked":["Dash","Dagger Throw","Outmaneuver"],"picked":"SKIP","floor":1.0},{"not_picked":["Deflect","Underhanded Strike","Outmaneuver"],"picked":"SKIP","floor":2.0},{"not_picked":["Quick Slash","Endless Agony"],"picked":"PiercingWail","floor":4.0},{"not_picked":["PiercingWail","Escape Plan"],"picked":"Bullet Time","floor":7.0},{"not_picked":["Choke","Underhanded Strike"],"picked":"Slice","floor":11.0},{"not_picked":["Sucker Punch","Finisher"],"picked":"Skewer","floor":13.0},{"not_picked":["Setup","Cloak And Dagger"],"picked":"Quick Slash","floor":14.0},{"not_picked":["Wraith Form v2","A Thousand Cuts"],"picked":"Malaise","floor":16.0},{"not_picked":["Noxious Fumes","Poisoned Stab"],"picked":"Infinite Blades","floor":18.0},{"not_picked":["Leg Sweep","Calculated Gamble"],"picked":"Heel Hook","floor":21.0},{"not_picked":["Expertise","Wraith Form v2"],"picked":"Finisher","floor":23.0},{"not_picked":["Dodge and Roll","Poisoned Stab","Backflip"],"picked":"SKIP","floor":24.0},{"not_picked":["Choke","Slice"],"picked":"Accuracy+1","floor":28.0},{"not_picked":["Outmaneuver","Unload","Bane+1"],"picked":"SKIP","floor":31.0},{"not_picked":["Night Terror","Phantasmal Killer"],"picked":"Burst","floor":33.0},{"not_picked":["Flying Knee","Leg Sweep","Dodge and Roll"],"picked":"SKIP","floor":35.0},{"not_picked":["Quick Slash","Underhanded Strike"],"picked":"Slice","floor":39.0},{"not_picked":["Tools of the Trade","Bane","Underhanded Strike+1"],"picked":"SKIP","floor":44.0}],"player_experience":405560,"relics_obtained":[{"floor":7.0,"key":"Calipers"},{"floor":9.0,"key":"Tough Bandages"},{"floor":13.0,"key":"Juzu Bracelet"},{"floor":23.0,"key":"Bronze Scales"},{"floor":26.0,"key":"The Courier"},{"floor":37.0,"key":"StoneCalendar"},{"floor":38.0,"key":"Toxic Egg 2"},{"floor":43.0,"key":"Omamori"},{"floor":44.0,"key":"Snake Skull"}],"event_choices":[{"damage_healed":0.0,"max_hp_gain":0.0,"max_hp_loss":0.0,"gold_gain":0.0,"event_name":"Living Wall","player_choice":"Grow","floor":3.0,"gold_loss":0.0,"damage_taken":0.0,"cards_upgraded":["Neutralize"]},{"damage_healed":0.0,"max_hp_gain":0.0,"max_hp_loss":0.0,"gold_gain":0.0,"event_name":"Match and Keep!","player_choice":"2 cards matched","floor":8.0,"gold_loss":0.0,"damage_taken":0.0,"cards_obtained":["Blade Dance","Neutralize"]},{"damage_healed":0.0,"max_hp_gain":5.0,"max_hp_loss":0.0,"gold_gain":0.0,"event_name":"Forgotten Altar","player_choice":"Shed Blood","floor":19.0,"gold_loss":0.0,"damage_taken":19.0},{"cards_removed":["Malaise"],"damage_healed":24.0,"max_hp_gain":10.0,"max_hp_loss":0.0,"gold_gain":0.0,"event_name":"Bonfire Elementals","player_choice":"Offered Rare","floor":20.0,"gold_loss":0.0,"damage_taken":0.0},{"damage_healed":0.0,"max_hp_gain":0.0,"max_hp_loss":0.0,"gold_gain":0.0,"event_name":"The Library","player_choice":"Read","floor":22.0,"gold_loss":0.0,"damage_taken":0.0,"cards_obtained":["Blade Dance"]},{"damage_healed":0.0,"max_hp_gain":0.0,"max_hp_loss":0.0,"gold_gain":0.0,"event_name":"Vampires","player_choice":"Ignored","floor":30.0,"gold_loss":0.0,"damage_taken":0.0},{"damage_healed":0.0,"max_hp_gain":0.0,"max_hp_loss":5.0,"gold_gain":0.0,"event_name":"Winding Halls","player_choice":"Max HP","floor":36.0,"gold_loss":0.0,"damage_taken":0.0},{"damage_healed":0.0,"max_hp_gain":0.0,"max_hp_loss":0.0,"gold_gain":0.0,"event_name":"Mysterious Sphere","player_choice":"Fight","floor":37.0,"gold_loss":0.0,"damage_taken":0.0},{"damage_healed":0.0,"max_hp_gain":0.0,"max_hp_loss":0.0,"gold_gain":0.0,"event_name":"Tomb of Lord Red Mask","player_choice":"Paid","floor":46.0,"gold_loss":33.0,"damage_taken":0.0,"relics_obtained":["Red Mask"]}],"is_beta":false,"boss_relics":[{"not_picked":["Ectoplasm","HoveringKite"],"picked":"WristBlade"},{"not_picked":["Tiny House","Calling Bell"],"picked":"Cursed Key"}],"items_purged_floors":[5,41,45],"is_endless":false,"potions_floor_spawned":[1,7,14,16,21,24,31],"killed_by":"4 Shapes","ascension_level":2}