{"gold_per_floor":[119,119,136,136,10,10,73,90,90,106,106,106,125,143,143,143],"floor_reached":16,"playtime":603,"items_purged":["Strike_B"],"score":138,"play_id":"c37372b1-a89f-4996-adde-ba1c8aa7f382","local_time":"20190324175127","is_ascension_mode":true,"campfire_choices":[{"data":"Dualcast","floor":6,"key":"SMITH"},{"data":"Zap","floor":12,"key":"SMITH"},{"floor":15,"key":"REST"}],"neow_cost":"NONE","seed_source_timestamp":163866331840658,"circlet_count":0,"master_deck":["Strike_B","Strike_B","Strike_B","Defend_B","Defend_B","Defend_B","Defend_B","Zap+1","Dualcast+1","BootSequence","Cold Snap","Cold Snap","Coolheaded","Conserve Battery","BootSequence","Beam Cell"],"relics":["Cracked Core","Pantograph","Tiny Chest","Gremlin Horn"],"potions_floor_usage":[7,7,16],"damage_taken":[{"damage":6,"enemies":"2 Louse","floor":1,"turns":3},{"damage":1,"enemies":"Cultist","floor":3,"turns":3},{"damage":29,"enemies":"Gremlin Nob","floor":7,"turns":5},{"damage":3,"enemies":"Small Slimes","floor":8,"turns":3},{"damage":6,"enemies":"3 Louse","floor":10,"turns":3},{"damage":13,"enemies":"Lots of Slimes","floor":13,"turns":5},{"damage":0,"enemies":"Looter","floor":14,"turns":3},{"damage":50,"enemies":"The Guardian","floor":16,"turns":9}],"seed_played":"8739009528811149742","potions_obtained":[{"floor":0,"key":"SteroidPotion"},{"floor":0,"key":"Dexterity Potion"},{"floor":0,"key":"Regen Potion"},{"floor":10,"key":"Regen Potion"},{"floor":11,"key":"FocusPotion"}],"is_trial":false,"path_per_floor":["M","?","M","?","$","R","E","M","T","M","?","R","M","M","R","B"],"character_chosen":"DEFECT","items_purchased":["Cold Snap"],"campfire_rested":1,"item_purchase_floors":[5],"current_hp_per_floor":[62,62,61,58,58,58,29,26,26,20,20,20,7,7,29,19],"gold":143,"neow_bonus":"THREE_SMALL_POTIONS","is_prod":false,"is_daily":false,"chose_seed":false,"campfire_upgraded":2,"win_rate":0,"timestamp":1553446287,"path_taken":["M","?","?","?","$","R","E","M","T","M","?","R","M","M","R","BOSS"],"build_version":"2019-01-23","purchased_purges":1,"victory":false,"max_hp_per_floor":[75,75,75,75,75,75,75,75,75,75,75,75,75,75,75,75],"card_choices":[{"not_picked":["Undo","Turbo"],"picked":"BootSequence","floor":1},{"not_picked":["Stack","Compile Driver"],"picked":"Cold Snap","floor":3},{"not_picked":["Sweeping Beam","Streamline"],"picked":"Coolheaded","floor":7},{"not_picked":["Doom and Gloom","Capacitor"],"picked":"Conserve Battery","floor":8},{"not_picked":["Biased Cognition","Streamline"],"picked":"BootSequence","floor":10},{"not_picked":["Heatsinks","Coolheaded"],"picked":"Beam Cell","floor":13},{"not_picked":["Coolheaded","Steam","Stack"],"picked":"SKIP","floor":14}],"player_experience":366640,"relics_obtained":[{"floor":7,"key":"Tiny Chest"},{"floor":9,"key":"Gremlin Horn"}],"event_choices":[{"damage_healed":0,"gold_gain":0,"player_choice":"0 cards matched","damage_taken":0,"max_hp_gain":0,"max_hp_loss":0,"event_name":"Match and Keep!","floor":2,"gold_loss":0,"cards_obtained":[]},{"damage_healed":0,"gold_gain":0,"player_choice":"Success","damage_taken":3,"relics_obtained":["Pantograph"],"max_hp_gain":0,"max_hp_loss":0,"event_name":"Scrap Ooze","floor":4,"gold_loss":0},{"damage_healed":0,"gold_gain":0,"player_choice":"Got Potions","damage_taken":0,"max_hp_gain":0,"max_hp_loss":0,"event_name":"Lab","floor":11,"gold_loss":0}],"is_beta":false,"boss_relics":[],"items_purged_floors":[5],"is_endless":false,"potions_floor_spawned":[1,3,10,14],"killed_by":"The Guardian","ascension_level":7}