{"gold_per_floor":[118,129,129,142,142,142,165,181,181,224,224,0,15,90,90,221,221,244,244,263,277,291,198,214,214,260,260,120,138,84,108,108,236,236,255,255,380,380,403,403,434,434,434,1,16,51,76,92,92,92],"floor_reached":50,"playtime":3089,"items_purged":["Strike_R"],"score":607,"play_id":"706e4867-892f-4321-8e41-19e90e4fe35a","local_time":"20181225105349","is_ascension_mode":true,"campfire_choices":[{"data":"Trip","floor":6.0,"key":"SMITH"},{"data":"Shockwave","floor":11.0,"key":"SMITH"},{"data":"Flame Barrier","floor":15.0,"key":"SMITH"},{"data":"Seeing Red","floor":25.0,"key":"SMITH"},{"data":"Limit Break","floor":32.0,"key":"SMITH"},{"data":"Double Tap","floor":40.0,"key":"SMITH"},{"data":"Warcry","floor":42.0,"key":"SMITH"},{"floor":49,"key":"REST"}],"neow_cost":"NONE","seed_source_timestamp":2278794111788874,"circlet_count":0,"master_deck":["Bash","Trip+1","Flex","Flame Barrier+1","Shockwave+1","Fiend Fire+1","Iron Wave+1","Reaper+1","Disarm","Sever Soul+1","Limit Break+1","Seeing Red+1","Warcry+1","Thunderclap+1","Pommel Strike+1","Twin Strike+1","Sword Boomerang+1","Armaments+1","PanicButton","Armaments+1","Double Tap+1","Thunderclap+1","Flex","Iron Wave+1","Impervious","Ghostly Armor+1","Mayhem","Heavy Blade+1","Carnage+1","Corruption+1"],"special_seed":0,"relics":["Burning Blood","Golden Idol","Molten Egg 2","Turnip","Pen Nib","Pandora\u0027s Box","Lantern","Cursed Key","Ice Cream","Bottled Flame","Strange Spoon","Bag of Preparation"],"potions_floor_usage":[45,50,50,50],"damage_taken":[{"damage":1.0,"enemies":"Cultist","floor":1.0,"turns":3.0},{"damage":9.0,"enemies":"Jaw Worm","floor":2.0,"turns":4.0},{"damage":3.0,"enemies":"2 Louse","floor":4.0,"turns":3.0},{"damage":9.0,"enemies":"Blue Slaver","floor":7.0,"turns":3.0},{"damage":6.0,"enemies":"Exordium Thugs","floor":8.0,"turns":2.0},{"damage":30.0,"enemies":"3 Sentries","floor":10.0,"turns":9.0},{"damage":9.0,"enemies":"3 Louse","floor":13.0,"turns":4.0},{"damage":18.0,"enemies":"Hexaghost","floor":16.0,"turns":9.0},{"damage":15.0,"enemies":"Chosen","floor":18.0,"turns":6.0},{"damage":38.0,"enemies":"Shell Parasite","floor":20.0,"turns":4.0},{"damage":8.0,"enemies":"Snecko","floor":21.0,"turns":5.0},{"damage":28.0,"enemies":"Centurion and Healer","floor":22.0,"turns":5.0},{"damage":15.0,"enemies":"3 Cultists","floor":24.0,"turns":4.0},{"damage":6.0,"enemies":"Sentry and Sphere","floor":29.0,"turns":5.0},{"damage":0.0,"enemies":"Centurion and Healer","floor":31.0,"turns":3.0},{"damage":61.0,"enemies":"Automaton","floor":33.0,"turns":8.0},{"damage":21.0,"enemies":"3 Shapes","floor":35.0,"turns":5.0},{"damage":4.0,"enemies":"Mind Bloom Boss Battle","floor":37.0,"turns":7.0},{"damage":22.0,"enemies":"3 Darklings","floor":39.0,"turns":5.0},{"damage":37.0,"enemies":"Reptomancer","floor":41.0,"turns":5.0},{"damage":12,"enemies":"Spire Growth","floor":45,"turns":5},{"damage":36,"enemies":"Nemesis","floor":46,"turns":8},{"damage":0,"enemies":"Maw","floor":47,"turns":7},{"damage":30,"enemies":"3 Darklings","floor":48,"turns":4},{"damage":112,"enemies":"Awakened One","floor":50,"turns":8}],"seed_played":"5650970547828271515","potions_obtained":[{"floor":1.0,"key":"Explosive Potion"},{"floor":2.0,"key":"EssenceOfSteel"},{"floor":10.0,"key":"Weak Potion"},{"floor":13.0,"key":"Energy Potion"},{"floor":18.0,"key":"Block Potion"},{"floor":29.0,"key":"Explosive Potion"},{"floor":31.0,"key":"Poison Potion"},{"floor":33.0,"key":"SkillPotion"},{"floor":37.0,"key":"Ancient Potion"},{"floor":45,"key":"EssenceOfSteel"},{"floor":48,"key":"GamblersBrew"}],"is_trial":false,"path_per_floor":["M","M","?","M","?","R","M","M","T","E","R","$","M","?","R","B",null,"M","?","M","M","M","$","M","R","T","?","$","M","$","M","R","B",null,"M","?","?","?","M","R","E","R","T","$","M","E","M","M","R","B"],"character_chosen":"IRONCLAD","items_purchased":["Pen Nib","PanicButton","Double Tap","Flex","Strange Spoon","Mayhem","FearPotion"],"campfire_rested":1,"item_purchase_floors":[12,23,28,30,44,44,44],"current_hp_per_floor":[80,77,57,60,60,60,57,57,57,33,33,33,30,19,19,7,80,71,63,34,39,37,37,35,35,35,61,61,61,61,67,67,28,80,65,65,74,74,80,80,49,49,49,49,50,40,60,58,80,0],"gold":92,"neow_bonus":"RANDOM_COLORLESS","is_prod":false,"is_daily":false,"chose_seed":false,"campfire_upgraded":7,"win_rate":0,"timestamp":1545702829,"path_taken":["M","?","?","M","?","R","?","M","T","E","R","$","M","?","R","BOSS","M","?","?","M","M","$","M","R","T","?","$","M","?","M","R","BOSS","M","?","?","?","M","R","E","R","T","$","M","E","M","M","R","BOSS"],"build_version":"2018-12-20","purchased_purges":1,"victory":false,"max_hp_per_floor":[80,80,80,80,80,80,80,80,80,80,80,80,80,80,80,80,80,80,80,80,80,80,80,80,80,80,80,80,80,80,80,80,80,80,80,80,80,80,80,80,80,80,80,80,80,80,80,80,80,80],"card_choices":[{"not_picked":["Havoc","Second Wind"],"picked":"Flex","floor":1.0},{"not_picked":["Armaments","Twin Strike"],"picked":"Flame Barrier","floor":2.0},{"not_picked":["Clash","Pommel Strike","True Grit"],"picked":"SKIP","floor":4.0},{"not_picked":["Iron Wave","Sword Boomerang"],"picked":"Shockwave","floor":7.0},{"not_picked":["Havoc","Wild Strike","Rage"],"picked":"SKIP","floor":8.0},{"not_picked":["Intimidate","Rage"],"picked":"Fiend Fire+1","floor":10.0},{"not_picked":["Metallicize","Clash+1"],"picked":"Iron Wave+1","floor":13.0},{"not_picked":["Demon Form","Exhume"],"picked":"Reaper+1","floor":16.0},{"not_picked":["Rage","Wild Strike+1"],"picked":"Pommel Strike+1","floor":18.0},{"not_picked":["Headbutt+1","Carnage+1"],"picked":"Twin Strike+1","floor":20.0},{"not_picked":["Havoc","Wild Strike+1"],"picked":"Sword Boomerang+1","floor":21.0},{"not_picked":["Burning Pact","Thunderclap+1"],"picked":"Armaments+1","floor":22.0},{"not_picked":["Iron Wave+1","Sword Boomerang+1"],"picked":"Armaments+1","floor":24.0},{"not_picked":["Shockwave+1","True Grit+1"],"picked":"Thunderclap+1","floor":29.0},{"not_picked":["Perfected Strike+1","Flex"],"picked":"Iron Wave+1","floor":31.0},{"not_picked":["Exhume","Feed+1"],"picked":"Impervious","floor":33.0},{"not_picked":["Intimidate","Searing Blow+1","Anger+1"],"picked":"SKIP","floor":35.0},{"not_picked":["Thunderclap+1","Flex+1"],"picked":"Ghostly Armor+1","floor":39.0},{"not_picked":["Metallicize+1","Second Wind+1","Limit Break"],"picked":"SKIP","floor":41.0},{"not_picked":["Rage","Anger+1","Warcry+1"],"picked":"SKIP","floor":45},{"not_picked":["Armaments","Clothesline+1"],"picked":"Heavy Blade+1","floor":46},{"not_picked":["Shockwave+1","Sword Boomerang+1"],"picked":"Carnage+1","floor":47},{"not_picked":["Bloodletting","Rupture+1"],"picked":"Corruption+1","floor":48}],"player_experience":235088,"relics_obtained":[{"floor":9.0,"key":"Molten Egg 2"},{"floor":10.0,"key":"Turnip"},{"floor":26.0,"key":"Lantern"},{"floor":37.0,"key":"Ice Cream"},{"floor":41.0,"key":"Bottled Flame"},{"floor":46,"key":"Bag of Preparation"}],"event_choices":[{"damage_healed":0.0,"max_hp_gain":0.0,"max_hp_loss":0.0,"gold_gain":0.0,"event_name":"Golden Idol","player_choice":"Take Damage","floor":3.0,"gold_loss":0.0,"damage_taken":20.0,"relics_obtained":["Golden Idol"]},{"cards_removed":["Defend_R"],"damage_healed":0.0,"max_hp_gain":0.0,"max_hp_loss":0.0,"gold_gain":0.0,"event_name":"Purifier","player_choice":"Purged","floor":5.0,"gold_loss":0.0,"damage_taken":0.0},{"damage_healed":0.0,"max_hp_gain":0.0,"max_hp_loss":0.0,"gold_gain":75.0,"event_name":"World of Goop","player_choice":"Gather Gold","floor":14.0,"gold_loss":0.0,"damage_taken":11.0},{"damage_healed":0.0,"max_hp_gain":0.0,"max_hp_loss":0.0,"gold_gain":0.0,"event_name":"Knowing Skull","player_choice":"","floor":19.0,"potions_obtained":[],"gold_loss":0.0,"damage_taken":8.0,"cards_obtained":[]},{"damage_healed":26.0,"max_hp_gain":0.0,"max_hp_loss":0.0,"gold_gain":0.0,"event_name":"The Library","player_choice":"Heal","floor":27.0,"gold_loss":0.0,"damage_taken":0.0},{"damage_healed":0.0,"max_hp_gain":0.0,"max_hp_loss":0.0,"gold_gain":0.0,"event_name":"Mysterious Sphere","player_choice":"Ignored","floor":36.0,"gold_loss":0.0,"damage_taken":0.0},{"damage_healed":0.0,"max_hp_gain":0.0,"max_hp_loss":0.0,"gold_gain":0.0,"event_name":"MindBloom","player_choice":"Fight","floor":37.0,"gold_loss":0.0,"damage_taken":0.0},{"cards_removed":["Fire Breathing"],"damage_healed":0.0,"max_hp_gain":0.0,"max_hp_loss":0.0,"gold_gain":0.0,"event_name":"Falling","player_choice":"Removed Power","floor":38.0,"gold_loss":0.0,"damage_taken":0.0}],"is_beta":false,"boss_relics":[{"not_picked":["Runic Cube","Snecko Eye"],"picked":"Pandora\u0027s Box"},{"not_picked":["Runic Pyramid","Coffee Dripper"],"picked":"Cursed Key"}],"items_purged_floors":[12],"is_endless":false,"potions_floor_spawned":[1,2,10,13,18,29,31,33,37,45,48],"killed_by":"Awakened One","ascension_level":4}