{"gold_per_floor":[114,114,189,90,100,100,100,138,138,174,195,195,216,244,244,372,372,391,391],"floor_reached":19,"playtime":876,"items_purged":["Defend_B"],"score":316,"play_id":"9822f0d6-2473-414c-8ea8-057b639e30ec","local_time":"20190408080129","is_ascension_mode":true,"campfire_choices":[{"data":"Darkness","floor":6,"key":"SMITH"},{"floor":12,"key":"REST"},{"data":"Hologram","floor":15,"key":"SMITH"}],"neow_cost":"NONE","seed_source_timestamp":0,"circlet_count":0,"master_deck":["Defend_B","Defend_B","Defend_B","Zap","Dualcast","Core Surge","Darkness+1","Leap","Chaos","Hologram+1","Creative AI","Consume+1","Multi-Cast+1","Lockon+1"],"special_seed":0,"relics":["Cracked Core","Golden Idol","Orichalcum","Gremlin Horn","Happy Flower","Odd Mushroom","Astrolabe"],"potions_floor_usage":[11,14,18,19,19],"damage_taken":[{"damage":2,"enemies":"2 Louse","floor":1,"turns":3},{"damage":2,"enemies":"Jaw Worm","floor":5,"turns":4},{"damage":32,"enemies":"Gremlin Nob","floor":8,"turns":4},{"damage":11,"enemies":"Lagavulin","floor":10,"turns":6},{"damage":0,"enemies":"Small Slimes","floor":11,"turns":4},{"damage":3,"enemies":"Blue Slaver","floor":13,"turns":3},{"damage":0,"enemies":"The Mushroom Lair","floor":14,"turns":3},{"damage":19,"enemies":"Slime Boss","floor":16,"turns":6},{"damage":15,"enemies":"3 Byrds","floor":18,"turns":4},{"damage":68,"enemies":"Masked Bandits","floor":19,"turns":5}],"seed_played":"546350761366320176","potions_obtained":[{"floor":8,"key":"AttackPotion"},{"floor":10,"key":"Swift Potion"},{"floor":11,"key":"SteroidPotion"},{"floor":14,"key":"SteroidPotion"},{"floor":16,"key":"SkillPotion"}],"is_trial":false,"path_per_floor":["M","?","?","$","M","R","?","E","T","E","M","R","M","?","R","B",null,"M","?"],"character_chosen":"DEFECT","items_purchased":["Leap"],"campfire_rested":1,"item_purchase_floors":[4],"current_hp_per_floor":[73,66,55,55,53,53,53,21,21,10,10,30,27,27,27,8,69,54,0],"gold":391,"neow_bonus":"ONE_RANDOM_RARE_CARD","is_prod":false,"is_daily":false,"chose_seed":false,"campfire_upgraded":2,"win_rate":0,"timestamp":1554703289,"path_taken":["M","?","?","?","M","R","?","E","T","E","M","R","?","?","R","BOSS","M","?"],"build_version":"2019-01-23","purchased_purges":1,"victory":false,"max_hp_per_floor":[75,75,75,75,75,75,69,69,69,69,69,69,69,69,69,69,69,69,69],"card_choices":[{"not_picked":["Gash","Redo"],"picked":"Darkness","floor":1},{"not_picked":["Conserve Battery","Recycle"],"picked":"Chaos","floor":5},{"not_picked":["Fusion","Ball Lightning","Amplify"],"picked":"SKIP","floor":8},{"not_picked":["Skim","Barrage"],"picked":"Hologram","floor":10},{"not_picked":["Reinforced Body","Ball Lightning","Stack"],"picked":"SKIP","floor":11},{"not_picked":["Hologram","Conserve Battery","Compile Driver"],"picked":"SKIP","floor":13},{"not_picked":["Multi-Cast","Core Surge"],"picked":"Creative AI","floor":16},{"not_picked":["Streamline","Gash","Stack"],"picked":"SKIP","floor":18}],"player_experience":469394,"relics_obtained":[{"floor":8,"key":"Orichalcum"},{"floor":9,"key":"Gremlin Horn"},{"floor":10,"key":"Happy Flower"},{"floor":14,"key":"Odd Mushroom"}],"event_choices":[{"cards_removed":["Strike_B"],"damage_healed":0,"gold_gain":0,"player_choice":"Card Removal","damage_taken":7,"max_hp_gain":0,"max_hp_loss":0,"event_name":"Golden Wing","floor":2,"gold_loss":0},{"damage_healed":0,"gold_gain":75,"player_choice":"Gather Gold","damage_taken":11,"max_hp_gain":0,"max_hp_loss":0,"event_name":"World of Goop","floor":3,"gold_loss":0},{"damage_healed":0,"gold_gain":0,"player_choice":"Lose Max HP","damage_taken":0,"relics_obtained":["Golden Idol"],"max_hp_gain":0,"max_hp_loss":6,"event_name":"Golden Idol","floor":7,"gold_loss":0},{"damage_healed":0,"gold_gain":0,"player_choice":"Fought Mushrooms","damage_taken":0,"max_hp_gain":0,"max_hp_loss":0,"event_name":"Mushrooms","floor":14,"gold_loss":0},{"damage_healed":0,"gold_gain":0,"player_choice":"Fought Bandits","damage_taken":0,"max_hp_gain":0,"max_hp_loss":0,"event_name":"Masked Bandits","floor":19,"gold_loss":0}],"is_beta":false,"boss_relics":[{"not_picked":["Lizard Tail","Calling Bell"],"picked":"Astrolabe"}],"items_purged_floors":[4],"is_endless":false,"potions_floor_spawned":[8,10,11,14,16],"killed_by":"Masked Bandits","ascension_level":3}