{"gold_per_floor":[113,3,3,17,17,50,50,62,92,92,10,10],"floor_reached":12,"playtime":378,"items_purged":["Strike_B"],"score":76,"play_id":"9bef18dc-28cd-4254-a516-d6a6cdbe2c74","local_time":"20190420000705","is_ascension_mode":false,"campfire_choices":[{"data":"Genetic Algorithm","floor":7,"key":"SMITH"},{"data":"Chill","floor":10,"key":"SMITH"}],"neow_cost":"NONE","seed_source_timestamp":53326719765203,"circlet_count":0,"master_deck":["Strike_B","Strike_B","Defend_B","Defend_B","Defend_B","Defend_B","Zap+1","Dualcast","Deep Breath","Capacitor","Genetic Algorithm+1","Self Repair","Redo","Chill+1","Loop"],"relics":["Cracked Core","Pear","Tiny Chest"],"potions_floor_usage":[6],"damage_taken":[{"damage":0,"enemies":"2 Louse","floor":1,"turns":2},{"damage":9,"enemies":"Small Slimes","floor":4,"turns":3},{"damage":31,"enemies":"3 Sentries","floor":6,"turns":7},{"damage":1,"enemies":"Jaw Worm","floor":8,"turns":3},{"damage":73,"enemies":"Gremlin Nob","floor":12,"turns":5}],"seed_played":"5201918195387358978","potions_obtained":[{"floor":4,"key":"Explosive Potion"}],"is_trial":false,"path_per_floor":["M","$","?","M","?","E","R","M","T","R","$","E"],"character_chosen":"DEFECT","items_purchased":["Genetic Algorithm","Loop"],"campfire_rested":0,"item_purchase_floors":[2,11],"current_hp_per_floor":[75,75,75,66,59,45,45,51,51,51,51,0],"gold":10,"neow_bonus":"RANDOM_COLORLESS","is_prod":false,"is_daily":false,"chose_seed":false,"campfire_upgraded":2,"win_rate":0,"timestamp":1555690025,"path_taken":["M","$","?","M","?","E","R","M","T","R","?","E"],"build_version":"2019-01-23","purchased_purges":1,"victory":false,"max_hp_per_floor":[75,75,75,75,75,85,85,85,85,85,85,85],"card_choices":[{"not_picked":["Darkness","Ball Lightning"],"picked":"Capacitor","floor":1},{"not_picked":["Conserve Battery","Rebound"],"picked":"Self Repair","floor":4},{"not_picked":["Consume","Rebound"],"picked":"Redo","floor":6},{"not_picked":["Compile Driver","Darkness"],"picked":"Chill","floor":8}],"player_experience":457639,"relics_obtained":[{"floor":6,"key":"Pear"},{"floor":9,"key":"Tiny Chest"}],"event_choices":[{"damage_healed":0,"gold_gain":0,"player_choice":"Grow","damage_taken":0,"max_hp_gain":0,"max_hp_loss":0,"event_name":"Living Wall","floor":3,"gold_loss":0,"cards_upgraded":["Zap"]},{"cards_removed":["Strike_B"],"damage_healed":0,"gold_gain":0,"player_choice":"Card Removal","damage_taken":7,"max_hp_gain":0,"max_hp_loss":0,"event_name":"Golden Wing","floor":5,"gold_loss":0}],"is_beta":false,"boss_relics":[],"items_purged_floors":[2],"is_endless":false,"potions_floor_spawned":[4],"killed_by":"Gremlin Nob","ascension_level":0}