{"gold_per_floor":[117,136,211,229,229,229,208,223,223,256,256,288,288,288,288,378,378,392,12,12,31,31,31,69,82,158,158,181,200,235,14,14,107,107,120,133,133,151,165,203,203,223,223,223,223,267,294,324,336,348],"floor_reached":50,"playtime":3221,"items_purged":["Strike_B"],"score":1104,"play_id":"68804c13-2f70-4539-8b4a-57e4f8f01a8b","local_time":"20190410122323","is_ascension_mode":true,"campfire_choices":[{"floor":6.0,"key":"REST"},{"floor":11.0,"key":"REST"},{"data":"Defragment","floor":13.0,"key":"SMITH"},{"data":"Loop","floor":15.0,"key":"SMITH"},{"floor":23.0,"key":"REST"},{"floor":32.0,"key":"REST"},{"data":"Defragment","floor":41.0,"key":"SMITH"},{"floor":45.0,"key":"REST"},{"floor":49.0,"key":"RECALL"}],"neow_cost":"NONE","seed_source_timestamp":1047693307406919,"circlet_count":0,"master_deck":["AscendersBane","Strike_B+1","Strike_B+1","Strike_B+1","Defend_B","Defend_B","Defend_B","Defend_B","Zap","Dualcast","Coolheaded","Defragment+1","Cold Snap+1","Loop+1","Genetic Algorithm+1","Electrodynamics","Echo Form","Steam+1","Ball Lightning","Self Repair","Leap+1","Machine Learning","RitualDagger","Defragment+1","Loop","Seek+1","Chill+1","Parasite","Conserve Battery+1","Coolheaded+1"],"special_seed":0,"relics":["Cracked Core","Regal Pillow","Toxic Egg 2","Du-Vu Doll","Sundial","Golden Idol","Black Star","Incense Burner","Blood Vial","Smiling Mask","Whetstone","Unceasing Top","Art of War","Lantern","Cursed Key","DataDisk","Strawberry","Prayer Wheel","MawBank"],"potions_floor_usage":[50],"damage_taken":[{"damage":3.0,"enemies":"2 Louse","floor":1.0,"turns":4.0},{"damage":10.0,"enemies":"Small Slimes","floor":2.0,"turns":7.0},{"damage":9.0,"enemies":"Jaw Worm","floor":4.0,"turns":3.0},{"damage":5.0,"enemies":"Exordium Thugs","floor":7.0,"turns":4.0},{"damage":2.0,"enemies":"Exordium Wildlife","floor":8.0,"turns":4.0},{"damage":8.0,"enemies":"Lagavulin","floor":10.0,"turns":5.0},{"damage":23.0,"enemies":"Gremlin Nob","floor":12.0,"turns":4.0},{"damage":8.0,"enemies":"The Guardian","floor":16.0,"turns":11.0},{"damage":20.0,"enemies":"2 Thieves","floor":18.0,"turns":4.0},{"damage":21.0,"enemies":"Spheric Guardian","floor":21.0,"turns":4.0},{"damage":2.0,"enemies":"Gremlin Leader","floor":24.0,"turns":6.0},{"damage":6.0,"enemies":"Centurion and Healer","floor":25.0,"turns":6.0},{"damage":7.0,"enemies":"Cultist and Chosen","floor":29.0,"turns":5.0},{"damage":35.0,"enemies":"Book of Stabbing","floor":30.0,"turns":6.0},{"damage":30.0,"enemies":"Collector","floor":33.0,"turns":10.0},{"damage":0.0,"enemies":"3 Shapes","floor":35.0,"turns":6.0},{"damage":3.0,"enemies":"3 Darklings","floor":36.0,"turns":5.0},{"damage":27.0,"enemies":"Transient","floor":38.0,"turns":6.0},{"damage":6.0,"enemies":"Writhing Mass","floor":39.0,"turns":7.0},{"damage":39.0,"enemies":"Nemesis","floor":40.0,"turns":11.0},{"damage":30.0,"enemies":"Sphere and 2 Shapes","floor":42.0,"turns":6.0},{"damage":44.0,"enemies":"Reptomancer","floor":46.0,"turns":7.0},{"damage":0.0,"enemies":"4 Shapes","floor":47.0,"turns":7.0},{"damage":0.0,"enemies":"Writhing Mass","floor":48.0,"turns":5.0},{"damage":49,"enemies":"Time Eater","floor":50,"turns":13}],"seed_played":"4262786960328370040","potions_obtained":[{"floor":2.0,"key":"Weak Potion"},{"floor":8.0,"key":"PowerPotion"},{"floor":10.0,"key":"Block Potion"},{"floor":12.0,"key":"Swift Potion"},{"floor":16.0,"key":"Block Potion"},{"floor":21.0,"key":"FocusPotion"},{"floor":24.0,"key":"Poison Potion"},{"floor":25.0,"key":"FocusPotion"},{"floor":35.0,"key":"SteroidPotion"},{"floor":38.0,"key":"SkillPotion"},{"floor":46.0,"key":"SkillPotion"}],"is_trial":false,"path_per_floor":["M","M","?","M","?","R","M","M","T","E","R","E","R","?","R","B",null,"M","$","?","M","$","R","E","M","T","?","T","M","E","$","R","B",null,"M","M","?","M","M","E","R","M","T","T","R","E","M","M","R","B"],"character_chosen":"DEFECT","items_purchased":["Incense Burner","Ball Lightning","Lantern"],"campfire_rested":5,"item_purchase_floors":[19,19,31],"current_hp_per_floor":[61,51,40,31,10,46,41,39,39,31,67,44,44,20,20,12,56,36,36,36,15,15,51,56,59,59,53,53,48,22,22,58,37,63,71,71,67,54,64,48,48,20,20,20,57,22,38,40,40,0],"gold":348,"neow_bonus":"RANDOM_COMMON_RELIC","is_prod":false,"is_daily":false,"chose_seed":false,"campfire_upgraded":3,"win_rate":0,"timestamp":1554866603,"path_taken":["M","M","?","M","?","R","M","M","T","E","R","E","R","?","R","BOSS","M","$","?","M","$","R","E","M","T","?","?","M","E","$","R","BOSS","M","M","?","M","M","E","R","M","T","?","R","E","M","M","R","BOSS"],"build_version":"2019-01-23","purchased_purges":1,"victory":false,"max_hp_per_floor":[71,71,71,71,71,71,71,71,71,71,71,71,71,71,71,71,71,71,71,71,71,71,71,71,71,71,71,71,71,71,71,71,71,71,71,71,67,67,67,74,74,74,74,74,74,74,74,74,74,74],"card_choices":[{"not_picked":["Hologram","Conserve Battery"],"picked":"Coolheaded","floor":1.0},{"not_picked":["Ball Lightning","Steam"],"picked":"Defragment","floor":2.0},{"not_picked":["Capacitor","Rebound"],"picked":"Cold Snap","floor":4.0},{"not_picked":["Compile Driver","Hologram"],"picked":"Loop","floor":7.0},{"not_picked":["Double Energy","Cold Snap","Coolheaded"],"picked":"SKIP","floor":8.0},{"not_picked":["Beam Cell","Leap+1"],"picked":"Genetic Algorithm+1","floor":10.0},{"not_picked":["Compile Driver","Redo+1"],"picked":"Electrodynamics","floor":12.0},{"not_picked":["Meteor Strike","Rainbow+1"],"picked":"Echo Form","floor":16.0},{"not_picked":["Cold Snap","Barrage"],"picked":"Steam+1","floor":18.0},{"not_picked":["Genetic Algorithm+1","Cold Snap"],"picked":"Self Repair","floor":21.0},{"not_picked":["Rebound+1","Go for the Eyes"],"picked":"Leap+1","floor":24.0},{"not_picked":["Compile Driver","Streamline"],"picked":"Machine Learning","floor":25.0},{"not_picked":["Force Field+1","Undo+1"],"picked":"Defragment","floor":29.0},{"not_picked":["Undo+1","Reprogram+1"],"picked":"Loop","floor":30.0},{"not_picked":["Machine Learning","Amplify+1"],"picked":"Seek+1","floor":33.0},{"not_picked":["Rip and Tear","Lockon"],"picked":"Chill+1","floor":35.0},{"not_picked":["Rebound+1","Redo+1","Barrage"],"picked":"SKIP","floor":36.0},{"not_picked":["Lockon","Stack+1","Gash"],"picked":"SKIP","floor":38.0},{"not_picked":["Redo+1","Aggregate+1","Streamline"],"picked":"SKIP","floor":39.0},{"not_picked":["Steam+1","Rip and Tear"],"picked":"Conserve Battery+1","floor":40.0},{"not_picked":["Blizzard+1","Turbo+1","Conserve Battery+1"],"picked":"SKIP","floor":42.0},{"not_picked":["Machine Learning","Leap+1","Redo+1"],"picked":"SKIP","floor":46.0},{"not_picked":["Darkness+1","Compile Driver+1"],"picked":"Coolheaded+1","floor":47.0},{"not_picked":["Double Energy+1","Lockon","Rebound"],"picked":"SKIP","floor":47.0},{"not_picked":["Stack+1","Steam+1","Beam Cell"],"picked":"SKIP","floor":48.0},{"not_picked":["Sweeping Beam","Consume+1","Cold Snap"],"picked":"SKIP","floor":48.0}],"player_experience":879160,"relics_obtained":[{"floor":9.0,"key":"Toxic Egg 2"},{"floor":10.0,"key":"Du-Vu Doll"},{"floor":12.0,"key":"Sundial"},{"floor":24.0,"key":"Blood Vial"},{"floor":24.0,"key":"Smiling Mask"},{"floor":28.0,"key":"Whetstone"},{"floor":30.0,"key":"Unceasing Top"},{"floor":30.0,"key":"Art of War"},{"floor":40.0,"key":"DataDisk"},{"floor":40.0,"key":"Strawberry"},{"floor":46.0,"key":"Prayer Wheel"},{"floor":46.0,"key":"MawBank"}],"event_choices":[{"damage_healed":0.0,"max_hp_gain":0.0,"max_hp_loss":0.0,"gold_gain":75.0,"event_name":"World of Goop","player_choice":"Gather Gold","floor":3.0,"gold_loss":0.0,"damage_taken":11.0},{"damage_healed":0.0,"max_hp_gain":0.0,"max_hp_loss":0.0,"gold_gain":0.0,"event_name":"Shining Light","player_choice":"Entered Light","floor":5.0,"gold_loss":0.0,"damage_taken":21.0,"cards_upgraded":["Cold Snap","Strike_B"]},{"damage_healed":0.0,"max_hp_gain":0.0,"max_hp_loss":0.0,"gold_gain":0.0,"event_name":"Golden Idol","player_choice":"Take Damage","floor":14.0,"gold_loss":0.0,"damage_taken":24.0,"relics_obtained":["Golden Idol"]},{"damage_healed":0.0,"max_hp_gain":0.0,"max_hp_loss":0.0,"gold_gain":0.0,"event_name":"Vampires","player_choice":"Ignored","floor":20.0,"gold_loss":0.0,"damage_taken":0.0},{"damage_healed":0.0,"max_hp_gain":0.0,"max_hp_loss":0.0,"gold_gain":0.0,"event_name":"Nest","player_choice":"Joined the Cult","floor":27.0,"gold_loss":0.0,"damage_taken":6.0,"cards_obtained":["RitualDagger"]},{"damage_healed":0.0,"max_hp_gain":0.0,"max_hp_loss":4.0,"gold_gain":0.0,"event_name":"Winding Halls","player_choice":"Max HP","floor":37.0,"gold_loss":0.0,"damage_taken":0.0}],"is_beta":false,"boss_relics":[{"not_picked":["FrozenCore","Coffee Dripper"],"picked":"Black Star"},{"not_picked":["Busted Crown","Runic Pyramid"],"picked":"Cursed Key"}],"items_purged_floors":[31],"is_endless":false,"potions_floor_spawned":[2,8,10,12,16,21,24,25,35,38,46],"killed_by":"Time Eater","ascension_level":20}