{"path_per_floor":["M","M","M","M","$","R","M","?","T","M","E","M","M","M","R","B",null,"M","M","$","M","M","R"],"character_chosen":"IRONCLAD","items_purchased":["Pantograph","Inflame","Offering"],"gold_per_floor":[211,225,236,253,12,12,24,24,50,66,94,114,130,146,146,248,248,258,270,46,56,66,66,66],"floor_reached":24,"campfire_rested":1,"playtime":1980,"item_purchase_floors":[5,20,20],"current_hp_per_floor":[80,79,78,80,80,80,66,66,66,72,57,46,52,41,41,13,80,80,52,52,27,21,45,0],"items_purged":[],"gold":66,"score":206,"play_id":"d1363bf2-4e7b-4486-809a-a6cb51bda070","local_time":"20180527204442","is_prod":false,"is_daily":false,"chose_seed":false,"is_ascension_mode":false,"campfire_upgraded":2,"win_rate":0.0,"timestamp":1527471882,"campfire_choices":[{"data":"Perfected Strike","floor":6,"key":"SMITH"},{"data":"Inflame","floor":15,"key":"SMITH"},{"floor":23,"key":"REST"}],"path_taken":["M","M","M","M","$","R","M","?","T","M","E","M","M","M","R","BOSS","M","M","$","M","M","R","M"],"build_version":"2018-05-24","seed_source_timestamp":420361069730929,"purchased_purges":0,"victory":false,"master_deck":["Strike_R","Strike_R","Strike_R","Strike_R","Strike_R","Defend_R","Defend_R","Defend_R","Defend_R","Bash","Perfected Strike+1","Flex","Intimidate","Inflame+1","Headbutt","Headbutt","Double Tap","Headbutt+1","Inflame","Offering","Offering"],"max_hp_per_floor":[80,80,80,80,80,80,80,80,80,80,80,80,80,80,80,80,80,80,80,80,80,80,80,80],"relics":["Burning Blood","Pantograph","Juzu Bracelet","Oddly Smooth Stone","Velvet Choker"],"card_choices":[{"not_picked":["Disarm","Cleave"],"picked":"Perfected Strike","floor":1},{"not_picked":["Blood for Blood","Iron Wave"],"picked":"Flex","floor":2},{"not_picked":["Disarm","Battle Trance","Shrug It Off"],"picked":"SKIP","floor":3},{"not_picked":["Anger","Seeing Red"],"picked":"Intimidate","floor":4},{"not_picked":["Clothesline","Sword Boomerang"],"picked":"Inflame","floor":7},{"not_picked":["Searing Blow","Cleave","Clothesline"],"picked":"SKIP","floor":10},{"not_picked":["Impervious","Body Slam","Rage"],"picked":"SKIP","floor":11},{"not_picked":["Whirlwind","Pommel Strike"],"picked":"Headbutt","floor":12},{"not_picked":["Corruption","Searing Blow"],"picked":"Headbutt","floor":13},{"not_picked":["True Grit","Warcry","Armaments"],"picked":"SKIP","floor":14},{"not_picked":["Impervious","Juggernaut"],"picked":"Double Tap","floor":16},{"not_picked":["Shrug It Off+1","True Grit+1"],"picked":"Headbutt+1","floor":18},{"not_picked":["Corruption","Anger","Shrug It Off"],"picked":"SKIP","floor":19},{"not_picked":["Shrug It Off+1","Body Slam","Disarm"],"picked":"SKIP","floor":21},{"not_picked":["Clash","Burning Pact"],"picked":"Offering","floor":22}],"player_experience":25522,"potions_floor_usage":[2,7,11,16,18,22,24],"damage_taken":[{"damage":6,"enemies":"Cultist","floor":1,"turns":3},{"damage":7,"enemies":"Jaw Worm","floor":2,"turns":4},{"damage":7,"enemies":"2 Louse","floor":3,"turns":2},{"damage":1,"enemies":"2 Fungi Beasts","floor":4,"turns":3},{"damage":20,"enemies":"Red Slaver","floor":7,"turns":5},{"damage":0,"enemies":"Large Slime","floor":10,"turns":4},{"damage":21,"enemies":"Lagavulin","floor":11,"turns":7},{"damage":17,"enemies":"Gremlin Gang","floor":12,"turns":4},{"damage":0,"enemies":"2 Fungi Beasts","floor":13,"turns":3},{"damage":17,"enemies":"Large Slime","floor":14,"turns":4},{"damage":59,"enemies":"The Guardian","floor":16,"turns":7},{"damage":0,"enemies":"Chosen","floor":18,"turns":3},{"damage":34,"enemies":"2 Thieves","floor":19,"turns":4},{"damage":31,"enemies":"Slaver and Parasite","floor":21,"turns":3},{"damage":12,"enemies":"Centurion and Healer","floor":22,"turns":3},{"damage":46,"enemies":"Chosen and Byrds","floor":24,"turns":5}],"relics_obtained":[{"floor":9,"key":"Juzu Bracelet"},{"floor":11,"key":"Oddly Smooth Stone"}],"event_choices":[{"event_name":"The Cleric","player_choice":"Leave","floor":8,"damage_taken":0}],"boss_relics":[{"not_picked":["Ectoplasm","Cursed Key"],"picked":"Velvet Choker"}],"items_purged_floors":[],"potions_floor_spawned":[1,2,4,14,16,21,22],"seed_played":"8455631360044725906","killed_by":"Chosen and Byrds","ascension_level":0,"potions_obtained":[{"floor":1,"key":"PowerPotion"},{"floor":2,"key":"LiquidBronze"},{"floor":4,"key":"Block Potion"},{"floor":14,"key":"FearPotion"},{"floor":16,"key":"Fire Potion"},{"floor":21,"key":"Explosive Potion"},{"floor":22,"key":"Block Potion"}],"is_trial":false}