{"gold_per_floor":[116,128,128,147,15,55,55,15,15,45,57,84,109,135,147,258,333,359,421,447,96,96],"floor_reached":22,"playtime":966,"items_purged":["Strike_G"],"score":338,"play_id":"1c277047-80b9-432f-bcc2-9d6b7e2a9c33","local_time":"20190124093541","is_ascension_mode":true,"campfire_choices":[{"data":"Neutralize","floor":7.0,"key":"SMITH"},{"data":"All Out Attack","floor":11.0,"key":"SMITH"},{"data":"Malaise","floor":15.0,"key":"SMITH"}],"neow_cost":"NONE","seed_source_timestamp":85499473473071,"circlet_count":0,"master_deck":["AscendersBane","Defend_G","Defend_G","Defend_G","Defend_G","Defend_G","Strike_G","Strike_G","Strike_G","Strike_G+1","Survivor","Neutralize+1","Malaise+1","Footwork","Blur","All Out Attack+1","Terror","Footwork","Escape Plan","Cloak And Dagger","After Image","Prepared","Dagger Spray","Dash"],"special_seed":0,"relics":["Ring of the Snake","Golden Idol","Pear","MawBank","Tiny House","Strange Spoon"],"potions_floor_usage":[20],"damage_taken":[{"damage":0.0,"enemies":"Cultist","floor":1.0,"turns":5.0},{"damage":2.0,"enemies":"Small Slimes","floor":2.0,"turns":6.0},{"damage":0.0,"enemies":"Jaw Worm","floor":4.0,"turns":6.0},{"damage":9.0,"enemies":"Lagavulin","floor":6.0,"turns":7.0},{"damage":9.0,"enemies":"Gremlin Gang","floor":10.0,"turns":3.0},{"damage":11.0,"enemies":"3 Louse","floor":12.0,"turns":4.0},{"damage":0.0,"enemies":"Large Slime","floor":13.0,"turns":5.0},{"damage":5.0,"enemies":"Lots of Slimes","floor":14.0,"turns":2.0},{"damage":15.0,"enemies":"Hexaghost","floor":16.0,"turns":15.0},{"damage":35.0,"enemies":"2 Thieves","floor":18.0,"turns":5.0},{"damage":0,"enemies":"Chosen","floor":20,"turns":7},{"damage":31,"enemies":"3 Cultists","floor":22,"turns":4}],"seed_played":"3615865554949656479","potions_obtained":[{"floor":1.0,"key":"PowerPotion"},{"floor":4.0,"key":"EssenceOfSteel"},{"floor":8.0,"key":"Ancient Potion"},{"floor":8.0,"key":"Energy Potion"},{"floor":12.0,"key":"Dexterity Potion"},{"floor":14.0,"key":"Dexterity Potion"},{"floor":17.0,"key":"AttackPotion"},{"floor":18.0,"key":"Dexterity Potion"},{"floor":20,"key":"SteroidPotion"}],"is_trial":false,"path_per_floor":["M","M","?","M","$","E","R","?","T","M","R","M","M","M","R","B",null,"M","?","M","$","M"],"character_chosen":"THE_SILENT","items_purchased":["Terror","Strength Potion","Strange Spoon","Dash"],"campfire_rested":0,"item_purchase_floors":[5,5,21,21],"current_hp_per_floor":[59,57,57,57,57,58,58,58,58,49,49,38,38,33,33,18,62,27,27,27,27,0],"gold":96,"neow_bonus":"ONE_RANDOM_RARE_CARD","is_prod":false,"is_daily":false,"chose_seed":false,"campfire_upgraded":3,"win_rate":0,"timestamp":1548290141,"path_taken":["M","M","?","M","$","E","R","?","T","?","R","M","?","M","R","BOSS","M","?","M","$","?"],"build_version":"2019-01-23","purchased_purges":1,"victory":false,"max_hp_per_floor":[66,66,60,60,60,70,70,70,70,70,70,70,70,70,70,70,75,75,75,75,75,75],"card_choices":[{"not_picked":["Bouncing Flask","Concentrate"],"picked":"Footwork","floor":1.0},{"not_picked":["Calculated Gamble","Bane"],"picked":"Blur","floor":2.0},{"not_picked":["Calculated Gamble","Dodge and Roll"],"picked":"All Out Attack","floor":4.0},{"not_picked":["Deflect","Flying Knee"],"picked":"Footwork","floor":6.0},{"not_picked":["PiercingWail","Cloak And Dagger"],"picked":"Escape Plan","floor":10.0},{"not_picked":["Acrobatics","Dodge and Roll","Calculated Gamble"],"picked":"SKIP","floor":12.0},{"not_picked":["PiercingWail","Poisoned Stab","Dagger Throw"],"picked":"SKIP","floor":13.0},{"not_picked":["Poisoned Stab","A Thousand Cuts"],"picked":"Cloak And Dagger","floor":14.0},{"not_picked":["Doppelganger","Storm of Steel"],"picked":"After Image","floor":16.0},{"not_picked":["Sucker Punch","Bane"],"picked":"Prepared","floor":17.0},{"not_picked":["Masterful Stab+1","Skewer"],"picked":"Dagger Spray","floor":18.0},{"not_picked":["Night Terror","Acrobatics","Deadly Poison"],"picked":"SKIP","floor":20}],"player_experience":440204,"relics_obtained":[{"floor":6.0,"key":"Pear"},{"floor":9.0,"key":"MawBank"}],"event_choices":[{"damage_healed":0.0,"max_hp_gain":0.0,"max_hp_loss":6.0,"gold_gain":0.0,"event_name":"Golden Idol","player_choice":"Lose Max HP","floor":3.0,"gold_loss":0.0,"damage_taken":0.0,"relics_obtained":["Golden Idol"]},{"damage_healed":0.0,"max_hp_gain":0.0,"max_hp_loss":0.0,"gold_gain":0.0,"event_name":"The Woman in Blue","player_choice":"Bought 3 Potions","floor":8.0,"gold_loss":0.0,"damage_taken":0.0},{"damage_healed":0.0,"max_hp_gain":0.0,"max_hp_loss":0.0,"gold_gain":100.0,"event_name":"The Joust","player_choice":"Bet on Murderer","floor":19.0,"gold_loss":50.0,"damage_taken":0.0}],"is_beta":false,"boss_relics":[{"not_picked":["HoveringKite","Black Star"],"picked":"Tiny House"}],"items_purged_floors":[21],"is_endless":false,"potions_floor_spawned":[1,4,12,14,18,20],"killed_by":"3 Cultists","ascension_level":16}