{"gold_per_floor":[110,122,122,197,197,224,242,270,296,308,340,352,374,140,140,218,218,235,315,315,215,140,140,175,187,233,68,343,362,362,373,373,373],"floor_reached":33,"playtime":917,"items_purged":["Strike_R","Writhe"],"score":581,"play_id":"e266fa20-c5c2-41d5-879d-e31f01281d85","local_time":"20190330232019","is_ascension_mode":true,"campfire_choices":[{"data":"Anger","floor":10,"key":"SMITH"},{"data":"Clothesline","floor":12,"key":"SMITH"},{"floor":15,"key":"REST"},{"data":"Anger","floor":23,"key":"SMITH"},{"data":"True Grit","floor":30,"key":"SMITH"},{"floor":32,"key":"REST"}],"neow_cost":"NONE","seed_source_timestamp":3390044078900,"circlet_count":0,"master_deck":["AscendersBane","Strike_R","Strike_R","Defend_R","Defend_R","Defend_R","Defend_R","Bash","Anger+1","Clothesline+1","Impervious","Pummel","Burning Pact","Anger+1","Dark Embrace","Burning Pact","Shrug It Off","True Grit+1","Uppercut+1"],"relics":["Burning Blood","NeowsBlessing","Happy Flower","Potion Belt","MawBank","Regal Pillow","Philosopher\u0027s Stone","Mercury Hourglass","Pen Nib","Omamori","Lantern","Red Skull"],"potions_floor_usage":[8,16,25,33,33],"damage_taken":[{"damage":0,"enemies":"Cultist","floor":1,"turns":1},{"damage":0,"enemies":"Small Slimes","floor":2,"turns":1},{"damage":0,"enemies":"Gremlin Nob","floor":6,"turns":1},{"damage":7,"enemies":"Jaw Worm","floor":7,"turns":3},{"damage":34,"enemies":"3 Sentries","floor":8,"turns":12},{"damage":14,"enemies":"Looter","floor":11,"turns":4},{"damage":8,"enemies":"Red Slaver","floor":13,"turns":3},{"damage":43,"enemies":"Hexaghost","floor":16,"turns":9},{"damage":11,"enemies":"Chosen","floor":18,"turns":5},{"damage":24,"enemies":"Gremlin Leader","floor":24,"turns":7},{"damage":8,"enemies":"Spheric Guardian","floor":25,"turns":4},{"damage":10,"enemies":"Centurion and Healer","floor":29,"turns":4},{"damage":6,"enemies":"Chosen and Byrds","floor":31,"turns":3},{"damage":79,"enemies":"Collector","floor":33,"turns":9}],"seed_played":"5265066967057403352","potions_obtained":[{"floor":2,"key":"FearPotion"},{"floor":7,"key":"SkillPotion"},{"floor":8,"key":"Dexterity Potion"},{"floor":13,"key":"LiquidBronze"},{"floor":24,"key":"Block Potion"},{"floor":25,"key":"SteroidPotion"},{"floor":31,"key":"Explosive Potion"}],"is_trial":false,"path_per_floor":["M","M","?","?","?","E","M","E","T","R","M","R","M","$","R","B",null,"M","T","?","$","?","R","E","M","T","$","?","M","R","M","R","B"],"character_chosen":"IRONCLAD","items_purchased":["Regal Pillow","Red Skull"],"campfire_rested":2,"item_purchase_floors":[14,27],"current_hp_per_floor":[74,75,68,57,57,63,62,34,34,34,26,26,24,24,61,24,62,57,57,57,57,57,57,39,37,37,37,37,33,33,33,70,0],"gold":373,"neow_bonus":"THREE_ENEMY_KILL","is_prod":false,"is_daily":false,"chose_seed":false,"campfire_upgraded":4,"win_rate":0,"timestamp":1553984419,"path_taken":["M","?","?","?","?","E","M","E","T","R","M","R","M","$","R","BOSS","M","?","?","?","?","R","E","M","T","$","?","M","R","M","R","BOSS"],"build_version":"2019-01-23","purchased_purges":2,"victory":false,"max_hp_per_floor":[75,75,75,75,75,75,75,75,75,75,75,75,75,75,75,75,75,75,75,75,75,75,75,75,75,75,75,75,75,75,75,75,75],"card_choices":[{"not_picked":["Thunderclap","Carnage"],"picked":"Anger","floor":1},{"not_picked":["Twin Strike","Pommel Strike"],"picked":"Clothesline","floor":2},{"not_picked":["Blood for Blood","Sword Boomerang"],"picked":"Pummel","floor":6},{"not_picked":["Armaments","Ghostly Armor"],"picked":"Burning Pact","floor":7},{"not_picked":["Armaments","Twin Strike"],"picked":"Anger","floor":8},{"not_picked":["Combust","Fire Breathing","Iron Wave"],"picked":"SKIP","floor":11},{"not_picked":["Bloodletting","Iron Wave","Blood for Blood"],"picked":"SKIP","floor":13},{"not_picked":["Double Tap","Immolate"],"picked":"Dark Embrace","floor":16},{"not_picked":["Entrench","Pommel Strike"],"picked":"Burning Pact","floor":18},{"not_picked":["Evolve","Havoc"],"picked":"Shrug It Off","floor":24},{"not_picked":["Anger","Flex"],"picked":"True Grit","floor":25},{"not_picked":["Burning Pact","Armaments"],"picked":"Uppercut+1","floor":29},{"not_picked":["Armaments","Clash","Havoc"],"picked":"SKIP","floor":31}],"player_experience":503457,"relics_obtained":[{"floor":6,"key":"Happy Flower"},{"floor":8,"key":"Potion Belt"},{"floor":9,"key":"MawBank"},{"floor":19,"key":"Mercury Hourglass"},{"floor":24,"key":"Omamori"},{"floor":26,"key":"Lantern"}],"event_choices":[{"cards_removed":["Strike_R"],"damage_healed":0,"gold_gain":0,"player_choice":"Card Removal","damage_taken":7,"max_hp_gain":0,"max_hp_loss":0,"event_name":"Golden Wing","floor":3,"gold_loss":0},{"damage_healed":0,"gold_gain":75,"player_choice":"Gather Gold","damage_taken":11,"max_hp_gain":0,"max_hp_loss":0,"event_name":"World of Goop","floor":4,"gold_loss":0},{"damage_healed":0,"gold_gain":0,"player_choice":"1 cards matched","damage_taken":0,"max_hp_gain":0,"max_hp_loss":0,"event_name":"Match and Keep!","floor":5,"gold_loss":0,"cards_obtained":["Impervious"]},{"damage_healed":0,"gold_gain":0,"player_choice":"Opened","damage_taken":0,"relics_obtained":["Pen Nib"],"max_hp_gain":0,"max_hp_loss":0,"event_name":"The Mausoleum","floor":20,"gold_loss":0,"cards_obtained":["Writhe"]},{"cards_removed":["Strike_R"],"damage_healed":0,"gold_gain":0,"player_choice":"Gave Gold","damage_taken":0,"max_hp_gain":0,"max_hp_loss":0,"event_name":"Beggar","floor":22,"gold_loss":75},{"damage_healed":0,"gold_gain":275,"player_choice":"Desecrate","damage_taken":0,"max_hp_gain":0,"max_hp_loss":0,"event_name":"Golden Shrine","floor":28,"gold_loss":0,"cards_obtained":["Regret"]}],"is_beta":false,"boss_relics":[{"not_picked":["Astrolabe","Calling Bell"],"picked":"Philosopher\u0027s Stone"}],"items_purged_floors":[14,21],"is_endless":false,"potions_floor_spawned":[2,7,8,13,24,25,31],"killed_by":"Collector","ascension_level":19}