{"gold_per_floor":[115,115,60,135,135,135,135,169,250,269,82,101,162,186,186,280,280,296,317,20,0,0,0],"floor_reached":23,"playtime":716,"items_purged":["Injury","Defend_B"],"score":422,"play_id":"72967616-fff3-431e-8392-cf93f14cdfb0","local_time":"20190320211341","is_ascension_mode":true,"campfire_choices":[{"data":"Leap","floor":7.0,"key":"SMITH"},{"data":"Loop","floor":15.0,"key":"SMITH"}],"neow_cost":"NONE","seed_source_timestamp":604159632817000,"circlet_count":0,"master_deck":["AscendersBane","Strike_B","Strike_B","Strike_B","Strike_B","Defend_B","Defend_B","Zap","Dualcast","Leap+1","Leap","Sweeping Beam","Rebound","Glacier","Glacier","BootSequence","Loop+1","Machine Learning","Blizzard","Capacitor"],"special_seed":0,"relics":["Cracked Core","NeowsBlessing","Golden Idol","Thread and Needle","Juzu Bracelet","Cables","Tiny Chest","Sozu","Boot","MutagenicStrength"],"potions_floor_usage":[],"damage_taken":[{"damage":0.0,"enemies":"2 Louse","floor":1.0,"turns":1.0},{"damage":0.0,"enemies":"3 Sentries","floor":8.0,"turns":1.0},{"damage":0.0,"enemies":"Jaw Worm","floor":10.0,"turns":1.0},{"damage":0.0,"enemies":"Small Slimes","floor":12.0,"turns":2.0},{"damage":18.0,"enemies":"Lagavulin","floor":13.0,"turns":10.0},{"damage":0.0,"enemies":"Looter","floor":14.0,"turns":3.0},{"damage":17.0,"enemies":"The Guardian","floor":16.0,"turns":20.0},{"damage":0.0,"enemies":"2 Thieves","floor":18.0,"turns":4.0},{"damage":0.0,"enemies":"Chosen","floor":19.0,"turns":8.0},{"damage":71,"enemies":"Slavers","floor":23,"turns":6}],"seed_played":"5909839617721408750","potions_obtained":[{"floor":10.0,"key":"FocusPotion"},{"floor":12.0,"key":"FearPotion"},{"floor":16.0,"key":"AttackPotion"}],"is_trial":false,"path_per_floor":["M","?","$","?","?","T","R","E","T","M","$","M","E","M","R","B",null,"M","M","$","?","?","E"],"character_chosen":"DEFECT","items_purchased":["Leap","Rebound","Glacier","Boot","Capacitor"],"campfire_rested":0,"item_purchase_floors":[3,11,11,20,20],"current_hp_per_floor":[64,57,57,46,46,46,46,46,46,46,46,46,28,28,28,11,56,56,56,56,56,56,0],"gold":0,"neow_bonus":"THREE_ENEMY_KILL","is_prod":false,"is_daily":false,"chose_seed":false,"campfire_upgraded":2,"win_rate":0,"timestamp":1553112821,"path_taken":["M","?","$","?","?","?","R","E","T","M","$","M","E","M","R","BOSS","M","M","$","?","?","E"],"build_version":"2019-01-23","purchased_purges":2,"victory":false,"max_hp_per_floor":[71,71,71,71,71,71,71,71,71,71,71,71,71,71,71,71,71,71,71,71,71,71,71],"card_choices":[{"not_picked":["Turbo","Redo"],"picked":"Leap","floor":1.0},{"not_picked":["Aggregate","Steam","Beam Cell"],"picked":"SKIP","floor":8.0},{"not_picked":["Streamline","Force Field"],"picked":"Sweeping Beam","floor":10.0},{"not_picked":["Lockon","Force Field"],"picked":"Glacier","floor":12.0},{"not_picked":["Rip and Tear","Gash"],"picked":"BootSequence","floor":13.0},{"not_picked":["Chaos","Ball Lightning"],"picked":"Loop","floor":14.0},{"not_picked":["Core Surge","All For One"],"picked":"Machine Learning","floor":16.0},{"not_picked":["Hello World","Reprogram","Lockon"],"picked":"SKIP","floor":18.0},{"not_picked":["Sweeping Beam+1","Gash"],"picked":"Blizzard","floor":19.0}],"player_experience":493856,"relics_obtained":[{"floor":6.0,"key":"Thread and Needle"},{"floor":8.0,"key":"Juzu Bracelet"},{"floor":9.0,"key":"Cables"},{"floor":13.0,"key":"Tiny Chest"}],"event_choices":[{"cards_removed":["Defend_B"],"damage_healed":0.0,"max_hp_gain":0.0,"max_hp_loss":0.0,"gold_gain":0.0,"event_name":"Golden Wing","player_choice":"Card Removal","floor":2.0,"gold_loss":0.0,"damage_taken":7.0},{"damage_healed":0.0,"max_hp_gain":0.0,"max_hp_loss":0.0,"gold_gain":75.0,"event_name":"World of Goop","player_choice":"Gather Gold","floor":4.0,"gold_loss":0.0,"damage_taken":11.0},{"damage_healed":0.0,"max_hp_gain":0.0,"max_hp_loss":0.0,"gold_gain":0.0,"event_name":"Golden Idol","player_choice":"Take Wound","floor":5.0,"gold_loss":0.0,"damage_taken":0.0,"relics_obtained":["Golden Idol"],"cards_obtained":["Injury"]},{"damage_healed":0,"gold_gain":0,"player_choice":"Paid Fearfully","damage_taken":0,"max_hp_gain":0,"max_hp_loss":0,"event_name":"Masked Bandits","floor":21,"gold_loss":20},{"damage_healed":0,"gold_gain":0,"player_choice":"Inject Mutagens","damage_taken":0,"relics_obtained":["MutagenicStrength"],"max_hp_gain":0,"max_hp_loss":0,"event_name":"Drug Dealer","floor":22,"gold_loss":0}],"is_beta":false,"boss_relics":[{"not_picked":["Runic Pyramid","Philosopher\u0027s Stone"],"picked":"Sozu"}],"items_purged_floors":[11,20],"is_endless":false,"potions_floor_spawned":[10,12,16,19],"killed_by":"Slavers","ascension_level":18}