{"gold_per_floor":[366,17,17,31,41,41,54,54,54,73,73,73,92,111,111,205,205,221,252,270,4,17,17,36,36,36,36,36,36,54,74,74,169,169,184,205,221,245,467,467,467],"floor_reached":41,"playtime":1738,"items_purged":["Doubt","Strike_B"],"score":803,"play_id":"123be07c-89b8-4540-8aff-d949a9f8f8f8","local_time":"20190424155244","is_ascension_mode":true,"campfire_choices":[{"data":"Defragment","floor":6,"key":"SMITH"},{"data":"Zap","floor":8,"key":"SMITH"},{"data":"Doom and Gloom","floor":11,"key":"SMITH"},{"data":"Reinforced Body","floor":15,"key":"SMITH"},{"floor":23,"key":"REST"},{"floor":25,"key":"REST"},{"data":"Conserve Battery","floor":27,"key":"SMITH"},{"floor":32,"key":"REST"},{"floor":40,"key":"REST"}],"neow_cost":"CURSE","seed_source_timestamp":458197573122597,"circlet_count":0,"master_deck":["AscendersBane","Strike_B","Strike_B","Strike_B","Defend_B+1","Defend_B","Defend_B","Defend_B+1","Zap+1","Dualcast","Defragment+1","Doom and Gloom+1","Steam","Reinforced Body+1","Sweeping Beam","Cold Snap","Ball Lightning","Ball Lightning","Biased Cognition","Defragment+1","Cold Snap","Conserve Battery+1","Coolheaded","Darkness+1","Chill","Leap","Echo Form+1","Barrage","Genetic Algorithm","Consume"],"relics":["Cracked Core","Happy Flower","Matryoshka","War Paint","Letter Opener","Golden Idol","Inserter","Red Mask","Frozen Egg 2","Bottled Lightning","Fusion Hammer"],"potions_floor_usage":[18,19,19,19,20,24,24,33,35,41],"damage_taken":[{"damage":0,"enemies":"2 Louse","floor":1,"turns":2},{"damage":8,"enemies":"Small Slimes","floor":4,"turns":3},{"damage":1,"enemies":"Cultist","floor":5,"turns":4},{"damage":7,"enemies":"Blue Slaver","floor":7,"turns":4},{"damage":2,"enemies":"3 Louse","floor":10,"turns":3},{"damage":0,"enemies":"2 Fungi Beasts","floor":13,"turns":1},{"damage":7,"enemies":"Looter","floor":14,"turns":3},{"damage":15,"enemies":"Hexaghost","floor":16,"turns":9},{"damage":23,"enemies":"2 Thieves","floor":18,"turns":4},{"damage":24,"enemies":"Masked Bandits","floor":19,"turns":3},{"damage":0,"enemies":"3 Byrds","floor":20,"turns":4},{"damage":1,"enemies":"Sentry and Sphere","floor":22,"turns":4},{"damage":9,"enemies":"Cultist and Chosen","floor":24,"turns":4},{"damage":1,"enemies":"Colosseum Slavers","floor":28,"turns":3},{"damage":4,"enemies":"Snake Plant","floor":30,"turns":4},{"damage":6,"enemies":"Chosen and Byrds","floor":31,"turns":4},{"damage":41,"enemies":"Automaton","floor":33,"turns":12},{"damage":5,"enemies":"3 Shapes","floor":35,"turns":4},{"damage":0,"enemies":"Orb Walker","floor":36,"turns":3},{"damage":11,"enemies":"Maw","floor":37,"turns":7},{"damage":8,"enemies":"Transient","floor":38,"turns":6},{"damage":53,"enemies":"Giant Head","floor":41,"turns":6}],"seed_played":"5463362467458810205","potions_obtained":[{"floor":7,"key":"FairyPotion"},{"floor":13,"key":"Explosive Potion"},{"floor":14,"key":"EntropicBrew"},{"floor":18,"key":"Block Potion"},{"floor":24,"key":"SteroidPotion"},{"floor":30,"key":"Block Potion"},{"floor":33,"key":"GamblersBrew"},{"floor":36,"key":"Fire Potion"}],"is_trial":false,"path_per_floor":["M","$","?","M","M","R","M","R","T","M","R","?","M","M","R","B",null,"M","?","M","$","M","R","M","R","T","R","?","?","M","M","R","B",null,"M","M","M","M","?","R","E"],"character_chosen":"DEFECT","items_purchased":["Happy Flower","Doom and Gloom","Steam","Block Potion","Energy Potion","Coolheaded"],"campfire_rested":4,"item_purchase_floors":[2,2,2,21,21,21],"current_hp_per_floor":[64,64,59,51,50,50,43,43,43,41,41,41,41,34,34,19,53,30,6,6,6,5,24,15,34,34,34,33,33,29,23,42,1,48,43,43,32,24,24,43,0],"gold":467,"neow_bonus":"TWO_FIFTY_GOLD","is_prod":false,"is_daily":false,"chose_seed":false,"campfire_upgraded":5,"win_rate":0,"timestamp":1556088764,"path_taken":["M","$","?","M","M","R","M","R","T","M","R","?","M","M","R","BOSS","M","?","M","$","M","R","M","R","T","R","?","?","M","M","R","BOSS","M","M","?","M","?","R","E"],"build_version":"2019-01-23","purchased_purges":2,"victory":false,"max_hp_per_floor":[71,71,71,71,71,71,71,71,71,71,71,64,64,64,64,64,64,64,64,64,64,64,64,64,64,64,64,64,64,64,64,64,64,64,64,64,64,64,64,64,64],"card_choices":[{"not_picked":["Static Discharge","Hologram"],"picked":"Defragment","floor":1},{"not_picked":["Consume","Heatsinks"],"picked":"Reinforced Body","floor":4},{"not_picked":["Steam","Sunder"],"picked":"Sweeping Beam","floor":5},{"not_picked":["Blizzard","Reprogram"],"picked":"Cold Snap","floor":7},{"not_picked":["Redo","Streamline"],"picked":"Ball Lightning","floor":10},{"not_picked":["Reinforced Body","Gash","Doom and Gloom"],"picked":"SKIP","floor":13},{"not_picked":["Double Energy","FTL"],"picked":"Ball Lightning","floor":14},{"not_picked":["Meteor Strike","Machine Learning"],"picked":"Biased Cognition","floor":16},{"not_picked":["Hologram","Barrage"],"picked":"Defragment","floor":18},{"not_picked":["Rip and Tear+1","Turbo"],"picked":"Cold Snap","floor":19},{"not_picked":["Loop","Turbo"],"picked":"Conserve Battery","floor":20},{"not_picked":["Stack","Redo"],"picked":"Darkness+1","floor":22},{"not_picked":["Streamline","Go for the Eyes"],"picked":"Chill","floor":24},{"not_picked":["Rebound","Ball Lightning","Turbo"],"picked":"SKIP","floor":30},{"not_picked":["Ball Lightning+1","Chaos"],"picked":"Leap","floor":31},{"not_picked":["Amplify","Reboot"],"picked":"Echo Form+1","floor":33},{"not_picked":["Chill","Beam Cell"],"picked":"Barrage","floor":35},{"not_picked":["Sweeping Beam","Cold Snap","Turbo"],"picked":"SKIP","floor":36},{"not_picked":["Ball Lightning","Rainbow"],"picked":"Genetic Algorithm","floor":37},{"not_picked":["Compile Driver","Redo"],"picked":"Consume","floor":38}],"player_experience":1075308,"relics_obtained":[{"floor":9,"key":"War Paint"},{"floor":9,"key":"Letter Opener"},{"floor":19,"key":"Red Mask"},{"floor":26,"key":"Frozen Egg 2"},{"floor":26,"key":"Bottled Lightning"}],"event_choices":[{"damage_healed":0,"gold_gain":0,"player_choice":"Success","damage_taken":5,"relics_obtained":["Matryoshka"],"max_hp_gain":0,"max_hp_loss":0,"event_name":"Scrap Ooze","floor":3,"gold_loss":0},{"damage_healed":0,"gold_gain":0,"player_choice":"Lose Max HP","damage_taken":0,"relics_obtained":["Golden Idol"],"max_hp_gain":0,"max_hp_loss":7,"event_name":"Golden Idol","floor":12,"gold_loss":0},{"damage_healed":0,"gold_gain":0,"player_choice":"Fought Bandits","damage_taken":0,"max_hp_gain":0,"max_hp_loss":0,"event_name":"Masked Bandits","floor":19,"gold_loss":0},{"damage_healed":0,"gold_gain":0,"player_choice":"Fight","damage_taken":0,"max_hp_gain":0,"max_hp_loss":0,"event_name":"Colosseum","floor":28,"gold_loss":0},{"damage_healed":0,"gold_gain":0,"player_choice":"Fled From Nobs","damage_taken":0,"max_hp_gain":0,"max_hp_loss":0,"event_name":"Colosseum","floor":28,"gold_loss":0},{"damage_healed":0,"gold_gain":0,"player_choice":"Upgraded","damage_taken":0,"max_hp_gain":0,"max_hp_loss":0,"event_name":"Upgrade Shrine","floor":29,"gold_loss":0,"cards_upgraded":["Defragment"]},{"damage_healed":0,"gold_gain":222,"player_choice":"Wore Mask","damage_taken":0,"max_hp_gain":0,"max_hp_loss":0,"event_name":"Tomb of Lord Red Mask","floor":39,"gold_loss":0}],"is_beta":false,"boss_relics":[{"not_picked":["Lizard Tail","Cursed Key"],"picked":"Inserter"},{"not_picked":["Sozu","Empty Cage"],"picked":"Fusion Hammer"}],"items_purged_floors":[2,21],"is_endless":false,"potions_floor_spawned":[7,13,14,16,18,22,24,30,33,36,38],"killed_by":"Giant Head","ascension_level":20}