{"gold_per_floor":[113,123,135,7,7,7,20,20,68,68,68,83,96,132,132,132],"floor_reached":16,"playtime":397,"items_purged":[],"score":204,"play_id":"32e9ce3f-38e6-4cd1-a55c-f85e6e8de688","local_time":"20190512183559","is_ascension_mode":true,"campfire_choices":[{"data":"Neutralize","floor":6,"key":"SMITH"},{"data":"Poisoned Stab","floor":8,"key":"SMITH"},{"data":"Dagger Throw","floor":10,"key":"SMITH"},{"floor":15,"key":"REST"}],"neow_cost":"NONE","seed_source_timestamp":549402595457999,"circlet_count":0,"master_deck":["AscendersBane","Defend_G","Defend_G","Defend_G","Defend_G+1","Defend_G","Strike_G","Strike_G","Strike_G+1","Strike_G","Strike_G","Survivor","Neutralize+1","Dagger Throw+1","Masterful Stab","Poisoned Stab+1","Dash","Escape Plan","Dodge and Roll","Cloak And Dagger","PiercingWail","Escape Plan"],"relics":["Ring of the Snake","NeowsBlessing","Omamori","Golden Idol","Bronze Scales"],"potions_floor_usage":[12,14,16],"damage_taken":[{"damage":0,"enemies":"2 Louse","floor":1,"turns":1},{"damage":0,"enemies":"Small Slimes","floor":2,"turns":1},{"damage":0,"enemies":"Jaw Worm","floor":3,"turns":1},{"damage":1,"enemies":"Looter","floor":7,"turns":3},{"damage":10,"enemies":"Gremlin Gang","floor":12,"turns":4},{"damage":5,"enemies":"Large Slime","floor":13,"turns":4},{"damage":18,"enemies":"Lagavulin","floor":14,"turns":7},{"damage":32,"enemies":"Slime Boss","floor":16,"turns":6}],"seed_played":"2399470344348242768","potions_obtained":[{"floor":7,"key":"Poison Potion"},{"floor":12,"key":"Block Potion"},{"floor":14,"key":"Dexterity Potion"}],"is_trial":false,"path_per_floor":["M","M","M","$","?","R","M","R","T","R","?","M","M","E","R","B"],"character_chosen":"THE_SILENT","items_purchased":["Dash","Escape Plan"],"campfire_rested":1,"item_purchase_floors":[4,4],"current_hp_per_floor":[59,59,59,59,39,39,38,38,38,38,38,28,23,5,23,0],"gold":132,"neow_bonus":"THREE_ENEMY_KILL","is_prod":false,"is_daily":false,"chose_seed":false,"campfire_upgraded":3,"win_rate":0,"timestamp":1557653759,"path_taken":["M","M","M","$","?","R","M","R","T","R","?","M","M","E","R","BOSS"],"build_version":"2019-01-23","purchased_purges":0,"victory":false,"max_hp_per_floor":[66,66,66,66,66,66,66,66,66,66,60,60,60,60,60,60],"card_choices":[{"not_picked":["Dodge and Roll","Underhanded Strike"],"picked":"Dagger Throw","floor":1},{"not_picked":["Accuracy","Tactician"],"picked":"Masterful Stab","floor":2},{"not_picked":["Dodge and Roll","Concentrate"],"picked":"Poisoned Stab","floor":3},{"not_picked":["Slice","Poisoned Stab"],"picked":"Dodge and Roll","floor":7},{"not_picked":["Expertise","Tactician"],"picked":"Cloak And Dagger","floor":12},{"not_picked":["Flechettes","Blade Dance"],"picked":"PiercingWail","floor":13},{"not_picked":["Cloak And Dagger","Blade Dance"],"picked":"Escape Plan","floor":14}],"player_experience":1358804,"relics_obtained":[{"floor":9,"key":"Omamori"},{"floor":14,"key":"Bronze Scales"}],"event_choices":[{"damage_healed":0,"gold_gain":0,"player_choice":"Entered Light","damage_taken":20,"max_hp_gain":0,"max_hp_loss":0,"event_name":"Shining Light","floor":5,"gold_loss":0,"cards_upgraded":["Strike_G","Defend_G"]},{"damage_healed":0,"gold_gain":0,"player_choice":"Lose Max HP","damage_taken":0,"relics_obtained":["Golden Idol"],"max_hp_gain":0,"max_hp_loss":6,"event_name":"Golden Idol","floor":11,"gold_loss":0}],"is_beta":false,"boss_relics":[],"items_purged_floors":[],"is_endless":false,"potions_floor_spawned":[7,12,14],"killed_by":"Slime Boss","ascension_level":20}