{"gold_per_floor":[114,28,28,28,45,45,57,57,106,47,80,108,141,156,156,156],"floor_reached":16,"playtime":729,"items_purged":[],"score":216,"play_id":"437222db-db3e-46a8-aace-9eca2f95c947","local_time":"20190512104425","is_ascension_mode":true,"campfire_choices":[{"data":"Neutralize","floor":6,"key":"SMITH"},{"data":"Dash","floor":8,"key":"SMITH"},{"data":"Bane","floor":15,"key":"SMITH"}],"neow_cost":"NONE","seed_source_timestamp":520781880908100,"circlet_count":0,"master_deck":["AscendersBane","Defend_G","Defend_G","Defend_G+1","Defend_G","Defend_G","Strike_G","Strike_G","Strike_G","Strike_G","Strike_G","Survivor","Neutralize+1","Leg Sweep","Deflect+1","Poisoned Stab","Footwork","Dash+1","Dagger Spray","Footwork","Blur","Prepared","Bane+1"],"relics":["Ring of the Snake","NeowsBlessing","Ice Cream","Bag of Preparation","Blue Candle","Odd Mushroom","War Paint"],"potions_floor_usage":[11,11],"damage_taken":[{"damage":0,"enemies":"Small Slimes","floor":1,"turns":1},{"damage":0,"enemies":"2 Louse","floor":5,"turns":1},{"damage":0,"enemies":"Jaw Worm","floor":7,"turns":1},{"damage":11,"enemies":"Gremlin Nob","floor":11,"turns":5},{"damage":14,"enemies":"The Mushroom Lair","floor":12,"turns":5},{"damage":6,"enemies":"Lagavulin","floor":13,"turns":10},{"damage":0,"enemies":"Large Slime","floor":14,"turns":10},{"damage":13,"enemies":"Hexaghost","floor":16,"turns":12}],"seed_played":"-8671725653597956779","potions_obtained":[{"floor":1,"key":"Regen Potion"},{"floor":5,"key":"GhostInAJar"},{"floor":14,"key":"SteroidPotion"}],"is_trial":false,"path_per_floor":["M","$","?","?","M","R","M","R","T","$","E","?","E","M","R","B"],"character_chosen":"THE_SILENT","items_purchased":["Deflect","Poisoned Stab","Dagger Spray"],"campfire_rested":0,"item_purchase_floors":[2,2,10],"current_hp_per_floor":[59,59,64,29,29,29,29,29,29,29,32,18,12,12,12,0],"gold":156,"neow_bonus":"THREE_ENEMY_KILL","is_prod":false,"is_daily":false,"chose_seed":false,"campfire_upgraded":3,"win_rate":0,"timestamp":1557625465,"path_taken":["M","$","?","?","M","R","M","R","T","$","E","?","E","M","R","BOSS"],"build_version":"2019-01-23","purchased_purges":0,"victory":false,"max_hp_per_floor":[66,66,71,71,71,71,71,71,71,71,71,71,71,71,71,71],"card_choices":[{"not_picked":["Blur","Outmaneuver"],"picked":"Leg Sweep","floor":1},{"not_picked":["PiercingWail","Reflex"],"picked":"Footwork","floor":5},{"not_picked":["Blade Dance","Well Laid Plans"],"picked":"Dash","floor":7},{"not_picked":["Blade Dance","Bane"],"picked":"Footwork","floor":11},{"not_picked":["Skewer","Predator"],"picked":"Blur","floor":12},{"not_picked":["Flechettes","Reflex"],"picked":"Prepared","floor":13},{"not_picked":["Prepared","Concentrate"],"picked":"Bane","floor":14}],"player_experience":1345634,"relics_obtained":[{"floor":9,"key":"Bag of Preparation"},{"floor":11,"key":"Blue Candle"},{"floor":12,"key":"Odd Mushroom"},{"floor":13,"key":"War Paint"}],"event_choices":[{"damage_healed":0,"gold_gain":0,"player_choice":"Donut","damage_taken":0,"max_hp_gain":5,"max_hp_loss":0,"event_name":"Big Fish","floor":3,"gold_loss":0},{"damage_healed":0,"gold_gain":0,"player_choice":"Success","damage_taken":35,"relics_obtained":["Ice Cream"],"max_hp_gain":0,"max_hp_loss":0,"event_name":"Scrap Ooze","floor":4,"gold_loss":0},{"damage_healed":0,"gold_gain":0,"player_choice":"Fought Mushrooms","damage_taken":0,"max_hp_gain":0,"max_hp_loss":0,"event_name":"Mushrooms","floor":12,"gold_loss":0}],"is_beta":false,"boss_relics":[],"items_purged_floors":[],"is_endless":false,"potions_floor_spawned":[1,5,14],"killed_by":"Hexaghost","ascension_level":20}