{"gold_per_floor":[114,114,124,136,154,186,157,157,157,185,185,185,57,86,86,184,184,202,219,219,134,233,259,259,275,275,294,294,306,306,326,326,431,431,447,447,85,85,95,130,142,158,158,32,32,32,32,44,44,44],"floor_reached":51,"playtime":2219,"items_purged":["Self Repair"],"score":1139,"play_id":"cc522c2e-9ad0-44d7-bbb6-0070722aff52","local_time":"20190319204721","is_ascension_mode":true,"campfire_choices":[{"floor":12,"key":"REST"},{"data":"Defragment","floor":15,"key":"SMITH"},{"floor":24,"key":"REST"},{"floor":32,"key":"REST"},{"floor":45,"key":"REST"},{"floor":47,"key":"REST"},{"floor":49,"key":"REST"}],"neow_cost":"TEN_PERCENT_HP_LOSS","seed_source_timestamp":277101340439162,"circlet_count":0,"master_deck":["AscendersBane","Strike_B","Strike_B","Strike_B","Strike_B","Defend_B","Defend_B","Defend_B","Defend_B","Zap","Dualcast","Dark Shackles","Panacea+1","Beam Cell","Conserve Battery","Gash","Rip and Tear+1","Defragment+1","Reboot","Echo Form","Hyperbeam","Cold Snap","Reinforced Body","Self Repair+1","Cold Snap","Cold Snap","Reboot","Leap+1","Deep Breath","Master of Strategy","Double Energy","Loop","Echo Form","White Noise","White Noise","Seek"],"relics":["Cracked Core","Emotion Chip","Thread and Needle","StoneCalendar","Bottled Lightning","Sundial","Fusion Hammer","Shuriken","Orichalcum","Bag of Preparation","Kunai","Runic Pyramid","TheAbacus","Matryoshka","Dream Catcher","Mummified Hand"],"potions_floor_usage":[6,10,10,14,16,33,33,39,41,50,50],"damage_taken":[{"damage":0,"enemies":"Jaw Worm","floor":1,"turns":3},{"damage":0,"enemies":"Small Slimes","floor":3,"turns":2},{"damage":2,"enemies":"2 Louse","floor":4,"turns":3},{"damage":6,"enemies":"Looter","floor":5,"turns":3},{"damage":11,"enemies":"Gremlin Nob","floor":6,"turns":4},{"damage":18,"enemies":"3 Sentries","floor":10,"turns":4},{"damage":13,"enemies":"Gremlin Nob","floor":14,"turns":4},{"damage":20,"enemies":"The Guardian","floor":16,"turns":10},{"damage":8,"enemies":"Chosen","floor":18,"turns":3},{"damage":7,"enemies":"Spheric Guardian","floor":19,"turns":4},{"damage":31,"enemies":"Slavers","floor":23,"turns":3},{"damage":1,"enemies":"Snake Plant","floor":25,"turns":3},{"damage":13,"enemies":"Centurion and Healer","floor":27,"turns":4},{"damage":2,"enemies":"Cultist and Chosen","floor":29,"turns":3},{"damage":4,"enemies":"Snake Plant","floor":31,"turns":4},{"damage":37,"enemies":"Automaton","floor":33,"turns":11},{"damage":2,"enemies":"Orb Walker","floor":35,"turns":3},{"damage":5,"enemies":"3 Darklings","floor":39,"turns":5},{"damage":45,"enemies":"Giant Head","floor":40,"turns":9},{"damage":43,"enemies":"Writhing Mass","floor":41,"turns":7},{"damage":0,"enemies":"Sphere and 2 Shapes","floor":42,"turns":4},{"damage":17,"enemies":"Spire Growth","floor":48,"turns":6},{"damage":5,"enemies":"Awakened One","floor":50,"turns":10}],"seed_played":"6156207239048931855","potions_obtained":[{"floor":1,"key":"LiquidBronze"},{"floor":3,"key":"Block Potion"},{"floor":6,"key":"SteroidPotion"},{"floor":10,"key":"Weak Potion"},{"floor":16,"key":"Poison Potion"},{"floor":23,"key":"Poison Potion"},{"floor":27,"key":"AttackPotion"},{"floor":35,"key":"Regen Potion"},{"floor":40,"key":"Regen Potion"},{"floor":41,"key":"EssenceOfSteel"}],"is_trial":false,"path_per_floor":["M","?","M","M","M","E","?","?","T","E","?","R","$","E","R","B",null,"M","M","?","?","?","E","R","M","T","M","?","M","?","M","R","B",null,"M","?","$","?","M","E","M","M","T","$","R","?","R","M","R","B",null],"character_chosen":"DEFECT","items_purchased":["Self Repair","AttackPotion","TheAbacus","Master of Strategy","PowerPotion"],"campfire_rested":6,"item_purchase_floors":[13,13,37,37,44],"current_hp_per_floor":[68,56,56,54,48,37,37,23,23,5,27,47,47,41,41,28,58,57,57,57,57,57,33,53,68,68,68,68,68,56,59,73,53,68,66,66,66,66,73,45,34,41,41,41,62,62,73,56,73,68],"gold":44,"neow_bonus":"RANDOM_COLORLESS_2","is_prod":false,"is_daily":false,"chose_seed":false,"campfire_upgraded":1,"win_rate":0,"timestamp":1553046441,"path_taken":["M","?","M","M","M","E","?","?","T","E","?","R","?","E","R","BOSS","M","M","?","?","?","E","R","M","T","M","?","M","?","M","R","BOSS","M","?","$","?","M","E","M","M","T","?","R","?","R","M","R","BOSS"],"build_version":"2019-01-23","purchased_purges":1,"victory":true,"max_hp_per_floor":[68,68,68,68,68,68,68,68,68,68,68,68,68,68,68,68,68,68,68,68,68,68,68,68,68,68,68,68,68,73,73,73,73,73,73,73,73,73,73,73,73,73,73,73,73,73,73,73,73,73],"card_choices":[{"not_picked":["Conserve Battery","Coolheaded"],"picked":"Beam Cell","floor":1},{"not_picked":["Sunder","Cold Snap"],"picked":"Conserve Battery","floor":3},{"not_picked":["Blizzard","Barrage"],"picked":"Gash","floor":4},{"not_picked":["Aggregate","Streamline"],"picked":"Rip and Tear","floor":5},{"not_picked":["Leap","Heatsinks"],"picked":"Defragment","floor":6},{"not_picked":["Compile Driver","Scrape"],"picked":"Reboot","floor":10},{"not_picked":["Gash","Conserve Battery"],"picked":"Echo Form","floor":14},{"not_picked":["Buffer","Meteor Strike"],"picked":"Hyperbeam","floor":16},{"not_picked":["Rip and Tear","Sweeping Beam"],"picked":"Cold Snap","floor":18},{"not_picked":["Go for the Eyes","Ball Lightning"],"picked":"Reinforced Body","floor":19},{"not_picked":["Steam","Streamline"],"picked":"Self Repair+1","floor":23},{"not_picked":["Reprogram","Redo","Heatsinks"],"picked":"SKIP","floor":25},{"not_picked":["Go for the Eyes","Heatsinks"],"picked":"Rebound+1","floor":27},{"not_picked":["Aggregate","Chaos"],"picked":"Cold Snap","floor":29},{"not_picked":["Loop","BootSequence"],"picked":"Cold Snap","floor":31},{"not_picked":["Echo Form","All For One"],"picked":"Reboot","floor":33},{"not_picked":["Rip and Tear","Blizzard"],"picked":"Leap+1","floor":35},{"not_picked":["Violence","Swift Strike"],"picked":"Deep Breath","floor":36},{"not_picked":["Ball Lightning","Steam+1","Leap"],"picked":"SKIP","floor":39},{"not_picked":["Redo+1","Gash"],"picked":"Double Energy","floor":40},{"not_picked":["Streamline+1","Rebound"],"picked":"Loop","floor":41},{"not_picked":["Fusion+1","Turbo","Hello World"],"picked":"SKIP","floor":42},{"not_picked":["Rebound","Reinforced Body"],"picked":"White Noise","floor":47},{"not_picked":["Redo","Undo+1"],"picked":"White Noise","floor":48},{"not_picked":["Go for the Eyes","Sunder"],"picked":"Seek","floor":49}],"player_experience":1134136,"relics_obtained":[{"floor":6,"key":"Thread and Needle"},{"floor":9,"key":"StoneCalendar"},{"floor":10,"key":"Bottled Lightning"},{"floor":14,"key":"Sundial"},{"floor":23,"key":"Bag of Preparation"},{"floor":26,"key":"Kunai"},{"floor":40,"key":"Matryoshka"},{"floor":43,"key":"Dream Catcher"},{"floor":43,"key":"Mummified Hand"}],"event_choices":[{"damage_healed":0,"gold_gain":0,"player_choice":"Success","damage_taken":12,"relics_obtained":["Emotion Chip"],"max_hp_gain":0,"max_hp_loss":0,"event_name":"Scrap Ooze","floor":2,"gold_loss":0},{"damage_healed":0,"gold_gain":0,"player_choice":"Left Gold","damage_taken":0,"max_hp_gain":0,"max_hp_loss":0,"event_name":"World of Goop","floor":7,"gold_loss":29},{"damage_healed":0,"gold_gain":0,"player_choice":"Entered Light","damage_taken":14,"max_hp_gain":0,"max_hp_loss":0,"event_name":"Shining Light","floor":8,"gold_loss":0,"cards_upgraded":["Rip and Tear","Panacea"]},{"damage_healed":22,"gold_gain":0,"player_choice":"Banana","damage_taken":0,"max_hp_gain":0,"max_hp_loss":0,"event_name":"Big Fish","floor":11,"gold_loss":0},{"damage_healed":0,"gold_gain":0,"player_choice":"Opened","damage_taken":0,"relics_obtained":["Shuriken"],"max_hp_gain":0,"max_hp_loss":0,"event_name":"The Mausoleum","floor":20,"gold_loss":0},{"damage_healed":0,"gold_gain":0,"player_choice":"Obtained Relic","damage_taken":0,"relics_obtained":["Orichalcum"],"max_hp_gain":0,"max_hp_loss":0,"event_name":"Addict","floor":21,"gold_loss":85},{"damage_healed":0,"gold_gain":99,"player_choice":"Stole From Cult","damage_taken":0,"max_hp_gain":0,"max_hp_loss":0,"event_name":"Nest","floor":22,"gold_loss":0},{"damage_healed":0,"gold_gain":0,"player_choice":"Ignored","damage_taken":0,"max_hp_gain":0,"max_hp_loss":0,"event_name":"Beggar","floor":28,"gold_loss":0},{"damage_healed":0,"gold_gain":0,"player_choice":"Shed Blood","damage_taken":17,"max_hp_gain":5,"max_hp_loss":0,"event_name":"Forgotten Altar","floor":30,"gold_loss":0},{"damage_healed":0,"gold_gain":0,"player_choice":"Memory 1","damage_taken":0,"max_hp_gain":0,"max_hp_loss":0,"event_name":"SensoryStone","floor":36,"gold_loss":0},{"cards_removed":["Rebound"],"damage_healed":0,"gold_gain":0,"player_choice":"Removed Attack","damage_taken":0,"max_hp_gain":0,"max_hp_loss":0,"event_name":"Falling","floor":38,"gold_loss":0},{"damage_healed":0,"gold_gain":0,"player_choice":"Copied","damage_taken":0,"max_hp_gain":0,"max_hp_loss":0,"event_name":"Duplicator","floor":46,"gold_loss":0,"cards_obtained":["Echo Form"]}],"is_beta":false,"boss_relics":[{"not_picked":["Velvet Choker","Lizard Tail"],"picked":"Fusion Hammer"},{"not_picked":["Calling Bell","Nuclear Battery"],"picked":"Runic Pyramid"}],"items_purged_floors":[44],"is_endless":false,"potions_floor_spawned":[1,3,6,10,16,23,27,31,35,40,41],"ascension_level":12}