{"gold_per_floor":[118,135,155,230,230,230,230,230,253,253,44,44,64,84,84,187,187,205,82,7,7,17,17,34,34,34,52,52,52,65,81,81,185,185,197,212,222,222,239,239,339,353,353,353,353,364,364,375,375,375],"floor_reached":51,"playtime":3236,"items_purged":["Bash"],"score":616,"play_id":"7b0e1596-743f-41b0-a0dc-65ba1f0de649","local_time":"20181122140121","is_ascension_mode":false,"campfire_choices":[{"data":"Armaments","floor":6,"key":"SMITH"},{"data":"Thunderclap","floor":8,"key":"SMITH"},{"data":"Strike_R","floor":10,"key":"SMITH"},{"data":"Bludgeon","floor":12,"key":"SMITH"},{"floor":15,"key":"REST"},{"floor":23,"key":"REST"},{"floor":25,"key":"REST"},{"floor":32,"key":"REST"},{"floor":40,"key":"REST"},{"floor":45,"key":"REST"},{"floor":49,"key":"REST"}],"neow_cost":"NONE","seed_source_timestamp":936898972668975,"circlet_count":0,"master_deck":["Strike_R+1","Strike_R","Strike_R","Strike_R","Defend_R","Rage+1","Blood for Blood+1","Rage+1","Whirlwind+1","Bludgeon+1","Bludgeon","Demon Form+1","Barricade+1"],"relics":["Astrolabe","Potion Belt","Fusion Hammer","Frozen Egg 2","Nloth\u0027s Gift","Velvet Choker","Unceasing Top","Self Forming Clay"],"potions_floor_usage":[16,33,33,33,48,48,50,50,50],"damage_taken":[{"damage":0,"enemies":"Jaw Worm","floor":1,"turns":3},{"damage":0,"enemies":"Small Slimes","floor":2,"turns":3},{"damage":0,"enemies":"2 Louse","floor":3,"turns":2},{"damage":11,"enemies":"Exordium Thugs","floor":13,"turns":4},{"damage":0,"enemies":"Exordium Wildlife","floor":14,"turns":3},{"damage":8,"enemies":"Slime Boss","floor":16,"turns":9},{"damage":10,"enemies":"Spheric Guardian","floor":18,"turns":3},{"damage":10,"enemies":"Shell Parasite","floor":22,"turns":3},{"damage":15,"enemies":"Centurion and Healer","floor":24,"turns":4},{"damage":0,"enemies":"Snecko","floor":27,"turns":2},{"damage":5,"enemies":"Chosen and Byrds","floor":30,"turns":4},{"damage":12,"enemies":"3 Cultists","floor":31,"turns":4},{"damage":20,"enemies":"Automaton","floor":33,"turns":6},{"damage":15,"enemies":"Orb Walker","floor":35,"turns":2},{"damage":8,"enemies":"3 Shapes","floor":36,"turns":4},{"damage":15,"enemies":"Maw","floor":37,"turns":6},{"damage":0,"enemies":"Sphere and 2 Shapes","floor":39,"turns":3},{"damage":36,"enemies":"Mind Bloom Boss Battle","floor":41,"turns":5},{"damage":0,"enemies":"Jaw Worm Horde","floor":42,"turns":4},{"damage":21,"enemies":"Maw","floor":46,"turns":7},{"damage":14,"enemies":"Spire Growth","floor":48,"turns":4},{"damage":41,"enemies":"Awakened One","floor":50,"turns":9}],"seed_played":"-8854015110840329286","potions_obtained":[{"floor":3,"key":"SpeedPotion"},{"floor":14,"key":"LiquidBronze"},{"floor":18,"key":"SkillPotion"},{"floor":24,"key":"LiquidBronze"},{"floor":27,"key":"Block Potion"},{"floor":36,"key":"Energy Potion"},{"floor":42,"key":"Strength Potion"},{"floor":46,"key":"BloodPotion"}],"is_trial":false,"path_per_floor":["M","M","M","?","?","R","?","R","T","R","$","R","M","M","R","B",null,"M","$","?","?","M","R","M","R","T","M","?","$","M","M","R","B",null,"M","M","M","?","M","R","?","M","T","?","R","M","?","M","R","B",null],"character_chosen":"IRONCLAD","items_purchased":["Bludgeon","Fire Potion","AttackPotion"],"campfire_rested":7,"item_purchase_floors":[11,11,19],"current_hp_per_floor":[80,80,80,69,69,69,69,69,69,69,69,69,58,58,80,72,80,70,70,70,70,60,80,65,80,80,80,80,80,75,63,80,60,80,65,57,42,42,42,66,30,30,30,30,54,33,33,27,51,10],"gold":375,"neow_bonus":"BOSS_RELIC","is_prod":false,"is_daily":false,"chose_seed":false,"campfire_upgraded":4,"win_rate":0.0,"timestamp":1542862881,"path_taken":["M","M","M","?","?","R","?","R","T","R","$","R","M","M","R","BOSS","M","$","?","?","M","R","?","R","T","M","?","$","?","M","R","BOSS","M","M","M","?","M","R","?","M","T","?","R","?","?","M","R","BOSS"],"build_version":"2018-11-15","purchased_purges":1,"victory":true,"max_hp_per_floor":[80,80,80,80,80,80,80,80,80,80,80,80,80,80,80,80,80,80,80,80,80,80,80,80,80,80,80,80,80,80,80,80,80,80,80,80,80,80,80,80,80,80,80,80,80,80,80,80,80,80],"card_choices":[{"not_picked":["Twin Strike","Combust"],"picked":"Armaments","floor":1},{"not_picked":["Headbutt","Searing Blow"],"picked":"Whirlwind","floor":2},{"not_picked":["Burning Pact","Warcry"],"picked":"Thunderclap","floor":3},{"not_picked":["Clothesline","Twin Strike","Armaments"],"picked":"SKIP","floor":13},{"not_picked":["Dropkick","Headbutt","Iron Wave"],"picked":"SKIP","floor":14},{"not_picked":["Reaper","Limit Break"],"picked":"Bludgeon","floor":16},{"not_picked":["Perfected Strike","Shrug It Off","Body Slam"],"picked":"SKIP","floor":18},{"not_picked":["Twin Strike","Blood for Blood","Armaments"],"picked":"SKIP","floor":22},{"not_picked":["Twin Strike","Perfected Strike+1","Ghostly Armor"],"picked":"SKIP","floor":24},{"not_picked":["Pommel Strike+1","Thunderclap","True Grit"],"picked":"SKIP","floor":27},{"not_picked":["Shrug It Off","Entrench"],"picked":"Demon Form+1","floor":30},{"not_picked":["Corruption+1","Intimidate","Infernal Blade"],"picked":"SKIP","floor":31},{"not_picked":["Reaper","Offering"],"picked":"Barricade+1","floor":33},{"not_picked":["Warcry","Flex+1","True Grit"],"picked":"SKIP","floor":35},{"not_picked":["Flex+1","Twin Strike","Power Through+1"],"picked":"SKIP","floor":36},{"not_picked":["Thunderclap+1","Limit Break","Anger"],"picked":"SKIP","floor":37},{"not_picked":["Entrench+1","Reckless Charge+1","Pommel Strike"],"picked":"SKIP","floor":39},{"not_picked":["Warcry","Sword Boomerang+1","Anger"],"picked":"SKIP","floor":42},{"not_picked":["Flex","Headbutt+1","Thunderclap"],"picked":"SKIP","floor":46},{"not_picked":["Pommel Strike","Clothesline+1","Headbutt+1"],"picked":"SKIP","floor":48}],"player_experience":5835,"relics_obtained":[{"floor":9,"key":"Potion Belt"},{"floor":26,"key":"Frozen Egg 2"},{"floor":41,"key":"Unceasing Top"},{"floor":43,"key":"Self Forming Clay"}],"event_choices":[{"damage_healed":0,"gold_gain":75,"player_choice":"Gather Gold","damage_taken":11,"max_hp_gain":0,"max_hp_loss":0,"event_name":"World of Goop","floor":4,"gold_loss":0},{"damage_healed":0,"gold_gain":0,"player_choice":"Grow","damage_taken":0,"max_hp_gain":0,"max_hp_loss":0,"event_name":"Living Wall","floor":5,"gold_loss":0,"cards_upgraded":["Whirlwind"]},{"damage_healed":0,"gold_gain":0,"player_choice":"Trade","damage_taken":0,"relics_obtained":["CultistMask"],"max_hp_gain":0,"max_hp_loss":0,"event_name":"FaceTrader","floor":7,"gold_loss":0},{"cards_removed":["Armaments"],"damage_healed":0,"gold_gain":0,"player_choice":"Gave Gold","damage_taken":0,"max_hp_gain":0,"max_hp_loss":0,"event_name":"Beggar","floor":20,"gold_loss":75},{"cards_removed":["Defend_R"],"damage_healed":0,"gold_gain":0,"player_choice":"Offered Basic","damage_taken":0,"max_hp_gain":0,"max_hp_loss":0,"event_name":"Bonfire Elementals","floor":21,"gold_loss":0},{"damage_healed":0,"gold_gain":0,"player_choice":"Traded Relic","damage_taken":0,"relics_obtained":["Nloth\u0027s Gift"],"max_hp_gain":0,"max_hp_loss":0,"event_name":"N\u0027loth","floor":28,"relics_lost":["CultistMask"],"gold_loss":0},{"damage_healed":0,"gold_gain":0,"player_choice":"Ignored","damage_taken":0,"max_hp_gain":0,"max_hp_loss":0,"event_name":"Mysterious Sphere","floor":38,"gold_loss":0},{"damage_healed":0,"gold_gain":0,"player_choice":"Fight","damage_taken":0,"max_hp_gain":0,"max_hp_loss":0,"event_name":"MindBloom","floor":41,"gold_loss":0},{"cards_removed":["Thunderclap"],"damage_healed":0,"gold_gain":0,"player_choice":"Removed Attack","damage_taken":0,"max_hp_gain":0,"max_hp_loss":0,"event_name":"Falling","floor":44,"gold_loss":0},{"damage_healed":0,"gold_gain":0,"player_choice":"Ignored","damage_taken":0,"max_hp_gain":0,"max_hp_loss":0,"event_name":"The Moai Head","floor":47,"gold_loss":0}],"is_beta":false,"boss_relics":[{"not_picked":["Runic Pyramid","Ectoplasm"],"picked":"Fusion Hammer"},{"not_picked":["Empty Cage","Runic Cube"],"picked":"Velvet Choker"}],"items_purged_floors":[19],"is_endless":false,"potions_floor_spawned":[3,14,18,24,27,36,42,46],"ascension_level":0}