{"gold_per_floor":[111,128,145,156,81,81,96,96,96,96,112,123,137,150,150,255,255,267,267,278,278,278],"floor_reached":22,"playtime":2450,"items_purged":["Strike_R"],"score":207,"play_id":"05d4392e-be93-48ea-bd42-faf371dcd90b","local_time":"20190511215656","is_ascension_mode":false,"campfire_choices":[{"data":"Bash","floor":6,"key":"SMITH"},{"data":"Flex","floor":8,"key":"SMITH"},{"data":"Clothesline","floor":10,"key":"SMITH"},{"data":"Headbutt","floor":15,"key":"SMITH"}],"neow_cost":"NONE","seed_source_timestamp":531784493142500,"circlet_count":0,"master_deck":["Strike_R","Strike_R","Strike_R","Strike_R","Defend_R","Defend_R","Defend_R","Defend_R","Bash+1","Clothesline+1","Shrug It Off","Thunderclap","Uppercut","Flex+1","Shrug It Off","Headbutt+1","Juggernaut","Flex","Reaper","Metallicize","Headbutt+1"],"relics":["Burning Blood","Strawberry","Eternal Feather","MutagenicStrength"],"potions_floor_usage":[20],"damage_taken":[{"damage":2,"enemies":"Small Slimes","floor":1,"turns":3},{"damage":1,"enemies":"Cultist","floor":2,"turns":4},{"damage":1,"enemies":"2 Louse","floor":3,"turns":2},{"damage":6,"enemies":"Large Slime","floor":4,"turns":7},{"damage":4,"enemies":"Red Slaver","floor":7,"turns":4},{"damage":2,"enemies":"3 Louse","floor":11,"turns":4},{"damage":13,"enemies":"Exordium Wildlife","floor":12,"turns":4},{"damage":0,"enemies":"2 Fungi Beasts","floor":13,"turns":4},{"damage":2,"enemies":"Looter","floor":14,"turns":4},{"damage":81,"enemies":"Hexaghost","floor":16,"turns":15},{"damage":68,"enemies":"3 Byrds","floor":18,"turns":10},{"damage":30,"enemies":"Shell Parasite","floor":20,"turns":7},{"damage":55,"enemies":"Cultist and Chosen","floor":22,"turns":4}],"seed_played":"-2171192899730423867","potions_obtained":[{"floor":1,"key":"FairyPotion"},{"floor":7,"key":"Ancient Potion"},{"floor":12,"key":"PowerPotion"},{"floor":16,"key":"Energy Potion"}],"is_trial":false,"path_per_floor":["M","M","M","M","$","R","M","R","T","R","M","M","M","M","R","B",null,"M","?","M","?","M"],"character_chosen":"IRONCLAD","items_purchased":[],"campfire_rested":0,"item_purchase_floors":[],"current_hp_per_floor":[88,88,88,88,88,88,88,88,95,95,95,88,94,95,95,20,95,43,43,19,19,0],"gold":278,"neow_bonus":"TEN_PERCENT_HP_BONUS","is_prod":false,"is_daily":false,"chose_seed":false,"campfire_upgraded":4,"win_rate":0.0,"timestamp":1557626216,"path_taken":["M","M","M","M","$","R","M","R","T","R","M","M","M","M","R","BOSS","M","?","M","?","M"],"build_version":"2019-01-23","purchased_purges":1,"victory":false,"max_hp_per_floor":[88,88,88,88,88,88,88,88,95,95,95,95,95,95,95,95,95,95,95,95,95,95],"card_choices":[{"not_picked":["Blood for Blood","Carnage"],"picked":"Clothesline","floor":1},{"not_picked":["Armaments","Power Through"],"picked":"Shrug It Off","floor":2},{"not_picked":["Perfected Strike","Flame Barrier"],"picked":"Thunderclap","floor":3},{"not_picked":["Twin Strike","Blood for Blood"],"picked":"Uppercut","floor":4},{"not_picked":["Berserk","Pummel"],"picked":"Flex","floor":7},{"not_picked":["Clash","Shockwave"],"picked":"Shrug It Off","floor":11},{"not_picked":["Cleave","Clash"],"picked":"Headbutt","floor":12},{"not_picked":["Sword Boomerang","Ghostly Armor"],"picked":"Juggernaut","floor":13},{"not_picked":["Sword Boomerang","Intimidate"],"picked":"Flex","floor":14},{"not_picked":["Bludgeon","Feed"],"picked":"Reaper","floor":16},{"not_picked":["Shockwave","Clash+1"],"picked":"Metallicize","floor":18},{"not_picked":["Warcry","Intimidate"],"picked":"Headbutt+1","floor":20}],"player_experience":1850,"relics_obtained":[{"floor":9,"key":"Strawberry"}],"event_choices":[{"damage_healed":0,"gold_gain":0,"player_choice":"Inject Mutagens","damage_taken":0,"relics_obtained":["MutagenicStrength"],"max_hp_gain":0,"max_hp_loss":0,"event_name":"Drug Dealer","floor":19,"gold_loss":0},{"damage_healed":0,"gold_gain":0,"player_choice":"Ignored","damage_taken":0,"max_hp_gain":0,"max_hp_loss":0,"event_name":"N\u0027loth","floor":21,"gold_loss":0}],"is_beta":false,"boss_relics":[{"not_picked":["Mark of Pain","Lizard Tail"],"picked":"Eternal Feather"}],"items_purged_floors":[5],"is_endless":false,"potions_floor_spawned":[1,7,12,16],"killed_by":"Cultist and Chosen","ascension_level":0}