{"gold_per_floor":[118,136,10,10,10,10,37,61,143,168,190,277,289,312,324,336],"floor_reached":16,"playtime":745,"items_purged":["Brutality"],"score":112,"play_id":"2d8ccb48-4bd7-4f38-a66e-8625296f178d","local_time":"20181009221502","is_ascension_mode":true,"campfire_choices":[{"data":"Flex","floor":6,"key":"SMITH"},{"data":"Iron Wave","floor":13,"key":"SMITH"},{"floor":15,"key":"REST"}],"neow_cost":"NONE","seed_source_timestamp":873057540490795,"circlet_count":0,"master_deck":["Strike_R","Strike_R","Strike_R","Defend_R","Defend_R","Defend_R","Defend_R","Bash","Thunderclap","Wild Strike","Flex+1","Power Through","Anger","Power Through","Iron Wave+1","Spot Weakness"],"relics":["Burning Blood","MawBank","Bottled Lightning"],"potions_floor_usage":[7,14,14],"damage_taken":[{"damage":3,"enemies":"Small Slimes","floor":1,"turns":3},{"damage":6,"enemies":"Cultist","floor":2,"turns":4},{"damage":30,"enemies":"Lagavulin","floor":7,"turns":6},{"damage":0,"enemies":"2 Louse","floor":8,"turns":2},{"damage":11,"enemies":"Looter","floor":10,"turns":2},{"damage":4,"enemies":"Red Slaver","floor":11,"turns":3},{"damage":16,"enemies":"Exordium Thugs","floor":14,"turns":5},{"damage":58,"enemies":"The Guardian","floor":16,"turns":10}],"seed_played":"-814678084891927424","potions_obtained":[{"floor":1,"key":"Energy Potion"},{"floor":8,"key":"AttackPotion"},{"floor":11,"key":"AttackPotion"}],"is_trial":false,"path_per_floor":["M","M","$","?","?","R","E","M","T","M","M","?","R","M","R"],"character_chosen":"IRONCLAD","items_purchased":["Flex"],"campfire_rested":1,"item_purchase_floors":[3],"current_hp_per_floor":[80,80,80,80,73,73,49,55,55,50,52,41,41,31,55,0],"gold":336,"neow_bonus":"ONE_RANDOM_RARE_CARD","is_prod":false,"is_daily":false,"chose_seed":false,"campfire_upgraded":2,"win_rate":0,"timestamp":1539116102,"path_taken":["M","M","$","?","?","R","E","M","T","?","M","?","R","M","R","BOSS"],"build_version":"2018-10-04v2","purchased_purges":1,"victory":false,"max_hp_per_floor":[80,80,80,80,80,80,80,80,80,80,80,80,80,80,80,80],"card_choices":[{"not_picked":["Feel No Pain","Clothesline"],"picked":"Thunderclap","floor":1},{"not_picked":["Havoc","Searing Blow"],"picked":"Wild Strike","floor":2},{"not_picked":["Warcry","Fire Breathing"],"picked":"Anger","floor":7},{"not_picked":["Evolve","Bloodletting","Corruption"],"picked":"SKIP","floor":8},{"not_picked":["Sword Boomerang","True Grit"],"picked":"Power Through","floor":10},{"not_picked":["Rage","Combust"],"picked":"Iron Wave","floor":11},{"not_picked":["Dropkick","Clash"],"picked":"Spot Weakness","floor":14}],"player_experience":161352,"relics_obtained":[{"floor":7,"key":"MawBank"},{"floor":9,"key":"Bottled Lightning"}],"event_choices":[{"event_name":"Transmorgrifier","player_choice":"Transform","floor":4,"damage_taken":0},{"event_name":"Golden Wing","player_choice":"Card Removal","floor":5,"damage_taken":0},{"event_name":"World of Goop","player_choice":"Gather Gold","floor":12,"damage_taken":0}],"is_beta":false,"boss_relics":[],"items_purged_floors":[3],"is_endless":false,"potions_floor_spawned":[1,8,11],"killed_by":"The Guardian","ascension_level":2}