{"gold_per_floor":[116,116,130,130,14,14,52,0,26,47,72,72,86,100,100,100],"floor_reached":16,"playtime":578,"items_purged":["Pain"],"score":204,"play_id":"0ed25d22-53ce-452e-a78b-194a73218f77","local_time":"20190412233429","is_ascension_mode":true,"campfire_choices":[{"data":"Neutralize","floor":6,"key":"SMITH"},{"data":"Footwork","floor":12,"key":"SMITH"},{"floor":15,"key":"REST"}],"neow_cost":"NONE","seed_source_timestamp":1263711651885009,"circlet_count":0,"master_deck":["AscendersBane","Defend_G","Defend_G","Defend_G","Defend_G","Defend_G","Strike_G","Strike_G","Strike_G","Strike_G","Strike_G","Survivor","Neutralize+1","Backflip","Footwork+1","Deadly Poison","Deadly Poison","Poisoned Stab+1","Slice+1"],"relics":["Ring of the Snake","Blood Vial","Golden Idol","WarpedTongs","Molten Egg 2","Bag of Marbles"],"potions_floor_usage":[7,11],"damage_taken":[{"damage":3,"enemies":"2 Louse","floor":1,"turns":4},{"damage":3,"enemies":"Cultist","floor":3,"turns":4},{"damage":34,"enemies":"Gremlin Nob","floor":7,"turns":5},{"damage":2,"enemies":"Jaw Worm","floor":10,"turns":5},{"damage":0,"enemies":"3 Louse","floor":11,"turns":1},{"damage":0,"enemies":"Red Slaver","floor":13,"turns":3},{"damage":5,"enemies":"Large Slime","floor":14,"turns":6},{"damage":52,"enemies":"Slime Boss","floor":16,"turns":9}],"seed_played":"8676657783759332436","potions_obtained":[{"floor":3,"key":"Strength Potion"},{"floor":7,"key":"Explosive Potion"}],"is_trial":false,"path_per_floor":["M","?","M","?","$","R","E","$","T","M","M","R","M","M","R","B"],"character_chosen":"THE_SILENT","items_purchased":["Footwork","Deadly Poison"],"campfire_rested":1,"item_purchase_floors":[5,8],"current_hp_per_floor":[58,58,57,57,57,57,25,25,25,25,27,27,29,26,44,0],"gold":100,"neow_bonus":"RANDOM_COMMON_RELIC","is_prod":false,"is_daily":false,"chose_seed":false,"campfire_upgraded":2,"win_rate":0,"timestamp":1555079669,"path_taken":["M","?","M","?","$","R","E","$","T","M","?","R","M","M","R","BOSS"],"build_version":"2019-01-23","purchased_purges":1,"victory":false,"max_hp_per_floor":[66,60,60,60,60,60,60,60,60,60,60,60,60,60,60,60],"card_choices":[{"not_picked":["Prepared","Endless Agony","Acrobatics"],"picked":"SKIP","floor":1},{"not_picked":["Backstab","Tactician"],"picked":"Backflip","floor":3},{"not_picked":["Eviscerate","Concentrate","Flechettes"],"picked":"SKIP","floor":7},{"not_picked":["Underhanded Strike+1","Masterful Stab+1"],"picked":"Deadly Poison","floor":10},{"not_picked":["Cloak And Dagger","Deadly Poison"],"picked":"Poisoned Stab+1","floor":11},{"not_picked":["Outmaneuver","Deflect"],"picked":"Slice+1","floor":13},{"not_picked":["Expertise","Slice+1","Outmaneuver"],"picked":"SKIP","floor":14}],"player_experience":905052,"relics_obtained":[{"floor":7,"key":"Molten Egg 2"},{"floor":9,"key":"Bag of Marbles"}],"event_choices":[{"damage_healed":0,"gold_gain":0,"player_choice":"Lose Max HP","damage_taken":0,"relics_obtained":["Golden Idol"],"max_hp_gain":0,"max_hp_loss":6,"event_name":"Golden Idol","floor":2,"gold_loss":0},{"damage_healed":0,"gold_gain":0,"player_choice":"Rummage","damage_taken":0,"relics_obtained":["WarpedTongs"],"max_hp_gain":0,"max_hp_loss":0,"event_name":"Accursed Blacksmith","floor":4,"gold_loss":0,"cards_obtained":["Pain"]}],"is_beta":false,"boss_relics":[],"items_purged_floors":[5],"is_endless":false,"potions_floor_spawned":[3,7],"killed_by":"Slime Boss","ascension_level":20}