{"gold_per_floor":[109,126,140,60,60,85,98,47,47,82,82,92,57,83,83,160,160,172,172,172,191,217,217,217],"floor_reached":24,"playtime":742,"items_purged":[],"score":466,"play_id":"f0e7aca4-c39f-4286-b272-a4731e601f59","local_time":"20190411155222","is_ascension_mode":true,"campfire_choices":[{"floor":11.0,"key":"REST"},{"floor":15.0,"key":"REST"},{"floor":23,"key":"REST"}],"neow_cost":"NONE","seed_source_timestamp":7369916357000,"circlet_count":0,"master_deck":["AscendersBane","Strike_B","Strike_B","Defend_B","Defend_B","Defend_B","Defend_B","Zap","Dualcast","Double Energy","Compile Driver","FTL","Doom and Gloom","Rebound","Coolheaded","Conserve Battery","Barrage","Reboot","All For One","Barrage+1","Shame","Undo","Glacier"],"special_seed":0,"relics":["Cracked Core","NeowsBlessing","Bag of Preparation","Boot","Mummified Hand","Regal Pillow","Cursed Key","Nunchaku","Red Mask"],"potions_floor_usage":[21,22,22],"damage_taken":[{"damage":0.0,"enemies":"Jaw Worm","floor":1.0,"turns":1.0},{"damage":0.0,"enemies":"2 Louse","floor":2.0,"turns":1.0},{"damage":0.0,"enemies":"Small Slimes","floor":3.0,"turns":1.0},{"damage":44.0,"enemies":"Gremlin Nob","floor":6.0,"turns":4.0},{"damage":9.0,"enemies":"Exordium Thugs","floor":7.0,"turns":4.0},{"damage":0.0,"enemies":"3 Sentries","floor":10.0,"turns":5.0},{"damage":1.0,"enemies":"Blue Slaver","floor":12.0,"turns":3.0},{"damage":40.0,"enemies":"Gremlin Nob","floor":14.0,"turns":4.0},{"damage":21,"enemies":"The Guardian","floor":16,"turns":10},{"damage":22,"enemies":"2 Thieves","floor":18,"turns":4},{"damage":4,"enemies":"Shell Parasite","floor":21,"turns":3},{"damage":18,"enemies":"Masked Bandits","floor":22,"turns":4},{"damage":60,"enemies":"Gremlin Leader","floor":24,"turns":5}],"seed_played":"-2335703109598014910","potions_obtained":[{"floor":1.0,"key":"FearPotion"},{"floor":3.0,"key":"SpeedPotion"},{"floor":6.0,"key":"EssenceOfSteel"},{"floor":16,"key":"Fire Potion"},{"floor":18,"key":"SkillPotion"},{"floor":21,"key":"Strength Potion"}],"is_trial":false,"path_per_floor":["M","M","M","$","?","E","M","$","T","E","R","M","?","E","R","B",null,"M","?","?","M","?","R","E"],"character_chosen":"DEFECT","items_purchased":["Doom and Gloom","Conserve Battery"],"campfire_rested":3,"item_purchase_floors":[4,8],"current_hp_per_floor":[64,64,64,64,57,13,4,4,4,4,25,24,41,1,37,16,57,35,35,35,31,13,49,0],"gold":217,"neow_bonus":"THREE_ENEMY_KILL","is_prod":false,"is_daily":false,"chose_seed":false,"campfire_upgraded":0,"win_rate":0,"timestamp":1554990742,"path_taken":["M","M","M","$","?","E","M","$","T","E","R","M","?","E","R","BOSS","M","?","?","?","?","R","E"],"build_version":"2019-01-23","purchased_purges":0,"victory":false,"max_hp_per_floor":[71,71,71,71,71,71,71,71,71,71,71,71,71,71,71,71,71,71,71,71,71,71,71,71],"card_choices":[{"not_picked":["Tempest","Ball Lightning"],"picked":"Double Energy","floor":1.0},{"not_picked":["Ball Lightning","Cold Snap"],"picked":"Compile Driver","floor":2.0},{"not_picked":["Cold Snap","Melter"],"picked":"FTL","floor":3.0},{"not_picked":["Tempest","Lockon"],"picked":"Rebound","floor":6.0},{"not_picked":["Rip and Tear","Biased Cognition"],"picked":"Coolheaded","floor":7.0},{"not_picked":["Lockon","Steam","Stack"],"picked":"SKIP","floor":10.0},{"not_picked":["Beam Cell","Cold Snap"],"picked":"Barrage","floor":12.0},{"not_picked":["Aggregate","Conserve Battery"],"picked":"Reboot","floor":14.0},{"not_picked":["Biased Cognition","Amplify"],"picked":"All For One","floor":16},{"not_picked":["Cold Snap","Lockon"],"picked":"Barrage+1","floor":18},{"not_picked":["Streamline","Conserve Battery"],"picked":"Glacier","floor":21}],"player_experience":536217,"relics_obtained":[{"floor":6.0,"key":"Bag of Preparation"},{"floor":9.0,"key":"Boot"},{"floor":10.0,"key":"Mummified Hand"},{"floor":14.0,"key":"Regal Pillow"},{"floor":22,"key":"Red Mask"}],"event_choices":[{"cards_removed":["Strike_B"],"damage_healed":0.0,"max_hp_gain":0.0,"max_hp_loss":0.0,"gold_gain":0.0,"event_name":"Golden Wing","player_choice":"Card Removal","floor":5.0,"gold_loss":0.0,"damage_taken":7.0},{"damage_healed":17.0,"max_hp_gain":0.0,"max_hp_loss":0.0,"gold_gain":0.0,"event_name":"The Cleric","player_choice":"Healed","floor":13.0,"gold_loss":35.0,"damage_taken":0.0},{"damage_healed":0,"gold_gain":0,"player_choice":"Stole Relic","damage_taken":0,"relics_obtained":["Nunchaku"],"max_hp_gain":0,"max_hp_loss":0,"event_name":"Addict","floor":19,"gold_loss":0,"cards_obtained":["Shame"]},{"damage_healed":0,"gold_gain":0,"cards_transformed":["Strike_B"],"player_choice":"Transformed","damage_taken":0,"max_hp_gain":0,"max_hp_loss":0,"event_name":"Transmorgrifier","floor":20,"gold_loss":0,"cards_obtained":["Undo"]},{"damage_healed":0,"gold_gain":0,"player_choice":"Fought Bandits","damage_taken":0,"max_hp_gain":0,"max_hp_loss":0,"event_name":"Masked Bandits","floor":22,"gold_loss":0}],"is_beta":false,"boss_relics":[{"not_picked":["FrozenCore","Empty Cage"],"picked":"Cursed Key"}],"items_purged_floors":[],"is_endless":false,"potions_floor_spawned":[1,3,6,7,16,18,21],"killed_by":"Gremlin Leader","ascension_level":19}