{"gold_per_floor":[115,127,127,144,144,144,159,170,170,170,184,23,23,55,55,131,131,142,118,137,152,112,112],"floor_reached":23,"playtime":1297,"items_purged":[],"score":390,"play_id":"f400465d-0ddb-41b7-9aa4-c04d0926c8f4","local_time":"20190421212000","is_ascension_mode":true,"campfire_choices":[{"data":"Zap","floor":6,"key":"SMITH"},{"data":"Defragment","floor":10,"key":"SMITH"},{"data":"Sweeping Beam","floor":15,"key":"SMITH"}],"neow_cost":"NONE","seed_source_timestamp":219073392026003,"circlet_count":0,"master_deck":["AscendersBane","Strike_B","Strike_B","Strike_B","Strike_B","Defend_B","Defend_B","Defend_B","Defend_B","Zap+1","Dualcast","Coolheaded","Cold Snap","FTL","Defragment+1","Sweeping Beam+1","Glacier","Lockon","Echo Form","Buffer"],"relics":["Cracked Core","NeowsBlessing","Bag of Preparation","Gremlin Horn","DataDisk","Unceasing Top","Ginger","Snecko Eye"],"potions_floor_usage":[7,16,21,22,23],"damage_taken":[{"damage":0,"enemies":"Jaw Worm","floor":1,"turns":1},{"damage":0,"enemies":"Small Slimes","floor":2,"turns":1},{"damage":0,"enemies":"Cultist","floor":4,"turns":1},{"damage":29,"enemies":"Gremlin Gang","floor":7,"turns":3},{"damage":1,"enemies":"2 Fungi Beasts","floor":8,"turns":3},{"damage":2,"enemies":"Red Slaver","floor":11,"turns":3},{"damage":5,"enemies":"3 Sentries","floor":14,"turns":5},{"damage":26,"enemies":"Slime Boss","floor":16,"turns":10},{"damage":8,"enemies":"Shell Parasite","floor":18,"turns":7},{"damage":16,"enemies":"2 Thieves","floor":19,"turns":4},{"damage":18,"enemies":"Cultist and Chosen","floor":20,"turns":9},{"damage":8,"enemies":"Snake Plant","floor":21,"turns":6},{"damage":25,"enemies":"Gremlin Leader","floor":23,"turns":2}],"seed_played":"-3697895619036507859","potions_obtained":[{"floor":2,"key":"Strength Potion"},{"floor":7,"key":"FairyPotion"},{"floor":8,"key":"SmokeBomb"},{"floor":14,"key":"EssenceOfSteel"},{"floor":20,"key":"SkillPotion"},{"floor":22,"key":"Fruit Juice"},{"floor":22,"key":"Dexterity Potion"}],"is_trial":false,"path_per_floor":["M","M","?","M","?","R","M","M","T","R","M","$","?","E","R","B",null,"M","M","M","M","?","E"],"character_chosen":"DEFECT","items_purchased":["DataDisk"],"campfire_rested":0,"item_purchase_floors":[12],"current_hp_per_floor":[64,64,46,46,69,69,40,39,39,39,37,37,37,32,32,6,55,47,31,13,5,10,0],"gold":112,"neow_bonus":"THREE_ENEMY_KILL","is_prod":false,"is_daily":false,"chose_seed":false,"campfire_upgraded":3,"win_rate":0,"timestamp":1555849200,"path_taken":["M","M","?","M","?","R","M","M","T","R","?","$","?","E","R","BOSS","M","?","?","M","?","E"],"build_version":"2019-01-23","purchased_purges":0,"victory":false,"max_hp_per_floor":[71,71,71,71,71,71,71,71,71,71,71,71,71,71,71,71,71,71,71,71,71,76,76],"card_choices":[{"not_picked":["Rebound","Go for the Eyes"],"picked":"Coolheaded","floor":1},{"not_picked":["Reboot","Coolheaded"],"picked":"Cold Snap","floor":2},{"not_picked":["Sweeping Beam","Gash"],"picked":"FTL","floor":4},{"not_picked":["Melter","Gash"],"picked":"Defragment","floor":7},{"not_picked":["Stack","Auto Shields"],"picked":"Sweeping Beam","floor":8},{"not_picked":["Melter","Sweeping Beam"],"picked":"Glacier","floor":11},{"not_picked":["Rip and Tear","Skim"],"picked":"Lockon","floor":14},{"not_picked":["Fission","Multi-Cast"],"picked":"Echo Form","floor":16},{"not_picked":["Gash","Steam","Rebound"],"picked":"SKIP","floor":18},{"not_picked":["Barrage","Go for the Eyes"],"picked":"Buffer","floor":19},{"not_picked":["Stack","Compile Driver","Rip and Tear"],"picked":"SKIP","floor":20},{"not_picked":["Barrage","Storm","Reprogram+1"],"picked":"SKIP","floor":21}],"player_experience":1027661,"relics_obtained":[{"floor":9,"key":"Gremlin Horn"},{"floor":14,"key":"Ginger"}],"event_choices":[{"damage_healed":0,"gold_gain":0,"player_choice":"Success","damage_taken":18,"relics_obtained":["Bag of Preparation"],"max_hp_gain":0,"max_hp_loss":0,"event_name":"Scrap Ooze","floor":3,"gold_loss":0},{"damage_healed":23,"gold_gain":0,"player_choice":"Banana","damage_taken":0,"max_hp_gain":0,"max_hp_loss":0,"event_name":"Big Fish","floor":5,"gold_loss":0},{"damage_healed":0,"gold_gain":0,"player_choice":"Gave Potion","damage_taken":0,"relics_obtained":["Unceasing Top"],"max_hp_gain":0,"max_hp_loss":0,"event_name":"WeMeetAgain","floor":13,"gold_loss":0},{"damage_healed":0,"gold_gain":0,"player_choice":"Bought 3 Potions","damage_taken":0,"max_hp_gain":0,"max_hp_loss":0,"event_name":"The Woman in Blue","floor":22,"gold_loss":0}],"is_beta":false,"boss_relics":[{"not_picked":["Calling Bell","White Beast Statue"],"picked":"Snecko Eye"}],"items_purged_floors":[],"is_endless":false,"potions_floor_spawned":[2,7,8,14,20],"killed_by":"Gremlin Leader","ascension_level":20}