{"gold_per_floor":[213,82,96,109,128,128,157,181,193,205,230,272,302,314,326,436,448,479,491,520,532,544,587,599,26,26,26,42,56,56,82,82,183,183,197,213,213,232,232,232,248,248,275,275,303,318,318,61,61,61],"floor_reached":51,"playtime":2810,"items_purged":["Strike_B","Hello World+1"],"score":1028,"play_id":"8bde4ac8-3efa-44b3-b7c8-56b738dc057d","local_time":"20190410023423","is_ascension_mode":true,"campfire_choices":[{"data":"Genetic Algorithm","floor":6.0,"key":"SMITH"},{"data":"Self Repair","floor":10.0,"key":"SMITH"},{"data":"Creative AI","floor":15.0,"key":"SMITH"},{"data":"Hologram","floor":24.0,"key":"SMITH"},{"data":"Defragment","floor":27.0,"key":"SMITH"},{"data":"Barrage","floor":30.0,"key":"SMITH"},{"floor":32.0,"key":"REST"},{"floor":40,"key":"RECALL"},{"floor":44,"key":"REST"},{"floor":47,"key":"REST"},{"floor":49,"key":"REST"}],"neow_cost":"NONE","seed_source_timestamp":359858511046407,"circlet_count":0,"master_deck":["Strike_B+1","Strike_B+1","Defend_B+1","Defend_B+1","Zap+1","Dualcast+1","Ball Lightning+1","Self Repair+1","Compile Driver+1","Genetic Algorithm+1","BootSequence+1","Barrage+1","Conserve Battery+1","Creative AI+1","Biased Cognition+1","Loop+1","Glacier+1","Rainbow+1","Hologram+1","Defragment+1","Flash of Steel+1","Cold Snap+1","Go for the Eyes+1","Electrodynamics+1","Core Surge","Storm"],"special_seed":0,"relics":["Cracked Core","Mango","MawBank","Anchor","Sundial","Runic Pyramid","Singing Bowl","Happy Flower","Frozen Eye","Lantern","Fusion Hammer","Mark of the Bloom","Juzu Bracelet","Dream Catcher","Oddly Smooth Stone"],"potions_floor_usage":[],"damage_taken":[{"damage":0.0,"enemies":"Small Slimes","floor":1.0,"turns":3.0},{"damage":0.0,"enemies":"Cultist","floor":3.0,"turns":3.0},{"damage":0.0,"enemies":"2 Louse","floor":4.0,"turns":2.0},{"damage":0.0,"enemies":"Large Slime","floor":5.0,"turns":3.0},{"damage":34.0,"enemies":"3 Sentries","floor":7.0,"turns":8.0},{"damage":22.0,"enemies":"Exordium Wildlife","floor":8.0,"turns":5.0},{"damage":18.0,"enemies":"Gremlin Gang","floor":11.0,"turns":5.0},{"damage":10.0,"enemies":"Lagavulin","floor":12.0,"turns":7.0},{"damage":0.0,"enemies":"Red Slaver","floor":13.0,"turns":3.0},{"damage":26.0,"enemies":"The Guardian","floor":16.0,"turns":9.0},{"damage":0.0,"enemies":"Chosen","floor":18.0,"turns":5.0},{"damage":6.0,"enemies":"2 Thieves","floor":20.0,"turns":4.0},{"damage":40.0,"enemies":"Book of Stabbing","floor":23.0,"turns":6.0},{"damage":6.0,"enemies":"Cultist and Chosen","floor":28.0,"turns":4.0},{"damage":5.0,"enemies":"3 Cultists","floor":29.0,"turns":6.0},{"damage":41.0,"enemies":"Gremlin Leader","floor":31.0,"turns":11.0},{"damage":18.0,"enemies":"Champ","floor":33.0,"turns":11.0},{"damage":2.0,"enemies":"Orb Walker","floor":35.0,"turns":3.0},{"damage":0.0,"enemies":"3 Shapes","floor":36.0,"turns":3.0},{"damage":23.0,"enemies":"Sphere and 2 Shapes","floor":38.0,"turns":5.0},{"damage":2,"enemies":"Transient","floor":41,"turns":5},{"damage":13,"enemies":"Nemesis","floor":45,"turns":7},{"damage":1,"enemies":"3 Darklings","floor":46,"turns":6},{"damage":6,"enemies":"Donu and Deca","floor":50,"turns":7}],"seed_played":"-3301651597618460061","potions_obtained":[{"floor":3.0,"key":"Explosive Potion"},{"floor":5.0,"key":"LiquidBronze"},{"floor":7.0,"key":"Weak Potion"},{"floor":16.0,"key":"Fire Potion"},{"floor":18.0,"key":"Strength Potion"},{"floor":20.0,"key":"FairyPotion"},{"floor":23.0,"key":"LiquidBronze"},{"floor":28.0,"key":"SkillPotion"},{"floor":33.0,"key":"Fire Potion"}],"is_trial":false,"path_per_floor":["M","?","M","M","M","R","E","M","T","R","M","E","M","?","R","B",null,"M","$","M","?","?","E","R","$","T","R","M","M","R","E","R","B",null,"M","M","?","M","?","R","M","?","T","R","E","M","R","$","R","B",null],"character_chosen":"DEFECT","items_purchased":["Happy Flower","Defragment","Frozen Eye","Flash of Steel","Oddly Smooth Stone"],"campfire_rested":4,"item_purchase_floors":[25,25,25,25,48],"current_hp_per_floor":[75,89,89,89,89,89,62,47,47,47,39,39,49,42,42,26,73,83,83,87,87,70,40,40,40,40,40,46,51,51,20,48,40,82,92,100,95,84,84,84,82,82,82,82,69,68,68,68,68,62],"gold":61,"neow_bonus":"HUNDRED_GOLD","is_prod":false,"is_daily":false,"chose_seed":false,"campfire_upgraded":6,"win_rate":0,"timestamp":1554856463,"path_taken":["M","?","M","M","?","R","E","M","T","R","M","E","M","?","R","BOSS","M","$","M","?","?","E","R","$","T","R","M","M","R","E","R","BOSS","M","M","?","M","?","R","M","?","T","R","E","M","R","$","R","BOSS"],"build_version":"2019-01-23","purchased_purges":2,"victory":true,"max_hp_per_floor":[75,89,89,89,89,89,89,89,89,89,89,89,89,89,89,89,89,89,89,89,89,94,94,94,94,94,94,96,96,96,96,96,96,96,98,100,95,97,97,97,97,97,97,97,99,99,101,101,103,103],"card_choices":[{"not_picked":["Rebound","Aggregate"],"picked":"Ball Lightning","floor":1.0},{"not_picked":["Undo","Barrage"],"picked":"Self Repair","floor":3.0},{"not_picked":["Turbo","Reboot"],"picked":"Compile Driver","floor":4.0},{"not_picked":["Aggregate","Hello World"],"picked":"Genetic Algorithm","floor":5.0},{"not_picked":["Echo Form","Barrage","Lockon"],"picked":"SKIP","floor":7.0},{"not_picked":["Redo","Turbo"],"picked":"BootSequence","floor":8.0},{"not_picked":["Stack","Beam Cell"],"picked":"Barrage","floor":11.0},{"not_picked":["Gash","BootSequence"],"picked":"Conserve Battery","floor":12.0},{"not_picked":["Redo","Chaos"],"picked":"Creative AI","floor":13.0},{"not_picked":["Buffer","Reboot"],"picked":"Biased Cognition","floor":16.0},{"not_picked":["Melter","Steam"],"picked":"Loop","floor":18.0},{"not_picked":["Leap","Cold Snap"],"picked":"Glacier","floor":20.0},{"not_picked":["Turbo+1","BootSequence"],"picked":"Hologram","floor":23.0},{"not_picked":["Compile Driver","Doom and Gloom","Rainbow"],"picked":"Singing Bowl","floor":28.0},{"not_picked":["Steam","Redo"],"picked":"Cold Snap","floor":29.0},{"not_picked":["Hologram","Reprogram"],"picked":"Go for the Eyes","floor":31.0},{"not_picked":["Fission","Thunder Strike"],"picked":"Electrodynamics","floor":33.0},{"not_picked":["Turbo+1","Conserve Battery+1","Redo+1"],"picked":"Singing Bowl","floor":35.0},{"not_picked":["Hologram","Reprogram","Darkness"],"picked":"Singing Bowl","floor":36.0},{"not_picked":["Rebound+1","Conserve Battery","Redo+1"],"picked":"Singing Bowl","floor":38.0},{"not_picked":["Sweeping Beam","Ball Lightning"],"picked":"Core Surge","floor":41},{"not_picked":["Hyperbeam","Reprogram","Turbo+1"],"picked":"Singing Bowl","floor":45},{"not_picked":["Go for the Eyes","Chaos"],"picked":"Storm","floor":46},{"not_picked":["Beam Cell","Hologram+1","Chill"],"picked":"Singing Bowl","floor":47},{"not_picked":["Steam","Chill+1","Beam Cell+1"],"picked":"Singing Bowl","floor":49}],"player_experience":491998,"relics_obtained":[{"floor":7.0,"key":"MawBank"},{"floor":9.0,"key":"Anchor"},{"floor":12.0,"key":"Sundial"},{"floor":23.0,"key":"Singing Bowl"},{"floor":31.0,"key":"Lantern"},{"floor":43,"key":"Juzu Bracelet"},{"floor":45,"key":"Dream Catcher"}],"event_choices":[{"damage_healed":0.0,"max_hp_gain":0.0,"max_hp_loss":0.0,"gold_gain":0.0,"event_name":"WeMeetAgain","player_choice":"Paid Gold","floor":2.0,"gold_loss":131.0,"damage_taken":0.0,"relics_obtained":["Mango"]},{"cards_removed":["Defend_B"],"damage_healed":0.0,"max_hp_gain":0.0,"max_hp_loss":0.0,"gold_gain":0.0,"event_name":"Golden Wing","player_choice":"Card Removal","floor":14.0,"gold_loss":0.0,"damage_taken":7.0},{"damage_healed":0.0,"max_hp_gain":0.0,"max_hp_loss":0.0,"gold_gain":0.0,"cards_transformed":["Defend_B","Strike_B"],"event_name":"Drug Dealer","player_choice":"Became Test Subject","floor":21.0,"gold_loss":0.0,"damage_taken":0.0,"cards_obtained":["Hello World","Rainbow"]},{"damage_healed":0.0,"max_hp_gain":5.0,"max_hp_loss":0.0,"gold_gain":0.0,"event_name":"Forgotten Altar","player_choice":"Shed Blood","floor":22.0,"gold_loss":0.0,"damage_taken":22.0},{"damage_healed":0.0,"max_hp_gain":0.0,"max_hp_loss":5.0,"gold_gain":0.0,"event_name":"Winding Halls","player_choice":"Max HP","floor":37.0,"gold_loss":0.0,"damage_taken":0.0},{"damage_healed":0,"gold_gain":0,"player_choice":"Upgrade","damage_taken":0,"relics_obtained":["Mark of the Bloom"],"max_hp_gain":0,"max_hp_loss":0,"event_name":"MindBloom","floor":39,"gold_loss":0,"cards_upgraded":["Strike_B","Strike_B","Defend_B","Defend_B","Zap","Dualcast","Ball Lightning","Compile Driver","BootSequence","Conserve Battery","Biased Cognition","Loop","Glacier","Hello World","Rainbow","Flash of Steel","Cold Snap","Go for the Eyes","Electrodynamics"]},{"damage_healed":0,"gold_gain":0,"player_choice":"Leave","damage_taken":0,"max_hp_gain":0,"max_hp_loss":0,"event_name":"FaceTrader","floor":42,"gold_loss":0}],"is_beta":false,"boss_relics":[{"not_picked":["Astrolabe","Calling Bell"],"picked":"Runic Pyramid"},{"not_picked":["Lizard Tail","Orrery"],"picked":"Fusion Hammer"}],"items_purged_floors":[25,48],"is_endless":false,"potions_floor_spawned":[3,5,7,16,18,20,23,28,33,45],"ascension_level":5}