{"gold_per_floor":[362,74,94,109,34,34,63,63,63,74,93,93,105,134,134,209,209,226,243,57,57,77,77,112,128,155,155,167,167,195,41,41,116,116,129,210,210,210,221,250,250,264,264,278,278,313,313,327,327,327],"floor_reached":51,"playtime":5016,"items_purged":["Writhe","Shame","Regret"],"score":1343,"play_id":"4601f813-862a-44be-87f7-e545297ace96","local_time":"20190507182639","is_ascension_mode":true,"campfire_choices":[{"data":"Neutralize","floor":6.0,"key":"SMITH"},{"data":"Deflect","floor":8.0,"key":"SMITH"},{"data":"Survivor","floor":15.0,"key":"SMITH"},{"data":"Footwork","floor":23.0,"key":"SMITH"},{"floor":27.0,"key":"REST"},{"floor":29.0,"key":"REST"},{"floor":32.0,"key":"REST"},{"floor":41.0,"key":"REST"},{"floor":45.0,"key":"REST"},{"floor":47,"key":"REST"},{"floor":49,"key":"REST"}],"neow_cost":"CURSE","seed_source_timestamp":0,"circlet_count":0,"master_deck":["AscendersBane","Defend_G","Defend_G","Defend_G","Defend_G","Defend_G+1","Strike_G","Strike_G","Strike_G","Strike_G","Survivor+1","Neutralize+1","Flying Knee","Deflect+1","Deadly Poison+1","Dagger Throw","Poisoned Stab","Catalyst","Backstab","Poisoned Stab","A Thousand Cuts","Parasite","Footwork+1","Noxious Fumes+1","Dodge and Roll","Infinite Blades","Deflect","Tools of the Trade","Flying Knee+1","Terror"],"special_seed":0,"relics":["Ring of the Snake","TwistedFunnel","Singing Bowl","Vajra","War Paint","Anchor","Calling Bell","Orichalcum","Letter Opener","WingedGreaves","Gremlin Horn","Centennial Puzzle","Lantern","Fusion Hammer","Kunai","Shuriken","Molten Egg 2","Blue Candle"],"potions_floor_usage":[48,50,50],"damage_taken":[{"damage":0.0,"enemies":"Small Slimes","floor":1.0,"turns":5.0},{"damage":0.0,"enemies":"Jaw Worm","floor":3.0,"turns":4.0},{"damage":0.0,"enemies":"Cultist","floor":4.0,"turns":4.0},{"damage":6.0,"enemies":"Gremlin Nob","floor":7.0,"turns":4.0},{"damage":0.0,"enemies":"Red Slaver","floor":10.0,"turns":3.0},{"damage":1.0,"enemies":"Looter","floor":11.0,"turns":3.0},{"damage":0.0,"enemies":"Exordium Thugs","floor":13.0,"turns":2.0},{"damage":9.0,"enemies":"3 Sentries","floor":14.0,"turns":6.0},{"damage":3.0,"enemies":"The Guardian","floor":16.0,"turns":8.0},{"damage":14.0,"enemies":"2 Thieves","floor":18.0,"turns":4.0},{"damage":6.0,"enemies":"3 Byrds","floor":19.0,"turns":4.0},{"damage":19.0,"enemies":"Snake Plant","floor":22.0,"turns":3.0},{"damage":28.0,"enemies":"Book of Stabbing","floor":24.0,"turns":6.0},{"damage":6.0,"enemies":"Cultist and Chosen","floor":25.0,"turns":5.0},{"damage":8.0,"enemies":"3 Cultists","floor":28.0,"turns":5.0},{"damage":2.0,"enemies":"Gremlin Leader","floor":30.0,"turns":6.0},{"damage":48.0,"enemies":"Champ","floor":33.0,"turns":13.0},{"damage":0.0,"enemies":"3 Darklings","floor":35.0,"turns":4.0},{"damage":13.0,"enemies":"Orb Walker","floor":39.0,"turns":3.0},{"damage":30.0,"enemies":"Reptomancer","floor":40.0,"turns":7.0},{"damage":6.0,"enemies":"Jaw Worm Horde","floor":42.0,"turns":4.0},{"damage":7.0,"enemies":"Spire Growth","floor":44.0,"turns":4.0},{"damage":26.0,"enemies":"Nemesis","floor":46.0,"turns":6.0},{"damage":6,"enemies":"3 Darklings","floor":48,"turns":3},{"damage":68,"enemies":"Awakened One","floor":50,"turns":14}],"seed_played":"-2889644163489853518","potions_obtained":[{"floor":1.0,"key":"GhostInAJar"},{"floor":11.0,"key":"LiquidBronze"},{"floor":13.0,"key":"LiquidBronze"},{"floor":22.0,"key":"GhostInAJar"},{"floor":24.0,"key":"FearPotion"},{"floor":25.0,"key":"GamblersBrew"},{"floor":40.0,"key":"Ancient Potion"},{"floor":46,"key":"SkillPotion"},{"floor":48,"key":"GhostInAJar"}],"is_trial":false,"path_per_floor":["M","$","M","M","?","R","E","R","T","M","M","T","M","E","R","B",null,"M","M","$","?","M","R","E","M","T","R","M","R","E","$","R","B",null,"M","T","?","$","M","E","R","M","T","M","R","E","R","M","R","B",null],"character_chosen":"THE_SILENT","items_purchased":["TwistedFunnel","Noxious Fumes","Deflect"],"campfire_rested":7,"item_purchase_floors":[2,20,31],"current_hp_per_floor":[59,59,59,59,59,59,53,53,53,53,52,52,52,43,43,40,60,48,42,42,68,49,49,23,17,17,38,32,53,53,53,74,26,62,64,64,64,64,53,23,46,42,42,37,61,37,62,56,81,13],"gold":327,"neow_bonus":"TWO_FIFTY_GOLD","is_prod":false,"is_daily":false,"chose_seed":false,"campfire_upgraded":4,"win_rate":0,"timestamp":1557278799,"path_taken":["M","$","M","M","?","R","E","R","T","M","M","?","M","E","R","BOSS","M","M","$","?","?","R","E","M","T","R","M","R","E","$","R","BOSS","M","?","?","$","M","E","R","M","T","?","R","E","R","M","R","BOSS"],"build_version":"2019-01-23","purchased_purges":3,"victory":true,"max_hp_per_floor":[66,66,66,66,66,66,66,66,66,66,66,66,66,66,66,66,66,68,68,68,68,68,68,70,70,70,70,72,72,74,74,74,74,74,76,76,76,76,78,78,78,80,80,82,82,84,84,84,84,84],"card_choices":[{"not_picked":["Slice","Deadly Poison"],"picked":"Flying Knee","floor":1.0},{"not_picked":["Choke","Well Laid Plans"],"picked":"Deflect","floor":3.0},{"not_picked":["Quick Slash","Prepared"],"picked":"Deadly Poison","floor":4.0},{"not_picked":["Blade Dance","Sucker Punch"],"picked":"Dagger Throw","floor":7.0},{"not_picked":["Dagger Spray","Doppelganger"],"picked":"Poisoned Stab","floor":10.0},{"not_picked":["Riddle With Holes","Prepared"],"picked":"Catalyst","floor":11.0},{"not_picked":["Distraction","Deflect"],"picked":"Backstab","floor":13.0},{"not_picked":["PiercingWail","Sucker Punch"],"picked":"Poisoned Stab","floor":14.0},{"not_picked":["Malaise","Wraith Form v2"],"picked":"A Thousand Cuts","floor":16.0},{"not_picked":["Sucker Punch","Prepared","Blade Dance"],"picked":"Singing Bowl","floor":18.0},{"not_picked":["Slice","Escape Plan"],"picked":"Footwork","floor":19.0},{"not_picked":["Blade Dance","Underhanded Strike"],"picked":"Dodge and Roll","floor":22.0},{"not_picked":["Flying Knee","Acrobatics","Doppelganger"],"picked":"Singing Bowl","floor":24.0},{"not_picked":["Setup","Endless Agony"],"picked":"Infinite Blades","floor":25.0},{"not_picked":["Prepared","Underhanded Strike","Caltrops"],"picked":"Singing Bowl","floor":28.0},{"not_picked":["Backflip","Riddle With Holes","Dagger Throw"],"picked":"Singing Bowl","floor":30.0},{"not_picked":["Adrenaline","Malaise"],"picked":"Tools of the Trade","floor":33.0},{"not_picked":["Bane","Terror","Deflect"],"picked":"Singing Bowl","floor":35.0},{"not_picked":["Underhanded Strike","Prepared+1","Escape Plan"],"picked":"Singing Bowl","floor":39.0},{"not_picked":["Bane","Dodge and Roll"],"picked":"Flying Knee+1","floor":40.0},{"not_picked":["Escape Plan","Predator+1","Flying Knee"],"picked":"Singing Bowl","floor":42.0},{"not_picked":["All Out Attack+1","Dodge and Roll","Dagger Spray+1"],"picked":"Singing Bowl","floor":44.0},{"not_picked":["PiercingWail","Deadly Poison","Quick Slash+1"],"picked":"Singing Bowl","floor":46},{"not_picked":["Dodge and Roll","All Out Attack+1"],"picked":"Terror","floor":48}],"player_experience":649953,"relics_obtained":[{"floor":7.0,"key":"Singing Bowl"},{"floor":9.0,"key":"Vajra"},{"floor":12.0,"key":"War Paint"},{"floor":14.0,"key":"Anchor"},{"floor":17.0,"key":"Orichalcum"},{"floor":17.0,"key":"Letter Opener"},{"floor":17.0,"key":"WingedGreaves"},{"floor":24.0,"key":"Gremlin Horn"},{"floor":26.0,"key":"Centennial Puzzle"},{"floor":30.0,"key":"Lantern"},{"floor":36.0,"key":"Kunai"},{"floor":40.0,"key":"Shuriken"},{"floor":43.0,"key":"Molten Egg 2"},{"floor":46,"key":"Blue Candle"}],"event_choices":[{"cards_removed":["Strike_G"],"damage_healed":0.0,"max_hp_gain":0.0,"max_hp_loss":0.0,"gold_gain":0.0,"event_name":"The Cleric","player_choice":"Card Removal","floor":5.0,"gold_loss":75.0,"damage_taken":0.0},{"damage_healed":26.0,"max_hp_gain":0.0,"max_hp_loss":0.0,"gold_gain":0.0,"event_name":"Wheel of Change","player_choice":"Full Heal","floor":21.0,"gold_loss":0.0,"damage_taken":0.0},{"damage_healed":0.0,"max_hp_gain":0.0,"max_hp_loss":0.0,"gold_gain":0.0,"event_name":"Upgrade Shrine","player_choice":"Upgraded","floor":37.0,"gold_loss":0.0,"damage_taken":0.0,"cards_upgraded":["Noxious Fumes"]}],"is_beta":false,"boss_relics":[{"not_picked":["WristBlade","Lizard Tail"],"picked":"Calling Bell"},{"not_picked":["Tiny House","Astrolabe"],"picked":"Fusion Hammer"}],"items_purged_floors":[2,20,31],"is_endless":false,"potions_floor_spawned":[1,11,13,16,22,24,25,33,40,46,48],"ascension_level":16}