{"gold_per_floor":[112,212,231,248,261,261,292,307,307,226,11,11,11,25,25,120,120,133,149,49,59,10,44,44,57,80,80,80,80,95,95],"floor_reached":31,"playtime":1265,"items_purged":["Strike_B","Strike_B"],"score":334,"play_id":"b64cc199-12c0-4a7e-8bc1-b6fb005ad702","local_time":"20181104145954","is_ascension_mode":true,"campfire_choices":[{"data":"Dualcast","floor":6,"key":"SMITH"},{"floor":13,"key":"REST"},{"floor":15,"key":"REST"},{"floor":24,"key":"REST"}],"neow_cost":"NONE","seed_source_timestamp":62110740612389,"circlet_count":0,"master_deck":["Strike_B","Strike_B","Defend_B","Defend_B","Defend_B","Defend_B","Zap","Dualcast+1","Coolheaded","Coolheaded","Gash","Leap","Glacier","Ball Lightning","Defragment+1","Storm+1","Gash","Conserve Battery","Ball Lightning","Electrodynamics+1","Gash+1","Leap","Blizzard+1","Leap+1","Steam","Writhe","Decay","Conserve Battery+1"],"relics":["Cracked Core","Darkstone Periapt","Frozen Egg 2","Art of War","Inserter","Du-Vu Doll","Vajra","Sundial"],"potions_floor_usage":[7,14,21,21,23,23,30],"damage_taken":[{"damage":2,"enemies":"2 Louse","floor":1,"turns":2},{"damage":0,"enemies":"Cultist","floor":3,"turns":4},{"damage":3,"enemies":"Small Slimes","floor":4,"turns":5},{"damage":6,"enemies":"Blue Slaver","floor":5,"turns":5},{"damage":32,"enemies":"Gremlin Nob","floor":7,"turns":5},{"damage":2,"enemies":"Looter","floor":8,"turns":3},{"damage":3,"enemies":"Exordium Wildlife","floor":14,"turns":6},{"damage":17,"enemies":"The Guardian","floor":16,"turns":9},{"damage":10,"enemies":"Shell Parasite","floor":18,"turns":6},{"damage":10,"enemies":"Chosen","floor":19,"turns":3},{"damage":13,"enemies":"Snake Plant","floor":21,"turns":3},{"damage":32,"enemies":"Book of Stabbing","floor":23,"turns":7},{"damage":5,"enemies":"Cultist and Chosen","floor":25,"turns":6},{"damage":30,"enemies":"Shelled Parasite and Fungi","floor":30,"turns":6},{"damage":9,"enemies":"Colosseum Slavers","floor":31,"turns":1}],"seed_played":"-2716929918889918487","potions_obtained":[{"floor":0,"key":"SteroidPotion"},{"floor":0,"key":"EssenceOfSteel"},{"floor":0,"key":"Weak Potion"},{"floor":7,"key":"SkillPotion"},{"floor":8,"key":"Block Potion"},{"floor":14,"key":"Fire Potion"},{"floor":18,"key":"Energy Potion"},{"floor":23,"key":"Swift Potion"},{"floor":25,"key":"PowerPotion"}],"is_trial":false,"path_per_floor":["M","?","M","M","M","R","E","M","T","$","$","T","R","M","R","B",null,"M","M","$","M","$","E","R","M","T","$","?","?","M","?"],"character_chosen":"DEFECT","items_purchased":["Defragment+1","Storm+1","Gash","Conserve Battery","Energy Potion"],"campfire_rested":3,"item_purchase_floors":[10,11,11,11,22],"current_hp_per_floor":[66,66,66,63,57,57,25,23,23,23,23,23,45,42,64,47,68,58,48,48,35,35,3,25,20,20,20,26,32,2,0],"gold":95,"neow_bonus":"THREE_SMALL_POTIONS","is_prod":false,"is_daily":false,"chose_seed":false,"campfire_upgraded":1,"win_rate":0,"timestamp":1541339994,"path_taken":["M","?","M","M","?","R","E","M","T","?","$","?","R","M","R","BOSS","M","M","$","M","$","E","R","M","T","$","?","?","M","?"],"build_version":"2018-11-01","purchased_purges":2,"victory":false,"max_hp_per_floor":[75,75,75,75,75,75,75,75,75,75,75,75,75,75,75,75,75,75,75,75,75,75,75,75,75,75,75,81,87,87,87],"card_choices":[{"not_picked":["Doom and Gloom","Barrage"],"picked":"Coolheaded","floor":1},{"not_picked":["Reinforced Body","Hologram"],"picked":"Coolheaded","floor":3},{"not_picked":["Skim","Beam Cell"],"picked":"Gash","floor":4},{"not_picked":["Lockon","Redo"],"picked":"Leap","floor":5},{"not_picked":["Scrape","Reboot"],"picked":"Glacier","floor":7},{"not_picked":["Sunder","Undo"],"picked":"Ball Lightning","floor":8},{"not_picked":["Skim","BootSequence"],"picked":"Ball Lightning","floor":14},{"not_picked":["All For One","Machine Learning+1"],"picked":"Electrodynamics+1","floor":16},{"not_picked":["Redo","Conserve Battery"],"picked":"Gash+1","floor":18},{"not_picked":["Sweeping Beam","Stack+1"],"picked":"Leap","floor":19},{"not_picked":["Steam","White Noise+1"],"picked":"Blizzard+1","floor":21},{"not_picked":["Defragment+1","Reprogram"],"picked":"Leap+1","floor":23},{"not_picked":["Genetic Algorithm","Double Energy"],"picked":"Steam","floor":25},{"not_picked":["Beam Cell","Ball Lightning+1"],"picked":"Conserve Battery+1","floor":30}],"player_experience":291341,"relics_obtained":[{"floor":7,"key":"Darkstone Periapt"},{"floor":9,"key":"Frozen Egg 2"},{"floor":12,"key":"Art of War"},{"floor":23,"key":"Du-Vu Doll"},{"floor":26,"key":"Vajra"}],"event_choices":[{"damage_healed":0,"gold_gain":100,"player_choice":"Pray","damage_taken":0,"max_hp_gain":0,"max_hp_loss":0,"event_name":"Golden Shrine","floor":2,"gold_loss":0},{"damage_healed":0,"gold_gain":0,"player_choice":"Opened","damage_taken":0,"relics_obtained":["Sundial"],"max_hp_gain":0,"max_hp_loss":0,"event_name":"The Mausoleum","floor":28,"gold_loss":0,"cards_obtained":["Writhe"]},{"damage_healed":0,"gold_gain":0,"player_choice":"Smashed Altar","damage_taken":0,"max_hp_gain":0,"max_hp_loss":0,"event_name":"Forgotten Altar","floor":29,"gold_loss":0,"cards_obtained":["Decay"]},{"damage_healed":0,"gold_gain":0,"player_choice":"Fight","damage_taken":0,"max_hp_gain":0,"max_hp_loss":0,"event_name":"Colosseum","floor":31,"gold_loss":0}],"is_beta":false,"boss_relics":[{"not_picked":["Snecko Eye","Nuclear Battery"],"picked":"Inserter"}],"items_purged_floors":[11,20],"is_endless":false,"potions_floor_spawned":[7,8,14,16,18,23,25],"killed_by":"Colosseum Slavers","ascension_level":6}