{"gold_per_floor":[12,25,25,38,53,53,53,53,78,113,125,141,106,138,138,217,217,117,117,117,117,117,117,117,117,117,117,117,117,117,7,7,7],"floor_reached":33,"playtime":1481,"items_purged":[],"score":558,"play_id":"5353f7f4-1dba-4f04-bcfd-5d184f43d79c","local_time":"20190316110143","is_ascension_mode":true,"campfire_choices":[{"data":"Armaments","floor":6,"key":"SMITH"},{"data":"Spot Weakness","floor":8,"key":"SMITH"},{"data":"Inflame","floor":15,"key":"SMITH"},{"floor":23,"key":"REST"},{"floor":25,"key":"REST"},{"floor":28,"key":"REST"},{"floor":32,"key":"REST"}],"neow_cost":"NO_GOLD","seed_source_timestamp":798926329694070,"circlet_count":0,"master_deck":["AscendersBane","Strike_R","Strike_R","Defend_R","Defend_R","Defend_R","Defend_R+1","Bash","Inflame+1","Clothesline","Seeing Red+1","Iron Wave","Spot Weakness+1","Armaments+1","Battle Trance","Dual Wield","Immolate","Shrug It Off+1","Headbutt","True Grit+1","Evolve"],"relics":["Burning Blood","War Paint","Boot","Omamori","Ectoplasm","Necronomicon","The Courier","Letter Opener"],"potions_floor_usage":[16,16,24,33],"damage_taken":[{"damage":7,"enemies":"Cultist","floor":1,"turns":4},{"damage":10,"enemies":"Small Slimes","floor":2,"turns":4},{"damage":1,"enemies":"2 Louse","floor":4,"turns":3},{"damage":4,"enemies":"Looter","floor":5,"turns":4},{"damage":36,"enemies":"3 Sentries","floor":10,"turns":9},{"damage":9,"enemies":"Blue Slaver","floor":11,"turns":4},{"damage":5,"enemies":"Exordium Wildlife","floor":12,"turns":4},{"damage":19,"enemies":"Lagavulin","floor":14,"turns":8},{"damage":29,"enemies":"Slime Boss","floor":16,"turns":9},{"damage":28,"enemies":"2 Thieves","floor":18,"turns":5},{"damage":6,"enemies":"Shell Parasite","floor":19,"turns":6},{"damage":3,"enemies":"Centurion and Healer","floor":20,"turns":6},{"damage":42,"enemies":"Book of Stabbing","floor":24,"turns":6},{"damage":0,"enemies":"Cultist and Chosen","floor":27,"turns":3},{"damage":6,"enemies":"3 Cultists","floor":29,"turns":4},{"damage":14,"enemies":"Centurion and Healer","floor":30,"turns":3},{"damage":94,"enemies":"Champ","floor":33,"turns":15}],"seed_played":"-8592190458640911571","potions_obtained":[{"floor":4,"key":"Ancient Potion"},{"floor":10,"key":"PowerPotion"},{"floor":14,"key":"Block Potion"},{"floor":18,"key":"SteroidPotion"},{"floor":27,"key":"GamblersBrew"},{"floor":30,"key":"Ancient Potion"}],"is_trial":false,"path_per_floor":["M","M","?","M","M","R","?","R","T","E","M","M","?","E","R","B",null,"M","M","M","?","?","R","E","R","T","M","R","M","M","$","R","B"],"character_chosen":"IRONCLAD","items_purchased":["Evolve","Energy Potion"],"campfire_rested":4,"item_purchase_floors":[31,31],"current_hp_per_floor":[67,63,63,68,70,70,75,75,75,45,42,43,61,48,48,25,63,41,41,44,23,23,45,9,31,31,37,59,59,51,51,73,0],"gold":7,"neow_bonus":"TRANSFORM_TWO_CARDS","is_prod":false,"is_daily":false,"chose_seed":false,"campfire_upgraded":3,"win_rate":0,"timestamp":1552701703,"path_taken":["M","M","?","?","M","R","?","R","T","E","M","?","?","E","R","BOSS","M","M","M","?","?","R","E","R","T","M","R","M","M","?","R","BOSS"],"build_version":"2019-01-23","purchased_purges":0,"victory":false,"max_hp_per_floor":[75,75,75,75,75,75,75,75,75,75,75,75,75,75,75,75,75,75,75,75,75,75,75,75,75,75,75,75,75,75,75,75,75],"card_choices":[{"not_picked":["Clash","Warcry"],"picked":"Seeing Red","floor":1},{"not_picked":["Intimidate","Sentinel"],"picked":"Iron Wave","floor":2},{"not_picked":["Searing Blow","Flame Barrier"],"picked":"Spot Weakness","floor":4},{"not_picked":["Infernal Blade","Havoc"],"picked":"Armaments","floor":5},{"not_picked":["Inflame","Disarm"],"picked":"Battle Trance","floor":10},{"not_picked":["Iron Wave","Body Slam","Inflame"],"picked":"SKIP","floor":11},{"not_picked":["Sword Boomerang","Anger","Cleave"],"picked":"SKIP","floor":12},{"not_picked":["Evolve","Perfected Strike"],"picked":"Dual Wield","floor":14},{"not_picked":["Demon Form","Brutality"],"picked":"Immolate","floor":16},{"not_picked":["Perfected Strike","Havoc"],"picked":"Shrug It Off+1","floor":18},{"not_picked":["Fire Breathing","Rage"],"picked":"Headbutt","floor":19},{"not_picked":["Shrug It Off","Pommel Strike"],"picked":"True Grit+1","floor":20},{"not_picked":["Headbutt","Flame Barrier","Havoc"],"picked":"SKIP","floor":24},{"not_picked":["True Grit","Pommel Strike","Rage"],"picked":"SKIP","floor":27},{"not_picked":["Flex","Perfected Strike","True Grit"],"picked":"SKIP","floor":29},{"not_picked":["Clothesline","Searing Blow","Havoc+1"],"picked":"SKIP","floor":30}],"player_experience":715850,"relics_obtained":[{"floor":9,"key":"War Paint"},{"floor":10,"key":"Boot"},{"floor":14,"key":"Omamori"},{"floor":21,"key":"Necronomicon"},{"floor":24,"key":"The Courier"},{"floor":26,"key":"Letter Opener"}],"event_choices":[{"cards_removed":["Strike_R"],"damage_healed":0,"gold_gain":0,"player_choice":"Purged","damage_taken":0,"max_hp_gain":0,"max_hp_loss":0,"event_name":"Purifier","floor":3,"gold_loss":0},{"damage_healed":5,"gold_gain":0,"player_choice":"Full Heal","damage_taken":0,"max_hp_gain":0,"max_hp_loss":0,"event_name":"Wheel of Change","floor":7,"gold_loss":0},{"damage_healed":18,"gold_gain":0,"player_choice":"Healed","damage_taken":0,"max_hp_gain":0,"max_hp_loss":0,"event_name":"The Cleric","floor":13,"gold_loss":35},{"damage_healed":0,"gold_gain":0,"player_choice":"Obtained Book","damage_taken":21,"max_hp_gain":0,"max_hp_loss":0,"event_name":"Cursed Tome","floor":21,"gold_loss":0},{"damage_healed":0,"gold_gain":0,"player_choice":"Ignored","damage_taken":0,"max_hp_gain":0,"max_hp_loss":0,"event_name":"Ghosts","floor":22,"gold_loss":0}],"is_beta":false,"boss_relics":[{"not_picked":["Coffee Dripper","Runic Cube"],"picked":"Ectoplasm"}],"items_purged_floors":[],"is_endless":false,"potions_floor_spawned":[4,10,11,14,18,27,30],"killed_by":"Champ","ascension_level":20}