{"gold_per_floor":[111,129,147,166,185,185,198,198,266,266,301,301,321,339,339,417,417,427,440,440,2,2,2,33,33,33,44,44,44],"floor_reached":29,"playtime":1340,"items_purged":[],"score":594,"play_id":"474af021-ad52-46da-a9ab-af72896bd836","local_time":"20190408144710","is_ascension_mode":true,"campfire_choices":[{"data":"Neutralize","floor":6,"key":"SMITH"},{"data":"All Out Attack","floor":8,"key":"SMITH"},{"data":"Cloak And Dagger","floor":10,"key":"SMITH"},{"floor":15,"key":"REST"},{"floor":23,"key":"REST"},{"floor":25,"key":"REST"}],"neow_cost":"NONE","seed_source_timestamp":885707351717513,"circlet_count":0,"master_deck":["AscendersBane","Defend_G","Defend_G","Defend_G","Defend_G","Defend_G","Strike_G","Strike_G","Survivor","Neutralize+1","All Out Attack+1","Cloak And Dagger+1","Well Laid Plans","Backflip","Escape Plan","Caltrops","Poisoned Stab","Deadly Poison","Storm of Steel","Dash+1","Riddle With Holes+1","Phantasmal Killer+1","Accuracy","Pain"],"relics":["Ring of the Snake","NeowsBlessing","Kunai","Gremlin Horn","Astrolabe","MutagenicStrength","Paper Crane","Anchor","WarpedTongs","Thread and Needle","Pear"],"potions_floor_usage":[5,11,24],"damage_taken":[{"damage":0,"enemies":"Cultist","floor":1,"turns":1},{"damage":0,"enemies":"Small Slimes","floor":2,"turns":1},{"damage":0,"enemies":"Jaw Worm","floor":3,"turns":1},{"damage":0,"enemies":"Blue Slaver","floor":4,"turns":7},{"damage":0,"enemies":"Red Slaver","floor":5,"turns":3},{"damage":11,"enemies":"Gremlin Gang","floor":7,"turns":4},{"damage":32,"enemies":"Gremlin Nob","floor":11,"turns":6},{"damage":0,"enemies":"Blue Slaver","floor":13,"turns":4},{"damage":0,"enemies":"Red Slaver","floor":14,"turns":3},{"damage":0,"enemies":"The Guardian","floor":16,"turns":12},{"damage":13,"enemies":"3 Byrds","floor":18,"turns":6},{"damage":17,"enemies":"2 Thieves","floor":19,"turns":5},{"damage":32,"enemies":"Book of Stabbing","floor":24,"turns":6},{"damage":30,"enemies":"Snecko","floor":27,"turns":9},{"damage":14,"enemies":"3 Cultists","floor":29,"turns":3}],"seed_played":"5949048450803971715","potions_obtained":[{"floor":1,"key":"Fire Potion"},{"floor":4,"key":"EssenceOfSteel"},{"floor":7,"key":"GhostInAJar"},{"floor":14,"key":"Dexterity Potion"}],"is_trial":false,"path_per_floor":["M","M","M","M","M","R","M","R","T","R","E","?","M","M","R","B",null,"M","M","?","$","?","R","E","R","T","M","$","M"],"character_chosen":"THE_SILENT","items_purchased":["Paper Crane","Anchor"],"campfire_rested":3,"item_purchase_floors":[21,21],"current_hp_per_floor":[59,59,59,59,59,59,48,48,48,48,16,16,16,16,35,35,58,45,28,28,28,28,47,15,34,44,14,14,0],"gold":44,"neow_bonus":"THREE_ENEMY_KILL","is_prod":false,"is_daily":false,"chose_seed":false,"campfire_upgraded":3,"win_rate":0,"timestamp":1554702430,"path_taken":["M","M","?","M","M","R","M","R","T","R","E","?","M","M","R","BOSS","M","M","?","$","?","R","E","R","T","?","$","M"],"build_version":"2019-01-23","purchased_purges":0,"victory":false,"max_hp_per_floor":[66,66,66,66,66,66,66,66,66,66,66,66,66,66,66,66,66,66,66,66,66,66,66,66,66,76,76,76,76],"card_choices":[{"not_picked":["Backflip","Outmaneuver"],"picked":"All Out Attack","floor":1},{"not_picked":["Bane","Dodge and Roll"],"picked":"Cloak And Dagger","floor":2},{"not_picked":["Flying Knee","Dash"],"picked":"Well Laid Plans","floor":3},{"not_picked":["Masterful Stab","Outmaneuver","Underhanded Strike"],"picked":"SKIP","floor":4},{"not_picked":["Dagger Spray","Underhanded Strike"],"picked":"Backflip","floor":5},{"not_picked":["Concentrate","Slice"],"picked":"Escape Plan","floor":7},{"not_picked":["Tools of the Trade","Backstab"],"picked":"Caltrops","floor":11},{"not_picked":["Escape Plan","Accuracy"],"picked":"Poisoned Stab","floor":13},{"not_picked":["Blade Dance","Backstab"],"picked":"Deadly Poison","floor":14},{"not_picked":["Die Die Die","Envenom"],"picked":"Storm of Steel","floor":16},{"not_picked":["Caltrops","Flying Knee","Riddle With Holes"],"picked":"SKIP","floor":18},{"not_picked":["Well Laid Plans+1","Slice"],"picked":"Accuracy","floor":19},{"not_picked":["Sucker Punch+1","Deadly Poison","Underhanded Strike"],"picked":"SKIP","floor":24},{"not_picked":["Finisher","Acrobatics+1","Backflip"],"picked":"SKIP","floor":27}],"player_experience":861656,"relics_obtained":[{"floor":9,"key":"Kunai"},{"floor":11,"key":"Gremlin Horn"},{"floor":24,"key":"Thread and Needle"},{"floor":26,"key":"Pear"}],"event_choices":[{"damage_healed":0,"gold_gain":0,"player_choice":"Fled","damage_taken":0,"max_hp_gain":0,"max_hp_loss":0,"event_name":"Scrap Ooze","floor":12,"gold_loss":0},{"damage_healed":0,"gold_gain":0,"player_choice":"Inject Mutagens","damage_taken":0,"relics_obtained":["MutagenicStrength"],"max_hp_gain":0,"max_hp_loss":0,"event_name":"Drug Dealer","floor":20,"gold_loss":0},{"damage_healed":0,"gold_gain":0,"player_choice":"Rummage","damage_taken":0,"relics_obtained":["WarpedTongs"],"max_hp_gain":0,"max_hp_loss":0,"event_name":"Accursed Blacksmith","floor":22,"gold_loss":0,"cards_obtained":["Pain"]}],"is_beta":false,"boss_relics":[{"not_picked":["Ectoplasm","White Beast Statue"],"picked":"Astrolabe"}],"items_purged_floors":[],"is_endless":false,"potions_floor_spawned":[1,4,7,14],"killed_by":"3 Cultists","ascension_level":20}