{"gold_per_floor":[109,126,26,41,55,55,88,88,88,101,176,176,176,186,186,288,288,304,304,304,151,251,307,307,334,406,406,331,331,331,348,348,348],"floor_reached":33,"playtime":1532,"items_purged":["Strike_G","Parasite"],"score":309,"play_id":"1370964d-20c4-434c-8452-ca8c9b3c3433","local_time":"20190220235604","is_ascension_mode":true,"campfire_choices":[{"data":"Blade Dance","floor":6,"key":"SMITH"},{"data":"Cloak And Dagger","floor":8,"key":"SMITH"},{"data":"Accuracy","floor":15,"key":"SMITH"},{"floor":24,"key":"REST"},{"data":"Neutralize","floor":27,"key":"SMITH"},{"data":"Adrenaline","floor":30,"key":"SMITH"},{"floor":32,"key":"REST"}],"neow_cost":"NONE","seed_source_timestamp":30507756197565,"circlet_count":0,"master_deck":["Defend_G","Defend_G","Defend_G","Defend_G","Strike_G","Strike_G","Strike_G","Survivor","Neutralize+1","Blade Dance+1","Quick Slash","Accuracy+1","Cloak And Dagger+1","Prepared","Finisher","Adrenaline+1","Backflip+1","Skewer","Blade Dance","Heel Hook","Cloak And Dagger+1","Shame","Regret","Cloak And Dagger+1","PiercingWail+1"],"relics":["Ring of the Snake","Orichalcum","Pear","Letter Opener","Cursed Key","MutagenicStrength","Prayer Wheel","Singing Bowl","Tiny Chest","PreservedInsect","Molten Egg 2","Bottled Lightning"],"potions_floor_usage":[7,18,22,33],"damage_taken":[{"damage":1,"enemies":"2 Louse","floor":1,"turns":3},{"damage":1,"enemies":"Jaw Worm","floor":2,"turns":5},{"damage":0,"enemies":"Cultist","floor":4,"turns":3},{"damage":3,"enemies":"Blue Slaver","floor":5,"turns":5},{"damage":14,"enemies":"3 Sentries","floor":7,"turns":7},{"damage":5,"enemies":"Looter","floor":10,"turns":3},{"damage":0,"enemies":"3 Louse","floor":14,"turns":3},{"damage":37,"enemies":"Slime Boss","floor":16,"turns":13},{"damage":10,"enemies":"Spheric Guardian","floor":18,"turns":4},{"damage":0,"enemies":"Colosseum Slavers","floor":22,"turns":2},{"damage":7,"enemies":"Colosseum Nobs","floor":22,"turns":3},{"damage":25,"enemies":"Book of Stabbing","floor":23,"turns":4},{"damage":16,"enemies":"Gremlin Leader","floor":25,"turns":5},{"damage":3,"enemies":"3 Byrds","floor":31,"turns":3},{"damage":71,"enemies":"Champ","floor":33,"turns":9}],"seed_played":"626122796647959973","potions_obtained":[{"floor":2,"key":"GamblersBrew"},{"floor":4,"key":"Poison Potion"},{"floor":16,"key":"Block Potion"},{"floor":18,"key":"AttackPotion"},{"floor":25,"key":"AttackPotion"}],"is_trial":false,"path_per_floor":["M","M","$","M","M","R","E","R","T","M","?","?","?","M","R","B",null,"M","?","?","$","?","E","R","E","T","R","?","T","R","M","R","B"],"character_chosen":"THE_SILENT","items_purchased":["Quick Slash","Blade Dance"],"campfire_rested":2,"item_purchase_floors":[3,21],"current_hp_per_floor":[69,68,68,68,65,65,51,51,61,56,45,65,65,65,65,28,80,70,70,70,70,63,38,61,47,47,47,47,47,47,44,67,0],"gold":348,"neow_bonus":"REMOVE_CARD","is_prod":false,"is_daily":false,"chose_seed":false,"campfire_upgraded":5,"win_rate":0,"timestamp":1550678164,"path_taken":["M","M","$","M","M","R","E","R","T","M","?","?","?","M","R","BOSS","M","?","?","$","?","E","R","E","T","R","?","?","R","?","R","BOSS"],"build_version":"2019-01-23","purchased_purges":2,"victory":false,"max_hp_per_floor":[70,70,70,70,70,70,70,70,80,80,80,80,80,80,80,80,80,80,80,80,77,77,77,77,79,79,79,79,79,79,79,79,79],"card_choices":[{"not_picked":["Dagger Throw","Catalyst"],"picked":"Blade Dance","floor":1},{"not_picked":["Prepared","Blur","Endless Agony"],"picked":"SKIP","floor":2},{"not_picked":["Acrobatics","Dagger Throw"],"picked":"Accuracy","floor":4},{"not_picked":["Footwork","Catalyst","Prepared"],"picked":"SKIP","floor":5},{"not_picked":["Bouncing Flask","Accuracy"],"picked":"Cloak And Dagger","floor":7},{"not_picked":["Backflip","Riddle With Holes"],"picked":"Prepared","floor":10},{"not_picked":["Bouncing Flask","Underhanded Strike"],"picked":"Finisher","floor":14},{"not_picked":["Unload","Grand Finale"],"picked":"Adrenaline","floor":16},{"not_picked":["Terror","Quick Slash"],"picked":"Backflip+1","floor":18},{"not_picked":["Catalyst","Flying Knee"],"picked":"Heel Hook","floor":22},{"not_picked":["Outmaneuver","Flechettes"],"picked":"Cloak And Dagger+1","floor":23},{"not_picked":["Deflect","Choke","Die Die Die"],"picked":"Singing Bowl","floor":25},{"not_picked":["Masterful Stab+1","Dagger Spray+1"],"picked":"Cloak And Dagger+1","floor":31},{"not_picked":["Caltrops+1","Acrobatics"],"picked":"PiercingWail+1","floor":31}],"player_experience":407440,"relics_obtained":[{"floor":7,"key":"Orichalcum"},{"floor":9,"key":"Pear"},{"floor":22,"key":"Prayer Wheel"},{"floor":22,"key":"Singing Bowl"},{"floor":23,"key":"Tiny Chest"},{"floor":25,"key":"PreservedInsect"},{"floor":26,"key":"Molten Egg 2"},{"floor":29,"key":"Bottled Lightning"}],"event_choices":[{"damage_healed":0,"gold_gain":75,"player_choice":"Gather Gold","damage_taken":11,"max_hp_gain":0,"max_hp_loss":0,"event_name":"World of Goop","floor":11,"gold_loss":0},{"damage_healed":20,"gold_gain":0,"player_choice":"Healed and dodged fight","damage_taken":0,"max_hp_gain":0,"max_hp_loss":0,"event_name":"Mushrooms","floor":12,"gold_loss":0,"cards_obtained":["Parasite"]},{"damage_healed":0,"gold_gain":0,"player_choice":"Gave Potion","damage_taken":0,"relics_obtained":["Letter Opener"],"max_hp_gain":0,"max_hp_loss":0,"event_name":"WeMeetAgain","floor":13,"gold_loss":0},{"damage_healed":0,"gold_gain":0,"player_choice":"Read","damage_taken":0,"max_hp_gain":0,"max_hp_loss":0,"event_name":"The Library","floor":19,"gold_loss":0,"cards_obtained":["Skewer"]},{"damage_healed":0,"gold_gain":0,"player_choice":"Inject Mutagens","damage_taken":0,"relics_obtained":["MutagenicStrength"],"max_hp_gain":0,"max_hp_loss":0,"event_name":"Drug Dealer","floor":20,"gold_loss":0},{"damage_healed":0,"gold_gain":0,"player_choice":"Fight","damage_taken":0,"max_hp_gain":0,"max_hp_loss":0,"event_name":"Colosseum","floor":22,"gold_loss":0},{"damage_healed":0,"gold_gain":0,"player_choice":"Fought Nobs","damage_taken":0,"max_hp_gain":0,"max_hp_loss":0,"event_name":"Colosseum","floor":22,"gold_loss":0},{"cards_removed":["Defend_G"],"damage_healed":0,"gold_gain":0,"player_choice":"Gave Gold","damage_taken":0,"max_hp_gain":0,"max_hp_loss":0,"event_name":"Beggar","floor":28,"gold_loss":75}],"is_beta":false,"boss_relics":[{"not_picked":["Lizard Tail","Runic Pyramid"],"picked":"Cursed Key"}],"items_purged_floors":[3,21],"is_endless":false,"potions_floor_spawned":[2,4,16,18,22,25],"killed_by":"Champ","ascension_level":2}