{"gold_per_floor":[368,12,12,29,29,29,29,47,47,60,74,74,39,73,73,145,145,161,161,6,6,24,24,50,81,81,94,94,144,144,159,159,234,234,247,264,280,295,395,395],"floor_reached":40,"playtime":2826,"items_purged":["Strike_G"],"score":912,"play_id":"8b085d09-ab2b-4086-a266-bbc12dd985ab","local_time":"20190421203438","is_ascension_mode":true,"campfire_choices":[{"data":"Apotheosis","floor":6,"key":"SMITH"},{"floor":12,"key":"REST"},{"data":"Prepared","floor":15,"key":"SMITH"},{"floor":23,"key":"REST"},{"floor":28,"key":"REST"},{"floor":32,"key":"REST"}],"neow_cost":"TEN_PERCENT_HP_LOSS","seed_source_timestamp":214821141715694,"circlet_count":0,"master_deck":["AscendersBane","Defend_G","Defend_G","Defend_G","Defend_G","Defend_G","Strike_G","Strike_G","Strike_G","Survivor","Neutralize","Prepared+1","Apotheosis+1","Poisoned Stab","Deadly Poison","Cloak And Dagger","Crippling Poison","Terror","Dagger Throw","Malaise","Footwork","Blind","Flying Knee","Caltrops","PiercingWail","Dagger Spray","Die Die Die","Night Terror","Escape Plan+1","Concentrate+1"],"relics":["Ring of the Snake","Ninja Scroll","Incense Burner","Mercury Hourglass","Runic Pyramid","Ancient Tea Set","Red Mask","Sundial","Sozu","Peace Pipe"],"potions_floor_usage":[18,33],"damage_taken":[{"damage":4,"enemies":"2 Louse","floor":1,"turns":4},{"damage":2,"enemies":"Small Slimes","floor":4,"turns":4},{"damage":0,"enemies":"Jaw Worm","floor":8,"turns":3},{"damage":0,"enemies":"2 Fungi Beasts","floor":10,"turns":2},{"damage":0,"enemies":"Blue Slaver","floor":11,"turns":3},{"damage":1,"enemies":"Lagavulin","floor":14,"turns":4},{"damage":6,"enemies":"Slime Boss","floor":16,"turns":8},{"damage":8,"enemies":"2 Thieves","floor":18,"turns":3},{"damage":8,"enemies":"3 Byrds","floor":22,"turns":7},{"damage":15,"enemies":"Gremlin Leader","floor":24,"turns":6},{"damage":14,"enemies":"Masked Bandits","floor":25,"turns":5},{"damage":7,"enemies":"Shelled Parasite and Fungi","floor":27,"turns":7},{"damage":1,"enemies":"Centurion and Healer","floor":31,"turns":7},{"damage":0,"enemies":"Automaton","floor":33,"turns":12},{"damage":2,"enemies":"3 Darklings","floor":35,"turns":5},{"damage":9,"enemies":"Orb Walker","floor":36,"turns":4},{"damage":8,"enemies":"Writhing Mass","floor":37,"turns":9},{"damage":0,"enemies":"Maw","floor":38,"turns":8},{"damage":0,"enemies":"Mind Bloom Boss Battle","floor":39,"turns":8},{"damage":48,"enemies":"Giant Head","floor":40,"turns":7}],"seed_played":"-3308789653663145560","potions_obtained":[{"floor":8,"key":"Explosive Potion"},{"floor":10,"key":"PowerPotion"},{"floor":22,"key":"Weak Potion"}],"is_trial":false,"path_per_floor":["M","$","?","M","?","R","?","M","T","M","M","R","?","E","R","B",null,"M","?","$","?","M","R","E","?","T","M","R","?","?","M","R","B",null,"M","M","M","M","?","E"],"character_chosen":"THE_SILENT","items_purchased":["Apotheosis","Poisoned Stab","Deadly Poison","Blind","Flying Knee"],"campfire_rested":4,"item_purchase_floors":[2,2,2,20,20],"current_hp_per_floor":[55,55,48,46,35,35,35,35,35,35,35,53,60,59,59,53,58,50,50,50,41,33,51,36,22,22,15,33,33,33,32,50,50,58,56,47,39,39,39,0],"gold":395,"neow_bonus":"TWO_FIFTY_GOLD","is_prod":false,"is_daily":false,"chose_seed":false,"campfire_upgraded":2,"win_rate":0,"timestamp":1555846478,"path_taken":["M","$","?","M","?","R","?","M","T","M","?","R","?","E","R","BOSS","M","?","$","?","?","R","E","?","T","M","R","?","?","M","R","BOSS","M","M","M","M","?","E"],"build_version":"2019-01-23","purchased_purges":1,"victory":false,"max_hp_per_floor":[60,60,60,60,60,60,60,60,60,60,60,60,60,60,60,60,60,60,60,60,60,60,60,60,60,60,60,60,60,60,60,60,60,60,60,60,60,60,60,60],"card_choices":[{"not_picked":["Blade Dance","Dodge and Roll"],"picked":"Prepared","floor":1},{"not_picked":["Bane","Acrobatics"],"picked":"Cloak And Dagger","floor":4},{"not_picked":["Setup","Distraction","Tactician"],"picked":"SKIP","floor":8},{"not_picked":["Calculated Gamble","Leg Sweep"],"picked":"Crippling Poison","floor":10},{"not_picked":["Calculated Gamble","Flying Knee"],"picked":"Terror","floor":11},{"not_picked":["Backstab","Grand Finale"],"picked":"Dagger Throw","floor":14},{"not_picked":["Glass Knife","Phantasmal Killer"],"picked":"Malaise","floor":16},{"not_picked":["Bouncing Flask","Blade Dance","Quick Slash"],"picked":"SKIP","floor":18},{"not_picked":["Catalyst","Dagger Throw"],"picked":"Caltrops","floor":22},{"not_picked":["Terror+1","Expertise"],"picked":"PiercingWail","floor":24},{"not_picked":["Sucker Punch","Deadly Poison+1"],"picked":"Dagger Spray","floor":27},{"not_picked":["Bouncing Flask","Blur"],"picked":"Die Die Die","floor":31},{"not_picked":["Storm of Steel","A Thousand Cuts"],"picked":"Night Terror","floor":33},{"not_picked":["Flying Knee+1","Slice","Infinite Blades"],"picked":"SKIP","floor":35},{"not_picked":["Underhanded Strike","Poisoned Stab+1","Backstab+1"],"picked":"SKIP","floor":36},{"not_picked":["Accuracy","Slice","Bane"],"picked":"SKIP","floor":37},{"not_picked":["Dodge and Roll","Deflect"],"picked":"Escape Plan+1","floor":38},{"not_picked":["Skewer","Cloak And Dagger"],"picked":"Concentrate+1","floor":39}],"player_experience":1023551,"relics_obtained":[{"floor":9,"key":"Incense Burner"},{"floor":14,"key":"Mercury Hourglass"},{"floor":24,"key":"Ancient Tea Set"},{"floor":25,"key":"Red Mask"},{"floor":26,"key":"Sundial"},{"floor":39,"key":"Peace Pipe"}],"event_choices":[{"cards_removed":["Strike_G"],"damage_healed":0,"gold_gain":0,"player_choice":"Card Removal","damage_taken":7,"max_hp_gain":0,"max_hp_loss":0,"event_name":"Golden Wing","floor":3,"gold_loss":0},{"damage_healed":0,"gold_gain":0,"player_choice":"Success","damage_taken":11,"relics_obtained":["Ninja Scroll"],"max_hp_gain":0,"max_hp_loss":0,"event_name":"Scrap Ooze","floor":5,"gold_loss":0},{"damage_healed":0,"gold_gain":0,"player_choice":"Ignored","damage_taken":0,"max_hp_gain":0,"max_hp_loss":0,"event_name":"Liars Game","floor":7,"gold_loss":0},{"damage_healed":15,"gold_gain":0,"player_choice":"Healed","damage_taken":0,"max_hp_gain":0,"max_hp_loss":0,"event_name":"The Cleric","floor":13,"gold_loss":35},{"damage_healed":0,"gold_gain":0,"player_choice":"Read","damage_taken":0,"max_hp_gain":0,"max_hp_loss":0,"event_name":"The Library","floor":19,"gold_loss":0,"cards_obtained":["Footwork"]},{"damage_healed":0,"gold_gain":0,"player_choice":"Damaged","damage_taken":9,"max_hp_gain":0,"max_hp_loss":0,"event_name":"Wheel of Change","floor":21,"gold_loss":0},{"damage_healed":0,"gold_gain":0,"player_choice":"Fought Bandits","damage_taken":0,"max_hp_gain":0,"max_hp_loss":0,"event_name":"Masked Bandits","floor":25,"gold_loss":0},{"damage_healed":0,"gold_gain":50,"player_choice":"Stole From Cult","damage_taken":0,"max_hp_gain":0,"max_hp_loss":0,"event_name":"Nest","floor":29,"gold_loss":0},{"damage_healed":0,"gold_gain":0,"player_choice":"Ignored","damage_taken":0,"max_hp_gain":0,"max_hp_loss":0,"event_name":"The Mausoleum","floor":30,"gold_loss":0},{"damage_healed":0,"gold_gain":0,"player_choice":"Fight","damage_taken":0,"max_hp_gain":0,"max_hp_loss":0,"event_name":"MindBloom","floor":39,"gold_loss":0}],"is_beta":false,"boss_relics":[{"not_picked":["Calling Bell","Coffee Dripper"],"picked":"Runic Pyramid"},{"not_picked":["White Beast Statue","HoveringKite"],"picked":"Sozu"}],"items_purged_floors":[2],"is_endless":false,"potions_floor_spawned":[8,10,22,25,27,31,35,36,37],"killed_by":"Giant Head","ascension_level":20}