{"gold_per_floor":[214,224,35,46,58,58,88,88,88,88,123,123,136,148,148,226,226,239,69,84,84,99,130,130,130],"floor_reached":25,"playtime":1231,"items_purged":["Strike_B"],"score":466,"play_id":"2b54119e-6b63-45bb-8486-9e9e70d15982","local_time":"20190421120717","is_ascension_mode":true,"campfire_choices":[{"data":"Apotheosis","floor":6,"key":"SMITH"},{"data":"Glacier","floor":10,"key":"SMITH"},{"data":"Hologram","floor":12,"key":"SMITH"},{"data":"Reinforced Body","floor":15,"key":"SMITH"},{"floor":24,"key":"REST"}],"neow_cost":"NONE","seed_source_timestamp":185976295203748,"circlet_count":0,"master_deck":["AscendersBane","Strike_B","Strike_B","Strike_B","Defend_B","Defend_B","Defend_B","Defend_B","Zap","Dualcast","Ball Lightning","Steam","Apotheosis+1","Ball Lightning","Go for the Eyes","Glacier+1","Hologram+1","BootSequence","Reinforced Body+1","Echo Form","Undo","Blind","Sunder"],"relics":["Cracked Core","DataDisk","Symbiotic Virus","Omamori","Emotion Chip","Cursed Key","Nilry\u0027s Codex","PreservedInsect"],"potions_floor_usage":[11,14,22,25],"damage_taken":[{"damage":4,"enemies":"Small Slimes","floor":1,"turns":3},{"damage":1,"enemies":"Cultist","floor":2,"turns":3},{"damage":9,"enemies":"Jaw Worm","floor":4,"turns":3},{"damage":9,"enemies":"Exordium Wildlife","floor":5,"turns":4},{"damage":4,"enemies":"Lagavulin","floor":7,"turns":6},{"damage":2,"enemies":"Gremlin Nob","floor":11,"turns":3},{"damage":2,"enemies":"3 Louse","floor":13,"turns":4},{"damage":0,"enemies":"Gremlin Gang","floor":14,"turns":4},{"damage":4,"enemies":"Slime Boss","floor":16,"turns":7},{"damage":6,"enemies":"Shell Parasite","floor":18,"turns":4},{"damage":1,"enemies":"3 Byrds","floor":20,"turns":4},{"damage":4,"enemies":"3 Cultists","floor":22,"turns":3},{"damage":8,"enemies":"Slavers","floor":23,"turns":8},{"damage":43,"enemies":"Gremlin Leader","floor":25,"turns":4}],"seed_played":"8746152657111239511","potions_obtained":[{"floor":4,"key":"Weak Potion"},{"floor":5,"key":"Fire Potion"},{"floor":14,"key":"Energy Potion"},{"floor":16,"key":"Explosive Potion"}],"is_trial":false,"path_per_floor":["M","M","$","M","M","R","E","?","T","R","E","R","M","M","R","B",null,"M","$","M","?","M","E","R","E"],"character_chosen":"DEFECT","items_purchased":["Apotheosis","Blind"],"campfire_rested":1,"item_purchase_floors":[3,19],"current_hp_per_floor":[60,59,59,50,41,41,37,37,37,37,35,35,33,33,33,29,61,55,55,54,33,29,21,42,0],"gold":130,"neow_bonus":"HUNDRED_GOLD","is_prod":false,"is_daily":false,"chose_seed":false,"campfire_upgraded":4,"win_rate":0,"timestamp":1555816037,"path_taken":["M","M","$","M","M","R","E","?","T","R","E","R","M","M","R","BOSS","M","?","M","?","M","E","R","E"],"build_version":"2019-01-23","purchased_purges":1,"victory":false,"max_hp_per_floor":[71,71,71,71,71,71,71,71,71,71,71,71,71,71,71,71,71,71,71,71,71,71,71,71,71],"card_choices":[{"not_picked":["Leap","Double Energy"],"picked":"Ball Lightning","floor":1},{"not_picked":["Compile Driver","Loop"],"picked":"Steam","floor":2},{"not_picked":["Hologram","Auto Shields"],"picked":"Ball Lightning","floor":4},{"not_picked":["Turbo","Hello World"],"picked":"Go for the Eyes","floor":5},{"not_picked":["Streamline","Conserve Battery"],"picked":"Glacier","floor":7},{"not_picked":["Chaos","Multi-Cast"],"picked":"Hologram","floor":11},{"not_picked":["Hologram","Steam"],"picked":"BootSequence","floor":13},{"not_picked":["Hologram","Conserve Battery"],"picked":"Reinforced Body","floor":14},{"not_picked":["Meteor Strike","Machine Learning"],"picked":"Echo Form","floor":16},{"not_picked":["Static Discharge","Turbo"],"picked":"Undo","floor":18},{"not_picked":["Barrage","Consume"],"picked":"Sunder","floor":20},{"not_picked":["Go for the Eyes+1","Gash","Loop"],"picked":"SKIP","floor":22},{"not_picked":["Rebound","Go for the Eyes","Meteor Strike"],"picked":"SKIP","floor":23}],"player_experience":1020451,"relics_obtained":[{"floor":7,"key":"DataDisk"},{"floor":8,"key":"Symbiotic Virus"},{"floor":9,"key":"Omamori"},{"floor":11,"key":"Emotion Chip"},{"floor":21,"key":"Nilry\u0027s Codex"},{"floor":23,"key":"PreservedInsect"}],"event_choices":[{"damage_healed":0,"gold_gain":0,"player_choice":"Relic","damage_taken":0,"max_hp_gain":0,"max_hp_loss":0,"event_name":"Wheel of Change","floor":8,"gold_loss":0},{"damage_healed":0,"gold_gain":0,"player_choice":"Obtained Book","damage_taken":21,"max_hp_gain":0,"max_hp_loss":0,"event_name":"Cursed Tome","floor":21,"gold_loss":0}],"is_beta":false,"boss_relics":[{"not_picked":["Snecko Eye","Busted Crown"],"picked":"Cursed Key"}],"items_purged_floors":[19],"is_endless":false,"potions_floor_spawned":[4,5,14,16,20],"killed_by":"Gremlin Leader","ascension_level":20}