{"gold_per_floor":[112,112,35,50,50,50,50,60,136,155,166,178,178,197,197,296,296,312,312,411,411,426,426,443,443,443,457,11,39,51,86,86,187,187,205,205,205,217,60,60,60],"floor_reached":41,"playtime":3368,"items_purged":[],"score":428,"play_id":"5aa729f8-65db-4b11-9a90-23e229231383","local_time":"20190421154744","is_ascension_mode":false,"campfire_choices":[{"data":"Neutralize","floor":6,"key":"SMITH"},{"data":"Corpse Explosion","floor":13,"key":"SMITH"},{"data":"Noxious Fumes","floor":15,"key":"SMITH"},{"floor":23,"key":"REST"},{"data":"Footwork","floor":25,"key":"SMITH"},{"floor":32,"key":"REST"},{"data":"Dodge and Roll","floor":40,"key":"SMITH"}],"neow_cost":"NONE","seed_source_timestamp":76838151881049,"circlet_count":0,"master_deck":["Defend_G+1","Defend_G+1","Defend_G+1","Defend_G+1","Strike_G+1","Strike_G+1","Strike_G+1","Survivor+1","Neutralize+1","Unload","Backflip+1","Backstab","Corpse Explosion+1","Noxious Fumes+1","Die Die Die","Footwork+1","Backstab","Well Laid Plans","Dodge and Roll+1","Expertise+1","Flechettes+1","Glass Knife+1","Madness","Madness","Backstab+1"],"relics":["Ring of the Snake","Pantograph","Paper Crane","Black Star","Incense Burner","War Paint","Sundial","Centennial Puzzle","Regal Pillow","Red Mask","Astrolabe","Oddly Smooth Stone"],"potions_floor_usage":[16,16,29,33,33,33,41],"damage_taken":[{"damage":0,"enemies":"2 Louse","floor":1,"turns":2},{"damage":0,"enemies":"Cultist","floor":4,"turns":5},{"damage":0,"enemies":"Small Slimes","floor":8,"turns":2},{"damage":0,"enemies":"Blue Slaver","floor":10,"turns":4},{"damage":1,"enemies":"Looter","floor":11,"turns":2},{"damage":2,"enemies":"2 Fungi Beasts","floor":12,"turns":4},{"damage":9,"enemies":"Blue Slaver","floor":14,"turns":3},{"damage":31,"enemies":"Hexaghost","floor":16,"turns":7},{"damage":26,"enemies":"Spheric Guardian","floor":18,"turns":6},{"damage":12,"enemies":"2 Thieves","floor":22,"turns":3},{"damage":8,"enemies":"Centurion and Healer","floor":24,"turns":5},{"damage":11,"enemies":"Snecko","floor":27,"turns":6},{"damage":0,"enemies":"Gremlin Leader","floor":29,"turns":5},{"damage":10,"enemies":"Sentry and Sphere","floor":30,"turns":4},{"damage":2,"enemies":"Masked Bandits","floor":31,"turns":2},{"damage":14,"enemies":"Collector","floor":33,"turns":8},{"damage":9,"enemies":"Orb Walker","floor":35,"turns":4},{"damage":5,"enemies":"3 Shapes","floor":38,"turns":4},{"damage":53,"enemies":"Nemesis","floor":41,"turns":8}],"seed_played":"1067825044536367310","potions_obtained":[{"floor":4,"key":"PowerPotion"},{"floor":12,"key":"Strength Potion"},{"floor":16,"key":"Energy Potion"},{"floor":22,"key":"Strength Potion"},{"floor":27,"key":"Weak Potion"},{"floor":30,"key":"Strength Potion"},{"floor":31,"key":"PowerPotion"},{"floor":35,"key":"LiquidBronze"},{"floor":38,"key":"Block Potion"}],"is_trial":false,"path_per_floor":["M","?","$","M","$","R","?","M","T","M","M","M","R","M","R","B",null,"M","?","?","?","M","R","M","R","T","M","$","E","M","?","R","B",null,"M","?","?","M","$","R","E"],"character_chosen":"THE_SILENT","items_purchased":["Backstab","Well Laid Plans","War Paint","Sundial","Oddly Smooth Stone"],"campfire_rested":2,"item_purchase_floors":[3,28,28,28,39],"current_hp_per_floor":[70,63,63,63,63,63,45,45,45,45,44,42,42,33,33,27,70,44,44,44,44,32,53,45,45,45,34,34,34,24,22,58,56,70,61,52,52,47,47,47,0],"gold":60,"neow_bonus":"ONE_RANDOM_RARE_CARD","is_prod":false,"is_daily":false,"chose_seed":false,"campfire_upgraded":5,"win_rate":0.0,"timestamp":1555876064,"path_taken":["M","?","$","M","?","R","?","M","T","M","M","M","R","M","R","BOSS","M","?","?","?","M","R","M","R","T","M","$","E","M","?","R","BOSS","M","?","?","?","$","R","E"],"build_version":"2019-01-23","purchased_purges":0,"victory":false,"max_hp_per_floor":[70,70,70,70,70,70,70,70,70,70,70,70,70,70,70,70,70,70,70,70,70,70,70,70,70,70,70,70,70,70,70,70,70,70,70,70,70,70,70,70,70],"card_choices":[{"not_picked":["Slice","Eviscerate"],"picked":"Backflip","floor":1},{"not_picked":["Underhanded Strike","Deflect","Heel Hook"],"picked":"SKIP","floor":4},{"not_picked":["Reflex","Heel Hook","Infinite Blades"],"picked":"SKIP","floor":8},{"not_picked":["Sucker Punch","Poisoned Stab"],"picked":"Deadly Poison","floor":10},{"not_picked":["Heel Hook","Reflex"],"picked":"Corpse Explosion","floor":11},{"not_picked":["Deadly Poison","Poisoned Stab","Outmaneuver"],"picked":"SKIP","floor":12},{"not_picked":["Flying Knee","Dodge and Roll"],"picked":"Noxious Fumes","floor":14},{"not_picked":["Bullet Time","Adrenaline"],"picked":"Die Die Die","floor":16},{"not_picked":["Flying Knee","Bouncing Flask","Masterful Stab"],"picked":"SKIP","floor":18},{"not_picked":["Deadly Poison+1","Distraction"],"picked":"Backstab","floor":22},{"not_picked":["Prepared","Deadly Poison","Slice+1"],"picked":"SKIP","floor":24},{"not_picked":["Deadly Poison+1","Blade Dance","Sucker Punch+1"],"picked":"SKIP","floor":27},{"not_picked":["Well Laid Plans","Flechettes+1","Choke"],"picked":"SKIP","floor":29},{"not_picked":["Blade Dance","Quick Slash+1"],"picked":"Dodge and Roll","floor":30},{"not_picked":["Underhanded Strike+1","Leg Sweep+1","PiercingWail+1"],"picked":"SKIP","floor":35},{"not_picked":["Underhanded Strike+1","Sucker Punch+1"],"picked":"Backstab+1","floor":38}],"player_experience":16761,"relics_obtained":[{"floor":9,"key":"Paper Crane"},{"floor":26,"key":"Incense Burner"},{"floor":29,"key":"Centennial Puzzle"},{"floor":29,"key":"Regal Pillow"},{"floor":31,"key":"Red Mask"}],"event_choices":[{"damage_healed":0,"gold_gain":0,"player_choice":"Damaged","damage_taken":7,"max_hp_gain":0,"max_hp_loss":0,"event_name":"Wheel of Change","floor":2,"gold_loss":0},{"damage_healed":0,"gold_gain":0,"player_choice":"Success","damage_taken":18,"relics_obtained":["Pantograph"],"max_hp_gain":0,"max_hp_loss":0,"event_name":"Scrap Ooze","floor":7,"gold_loss":0},{"damage_healed":0,"gold_gain":0,"player_choice":"Read","damage_taken":0,"max_hp_gain":0,"max_hp_loss":0,"event_name":"The Library","floor":19,"gold_loss":0,"cards_obtained":["Footwork"]},{"damage_healed":0,"gold_gain":99,"player_choice":"Stole From Cult","damage_taken":0,"max_hp_gain":0,"max_hp_loss":0,"event_name":"Nest","floor":20,"gold_loss":0},{"damage_healed":0,"gold_gain":0,"player_choice":"Simplicity","damage_taken":0,"max_hp_gain":0,"max_hp_loss":0,"event_name":"Back to Basics","floor":21,"gold_loss":0,"cards_upgraded":["Defend_G","Defend_G","Defend_G","Defend_G","Defend_G","Strike_G","Strike_G","Strike_G","Strike_G","Strike_G"]},{"damage_healed":0,"gold_gain":0,"player_choice":"Fought Bandits","damage_taken":0,"max_hp_gain":0,"max_hp_loss":0,"event_name":"Masked Bandits","floor":31,"gold_loss":0},{"damage_healed":0,"gold_gain":0,"player_choice":"Embrace Madness","damage_taken":9,"max_hp_gain":0,"max_hp_loss":0,"event_name":"Winding Halls","floor":36,"gold_loss":0,"cards_obtained":["Madness","Madness"]},{"cards_removed":["Deadly Poison"],"damage_healed":0,"gold_gain":0,"player_choice":"Purged","damage_taken":0,"max_hp_gain":0,"max_hp_loss":0,"event_name":"Purifier","floor":37,"gold_loss":0}],"is_beta":false,"boss_relics":[{"not_picked":["Runic Dome","Busted Crown"],"picked":"Black Star"},{"not_picked":["Fusion Hammer","HoveringKite"],"picked":"Astrolabe"}],"items_purged_floors":[],"is_endless":false,"potions_floor_spawned":[4,12,16,22,27,30,31,35,38],"killed_by":"Nemesis","ascension_level":0}