{"gold_per_floor":[117,129,129,56,74,74,99,99,99,111,150,178,190,233,245,360,372,398,410,396,479,504,542,554,566,578,605,649,197,197,223,223,323,323,336,336,346,346,9,9,9,9,9,9,23,58,109,22,22,22],"floor_reached":51,"playtime":5194,"items_purged":["Strike_G","Writhe"],"score":909,"play_id":"b41acc39-e2a5-4a1d-b82e-e6134ed2653a","local_time":"20181123145046","is_ascension_mode":true,"campfire_choices":[{"data":"All Out Attack","floor":6.0,"key":"SMITH"},{"data":"Blur","floor":10.0,"key":"SMITH"},{"data":"Backflip","floor":13.0,"key":"SMITH"},{"data":"Escape Plan","floor":15.0,"key":"SMITH"},{"floor":24.0,"key":"REST"},{"data":"Neutralize","floor":30.0,"key":"SMITH"},{"floor":32.0,"key":"REST"},{"data":"Cloak And Dagger","floor":40.0,"key":"SMITH"},{"data":"Phantasmal Killer","floor":42.0,"key":"SMITH"},{"data":"Backstab","floor":44.0,"key":"SMITH"},{"data":"Malaise","floor":49.0,"key":"SMITH"}],"neow_cost":"NONE","seed_source_timestamp":0,"circlet_count":0,"master_deck":["Defend_G","Defend_G","Defend_G","Defend_G","Defend_G","Strike_G","Strike_G","Strike_G","Strike_G","Survivor","Neutralize+1","Crippling Poison+1","All Out Attack+1","Backflip+1","Blur+1","PiercingWail","Escape Plan+1","PiercingWail","Phantasmal Killer+1","Dodge and Roll+1","Neutralize+1","Infinite Blades+1","Accuracy+1","Backstab+1","Sucker Punch+1","Cloak And Dagger+1","Footwork+1","Tools of the Trade+1","Cloak And Dagger+1","Footwork+1","Decay","Malaise+1","Backflip+1","Noxious Fumes+1"],"special_seed":0,"relics":["Ring of the Snake","Matryoshka","PreservedInsect","MawBank","Boot","Ninja Scroll","WristBlade","Centennial Puzzle","Bottled Lightning","Dodecahedron","Frozen Egg 2","Tingsha","Pantograph","Red Mask","Cursed Key","Strawberry","Mercury Hourglass","Omamori","The Specimen"],"potions_floor_usage":[50,50],"damage_taken":[{"damage":0.0,"enemies":"Cultist","floor":1.0,"turns":5.0},{"damage":5.0,"enemies":"Small Slimes","floor":2.0,"turns":5.0},{"damage":1.0,"enemies":"Jaw Worm","floor":5.0,"turns":4.0},{"damage":13.0,"enemies":"Gremlin Nob","floor":7.0,"turns":4.0},{"damage":3.0,"enemies":"3 Sentries","floor":11.0,"turns":4.0},{"damage":0.0,"enemies":"Exordium Wildlife","floor":12.0,"turns":3.0},{"damage":0.0,"enemies":"Gremlin Nob","floor":14.0,"turns":3.0},{"damage":37.0,"enemies":"The Guardian","floor":16.0,"turns":18.0},{"damage":1.0,"enemies":"3 Byrds","floor":18.0,"turns":4.0},{"damage":3.0,"enemies":"2 Thieves","floor":20.0,"turns":5.0},{"damage":7.0,"enemies":"Cultist and Chosen","floor":22.0,"turns":5.0},{"damage":35.0,"enemies":"Book of Stabbing","floor":23.0,"turns":7.0},{"damage":7.0,"enemies":"Colosseum Slavers","floor":25.0,"turns":4.0},{"damage":4.0,"enemies":"Snecko","floor":27.0,"turns":4.0},{"damage":2.0,"enemies":"Slavers","floor":28.0,"turns":5.0},{"damage":3.0,"enemies":"Masked Bandits","floor":31.0,"turns":4.0},{"damage":45.0,"enemies":"Champ","floor":33.0,"turns":13.0},{"damage":1.0,"enemies":"Orb Walker","floor":35.0,"turns":3.0},{"damage":8.0,"enemies":"3 Darklings","floor":37.0,"turns":5.0},{"damage":3.0,"enemies":"Spire Growth","floor":45.0,"turns":5.0},{"damage":0.0,"enemies":"Giant Head","floor":46.0,"turns":6.0},{"damage":8.0,"enemies":"2 Orb Walkers","floor":47.0,"turns":6.0},{"damage":15,"enemies":"Awakened One","floor":50,"turns":13}],"seed_played":"678306245554879980","potions_obtained":[{"floor":5.0,"key":"GamblersBrew"},{"floor":7.0,"key":"Regen Potion"},{"floor":12.0,"key":"SteroidPotion"},{"floor":27.0,"key":"SkillPotion"},{"floor":31.0,"key":"Fire Potion"},{"floor":35.0,"key":"SteroidPotion"},{"floor":47.0,"key":"FairyPotion"}],"is_trial":false,"path_per_floor":["M","M","?","$","M","R","E","?","T","R","E","M","R","E","R","B",null,"M","?","M","T","M","E","R","?","T","M","E","$","R","?","R","B",null,"M","?","M","?","$","R","?","R","T","R","M","E","?","$","R","B",null],"character_chosen":"THE_SILENT","items_purchased":["Backflip","Explosive Potion","Footwork+1","Pantograph","SteroidPotion","Footwork+1","Strawberry","Strength Potion","Noxious Fumes+1","Poison Potion"],"campfire_rested":2,"item_purchase_floors":[4,4,29,29,29,39,39,39,48,48],"current_hp_per_floor":[70,65,65,65,64,64,51,51,51,51,60,60,60,60,60,23,58,57,57,54,54,47,12,33,26,26,22,20,20,20,17,38,18,57,56,56,48,66,73,73,73,73,73,73,70,70,62,62,62,62],"gold":22,"neow_bonus":"UPGRADE_CARD","is_prod":false,"is_daily":false,"chose_seed":false,"campfire_upgraded":9,"win_rate":0,"timestamp":1543006246,"path_taken":["M","?","?","$","M","R","E","?","T","R","E","M","R","E","R","BOSS","M","?","?","?","M","E","R","?","T","M","E","$","R","?","R","BOSS","M","?","M","?","$","R","?","R","T","R","?","E","?","?","R","BOSS"],"build_version":"2018-11-15","purchased_purges":2,"victory":true,"max_hp_per_floor":[70,70,70,70,70,70,70,70,70,70,70,70,70,70,70,70,70,70,70,70,70,70,70,70,70,70,70,70,70,70,70,70,70,70,70,70,70,70,77,77,77,77,77,77,77,77,77,77,77,77],"card_choices":[{"not_picked":["Quick Slash","Slice"],"picked":"Crippling Poison","floor":1.0},{"not_picked":["Flying Knee","Concentrate"],"picked":"All Out Attack","floor":2.0},{"not_picked":["Flying Knee","Acrobatics"],"picked":"Blur","floor":5.0},{"not_picked":["Calculated Gamble","Predator"],"picked":"PiercingWail","floor":7.0},{"not_picked":["Poisoned Stab","Terror"],"picked":"Escape Plan","floor":11.0},{"not_picked":["Quick Slash","Flying Knee"],"picked":"PiercingWail","floor":12.0},{"not_picked":["Acrobatics","Prepared","Doppelganger"],"picked":"SKIP","floor":14.0},{"not_picked":["Die Die Die","Doppelganger"],"picked":"Phantasmal Killer","floor":16.0},{"not_picked":["Poisoned Stab+1","Predator"],"picked":"Dodge and Roll+1","floor":18.0},{"not_picked":["Endless Agony","Reflex+1"],"picked":"Infinite Blades+1","floor":20.0},{"not_picked":["Finisher+1","Bane"],"picked":"Accuracy","floor":22.0},{"not_picked":["Storm of Steel","Deflect"],"picked":"Backstab","floor":23.0},{"not_picked":["Terror","PiercingWail+1"],"picked":"Sucker Punch+1","floor":27.0},{"not_picked":["Concentrate","Wraith Form v2+1"],"picked":"Cloak And Dagger+1","floor":28.0},{"not_picked":["Grand Finale","Bullet Time"],"picked":"Tools of the Trade+1","floor":33.0},{"not_picked":["Dagger Throw","Flying Knee+1"],"picked":"Cloak And Dagger","floor":35.0},{"not_picked":["Flechettes","Bane+1","Slice"],"picked":"SKIP","floor":37.0},{"not_picked":["Expertise","Outmaneuver","Acrobatics+1"],"picked":"SKIP","floor":45.0},{"not_picked":["Skewer","Deadly Poison"],"picked":"Malaise","floor":46.0},{"not_picked":["Backstab","Deadly Poison"],"picked":"Backflip+1","floor":47.0}],"player_experience":249225,"relics_obtained":[{"floor":7.0,"key":"Matryoshka"},{"floor":9.0,"key":"PreservedInsect"},{"floor":9.0,"key":"MawBank"},{"floor":11.0,"key":"Boot"},{"floor":14.0,"key":"Ninja Scroll"},{"floor":21.0,"key":"Centennial Puzzle"},{"floor":21.0,"key":"Bottled Lightning"},{"floor":23.0,"key":"Dodecahedron"},{"floor":26.0,"key":"Frozen Egg 2"},{"floor":28.0,"key":"Tingsha"},{"floor":31.0,"key":"Red Mask"},{"floor":43.0,"key":"Mercury Hourglass"},{"floor":46.0,"key":"Omamori"},{"floor":47.0,"key":"The Specimen"}],"event_choices":[{"damage_healed":0.0,"max_hp_gain":0.0,"max_hp_loss":0.0,"gold_gain":0.0,"event_name":"Living Wall","player_choice":"Grow","floor":3.0,"gold_loss":0.0,"damage_taken":0.0,"cards_upgraded":["Crippling Poison"]},{"damage_healed":0.0,"max_hp_gain":0.0,"max_hp_loss":0.0,"gold_gain":0.0,"event_name":"Scrap Ooze","player_choice":"Fled","floor":8.0,"gold_loss":0.0,"damage_taken":0.0},{"damage_healed":0.0,"max_hp_gain":0.0,"max_hp_loss":0.0,"gold_gain":0.0,"event_name":"Match and Keep!","player_choice":"1 cards matched","floor":19.0,"gold_loss":0.0,"damage_taken":0.0,"cards_obtained":["Neutralize"]},{"damage_healed":0.0,"max_hp_gain":0.0,"max_hp_loss":0.0,"gold_gain":0.0,"event_name":"Colosseum","player_choice":"Fight","floor":25.0,"gold_loss":0.0,"damage_taken":0.0},{"damage_healed":0.0,"max_hp_gain":0.0,"max_hp_loss":0.0,"gold_gain":0.0,"event_name":"Colosseum","player_choice":"Fled From Nobs","floor":25.0,"gold_loss":0.0,"damage_taken":0.0},{"damage_healed":0.0,"max_hp_gain":0.0,"max_hp_loss":0.0,"gold_gain":0.0,"event_name":"Masked Bandits","player_choice":"Fought Bandits","floor":31.0,"gold_loss":0.0,"damage_taken":0.0},{"damage_healed":0.0,"max_hp_gain":0.0,"max_hp_loss":0.0,"gold_gain":0.0,"event_name":"Tomb of Lord Red Mask","player_choice":"Ignored","floor":36.0,"gold_loss":0.0,"damage_taken":0.0},{"damage_healed":18.0,"max_hp_gain":0.0,"max_hp_loss":0.0,"gold_gain":0.0,"event_name":"Winding Halls","player_choice":"Writhe","floor":38.0,"gold_loss":0.0,"damage_taken":0.0,"cards_obtained":["Writhe"]},{"damage_healed":0.0,"max_hp_gain":0.0,"max_hp_loss":0.0,"gold_gain":0.0,"event_name":"Accursed Blacksmith","player_choice":"Forge","floor":41.0,"gold_loss":0.0,"damage_taken":0.0,"cards_upgraded":["Accuracy"]},{"damage_healed":0.0,"max_hp_gain":0.0,"max_hp_loss":0.0,"gold_gain":0.0,"event_name":"Mysterious Sphere","player_choice":"Fight","floor":47.0,"gold_loss":0.0,"damage_taken":0.0}],"is_beta":false,"boss_relics":[{"not_picked":["Eternal Feather","White Beast Statue"],"picked":"WristBlade"},{"not_picked":["Snecko Eye","Empty Cage"],"picked":"Cursed Key"}],"items_purged_floors":[29,39],"is_endless":false,"potions_floor_spawned":[5,7,12,25,27,31,35,47],"ascension_level":5}