{"path_per_floor":["M","M","$","?","$","E","R","E","T","?","M","M","M","M","R","B",null,"M","?","$","M","M","E","R","M","T","R","?","$","M","M","R","B",null,"M","M","M","?","?","R","M","R","T","$","R","$","?","M","R","B"],"character_chosen":"IRONCLAD","items_purchased":["True Grit","Inflame","Vajra","Offering","Orichalcum","Block Potion"],"gold_per_floor":[109,127,2,2,2,29,29,60,134,194,205,220,230,241,241,346,346,361,361,41,54,68,101,101,112,112,112,112,44,55,70,70,172,172,189,202,214,214,214,214,231,231,231,79,79,30,30,48,48,48],"floor_reached":51,"campfire_rested":1,"playtime":3524,"item_purchase_floors":[3,20,20,29,44,46],"current_hp_per_floor":[80,80,80,80,80,80,80,65,65,76,76,76,80,83,83,79,93,77,77,77,79,68,32,32,25,25,54,54,54,58,60,60,29,99,99,96,73,63,63,63,69,69,69,69,69,69,95,99,99,54],"items_purged":["Strike_R","Strike_R"],"gold":48,"score":729,"play_id":"d9ec14c1-aac5-48a4-93df-8f5322c6fcf3","local_time":"20180530211806","is_prod":false,"is_daily":false,"chose_seed":false,"is_ascension_mode":false,"campfire_upgraded":8,"win_rate":0,"timestamp":1527733086,"campfire_choices":[{"data":"Double Tap","floor":7,"key":"SMITH"},{"data":"Offering","floor":15,"key":"SMITH"},{"data":"Heavy Blade","floor":24,"key":"SMITH"},{"floor":27,"key":"REST"},{"data":"True Grit","floor":32,"key":"SMITH"},{"data":"Immolate","floor":40,"key":"SMITH"},{"data":"Barricade","floor":42,"key":"SMITH"},{"data":"Offering","floor":45,"key":"SMITH"},{"data":"Entrench","floor":49,"key":"SMITH"}],"path_taken":["M","M","$","?","$","E","R","E","T","?","M","M","M","M","R","BOSS","M","?","$","M","M","E","R","M","T","R","?","$","?","M","R","BOSS","M","M","M","?","?","R","M","R","T","$","R","?","?","M","R","BOSS"],"build_version":"2018-05-24","seed_source_timestamp":679994308692724,"purchased_purges":2,"victory":true,"master_deck":["Strike_R","Strike_R","Defend_R","Defend_R","Defend_R","Defend_R","Bash","Shockwave+1","Spot Weakness","True Grit+1","Double Tap+1","Offering+1","Heavy Blade+1","Barricade+1","Double Tap","Battle Trance","Inflame","Shrug It Off+1","Shrug It Off","Offering+1","Anger+1","Immolate+1","Heavy Blade+1","Master of Strategy","Panache","Master of Strategy","Shrug It Off+1","Writhe","Entrench+1"],"max_hp_per_floor":[80,80,80,80,80,80,80,80,80,89,89,89,91,93,93,93,93,93,93,93,93,95,95,95,97,97,97,97,97,97,99,99,99,99,99,101,103,103,103,103,103,103,103,103,103,103,103,103,103,103],"relics":["Burning Blood","NeowsBlessing","Lantern","Singing Bowl","Paper Frog","Strawberry","Lizard Tail","Vajra","Bird Faced Urn","Bag of Marbles","Velvet Choker","Ornamental Fan","Orichalcum"],"card_choices":[{"not_picked":["Flex","Shrug It Off"],"picked":"Shockwave","floor":1},{"not_picked":["Warcry","Twin Strike"],"picked":"Spot Weakness","floor":2},{"not_picked":["Blood for Blood","True Grit"],"picked":"Double Tap","floor":6},{"not_picked":["Rupture","Flex"],"picked":"Offering","floor":8},{"not_picked":["Dual Wield","Body Slam","Clothesline"],"picked":"Singing Bowl","floor":10},{"not_picked":["Sword Boomerang","Burning Pact"],"picked":"Heavy Blade","floor":11},{"not_picked":["Sword Boomerang","Whirlwind"],"picked":"Barricade","floor":12},{"not_picked":["Body Slam","Disarm","Rampage"],"picked":"Singing Bowl","floor":13},{"not_picked":["Corruption","Uppercut","Second Wind"],"picked":"Singing Bowl","floor":14},{"not_picked":["Fiend Fire","Barricade"],"picked":"Double Tap","floor":16},{"not_picked":["Twin Strike","Intimidate+1"],"picked":"Battle Trance","floor":18},{"not_picked":["Hemokinesis","Bloodletting"],"picked":"Shrug It Off+1","floor":21},{"not_picked":["Heavy Blade","Flex","Second Wind+1"],"picked":"Singing Bowl","floor":22},{"not_picked":["Dual Wield","Blood for Blood"],"picked":"Shrug It Off","floor":23},{"not_picked":["Metallicize","Ghostly Armor","Perfected Strike"],"picked":"Singing Bowl","floor":25},{"not_picked":["Armaments","Heavy Blade"],"picked":"Anger+1","floor":30},{"not_picked":["Second Wind","Wild Strike+1","Rupture"],"picked":"Singing Bowl","floor":31},{"not_picked":["Demon Form","Fiend Fire"],"picked":"Immolate","floor":33},{"not_picked":["Havoc","Iron Wave"],"picked":"Heavy Blade+1","floor":35},{"not_picked":["Wild Strike","Reckless Charge+1","Heavy Blade"],"picked":"Singing Bowl","floor":36},{"not_picked":["Wild Strike","Thunderclap+1","Combust"],"picked":"Singing Bowl","floor":37},{"not_picked":["Enlightenment","Finesse"],"picked":"Master of Strategy","floor":38},{"not_picked":["Deep Breath","Blind"],"picked":"Panache","floor":38},{"not_picked":["Good Instincts","Jack Of All Trades"],"picked":"Master of Strategy","floor":38},{"not_picked":["Clash+1","Dual Wield"],"picked":"Shrug It Off+1","floor":41},{"not_picked":["Evolve+1","Body Slam+1"],"picked":"Entrench","floor":48}],"player_experience":67691,"potions_floor_usage":[10,13,16,18,21,23,30,30,31,33,50,50],"damage_taken":[{"damage":0,"enemies":"Jaw Worm","floor":1,"turns":1},{"damage":0,"enemies":"Cultist","floor":2,"turns":1},{"damage":0,"enemies":"Lagavulin","floor":6,"turns":2},{"damage":21,"enemies":"3 Sentries","floor":8,"turns":8},{"damage":4,"enemies":"Gremlin Nob","floor":10,"turns":2},{"damage":6,"enemies":"Small Slimes","floor":11,"turns":3},{"damage":6,"enemies":"Looter","floor":12,"turns":3},{"damage":4,"enemies":"Large Slime","floor":13,"turns":2},{"damage":5,"enemies":"2 Fungi Beasts","floor":14,"turns":3},{"damage":10,"enemies":"The Guardian","floor":16,"turns":9},{"damage":22,"enemies":"Shell Parasite","floor":18,"turns":3},{"damage":4,"enemies":"Spheric Guardian","floor":21,"turns":2},{"damage":19,"enemies":"Cultist and Chosen","floor":22,"turns":7},{"damage":42,"enemies":"Gremlin Leader","floor":23,"turns":5},{"damage":17,"enemies":"Snake Plant","floor":25,"turns":3},{"damage":4,"enemies":"Snecko","floor":30,"turns":4},{"damage":17,"enemies":"3 Cultists","floor":31,"turns":4},{"damage":41,"enemies":"Champ","floor":33,"turns":7},{"damage":0,"enemies":"3 Darklings","floor":35,"turns":1},{"damage":11,"enemies":"3 Shapes","floor":36,"turns":3},{"damage":33,"enemies":"Maw","floor":37,"turns":4},{"damage":0,"enemies":"3 Darklings","floor":41,"turns":1},{"damage":4,"enemies":"Sphere and 2 Shapes","floor":48,"turns":3},{"damage":57,"enemies":"Donu and Deca","floor":50,"turns":5}],"relics_obtained":[{"floor":6,"key":"Lantern"},{"floor":8,"key":"Singing Bowl"},{"floor":9,"key":"Paper Frog"},{"floor":10,"key":"Strawberry"},{"floor":23,"key":"Bird Faced Urn"},{"floor":26,"key":"Bag of Marbles"},{"floor":43,"key":"Ornamental Fan"}],"event_choices":[{"event_name":"Upgrade Shrine","player_choice":"Upgraded","floor":4,"damage_taken":0},{"event_name":"Dead Adventurer","player_choice":"Searched \u00271\u0027 times","floor":10,"damage_taken":0},{"event_name":"The Mausoleum","player_choice":"No","floor":19,"damage_taken":0},{"event_name":"The Lab","player_choice":"Got Potions","floor":28,"damage_taken":0},{"event_name":"SensoryStone","player_choice":"Memory 3","floor":38,"damage_taken":0},{"event_name":"Winding Halls","player_choice":"Writhe","floor":47,"damage_taken":0}],"boss_relics":[{"not_picked":["White Beast Statue","Calling Bell"],"picked":"Lizard Tail"},{"not_picked":["Runic Dome","Orrery"],"picked":"Velvet Choker"}],"items_purged_floors":[3,20],"potions_floor_spawned":[1,6,10,12,14,18,21,22,30,35,37],"seed_played":"8153498043619716896","ascension_level":0,"potions_obtained":[{"floor":1,"key":"Ancient Potion"},{"floor":6,"key":"SteroidPotion"},{"floor":10,"key":"SteroidPotion"},{"floor":12,"key":"SkillPotion"},{"floor":14,"key":"Poison Potion"},{"floor":18,"key":"Poison Potion"},{"floor":21,"key":"Ancient Potion"},{"floor":22,"key":"Energy Potion"},{"floor":28,"key":"Block Potion"},{"floor":28,"key":"Energy Potion"},{"floor":30,"key":"BloodPotion"},{"floor":35,"key":"SneckoOil"},{"floor":37,"key":"PowerPotion"}],"is_trial":false}