{"gold_per_floor":[119,44,44,58,68,68,95,110,135,135,135,135,100,121,121,198,198,210,221,11,40,40,40,65,82,82,82],"floor_reached":27,"playtime":1383,"items_purged":["Writhe","Strike_B"],"score":458,"play_id":"c98e28b2-bb53-46a6-9cec-a3b83e082d1f","local_time":"20190413202049","is_ascension_mode":true,"campfire_choices":[{"data":"Zap","floor":6,"key":"SMITH"},{"data":"Consume","floor":10,"key":"SMITH"},{"data":"Hologram","floor":12,"key":"SMITH"},{"data":"Dualcast","floor":15,"key":"SMITH"},{"floor":23,"key":"REST"}],"neow_cost":"CURSE","seed_source_timestamp":1337688264274655,"circlet_count":0,"master_deck":["AscendersBane","Strike_B","Defend_B","Defend_B","Defend_B","Defend_B","Zap+1","Dualcast+1","Chaos","BootSequence","Consume+1","Machine Learning","Cold Snap+1","Hologram+1","Coolheaded","All For One+1","Go for the Eyes","Ball Lightning","White Noise+1","Static Discharge"],"relics":["Cracked Core","Juzu Bracelet","Bronze Scales","Odd Mushroom","Nuclear Battery","Red Mask","Nilry\u0027s Codex","Whetstone","Sundial"],"potions_floor_usage":[7,14,14,16,21,27],"damage_taken":[{"damage":2,"enemies":"Cultist","floor":1,"turns":4},{"damage":2,"enemies":"Jaw Worm","floor":4,"turns":4},{"damage":8,"enemies":"2 Louse","floor":5,"turns":3},{"damage":9,"enemies":"Lagavulin","floor":7,"turns":8},{"damage":1,"enemies":"Blue Slaver","floor":8,"turns":5},{"damage":14,"enemies":"The Mushroom Lair","floor":14,"turns":5},{"damage":33,"enemies":"Slime Boss","floor":16,"turns":14},{"damage":6,"enemies":"Spheric Guardian","floor":18,"turns":6},{"damage":1,"enemies":"Shell Parasite","floor":19,"turns":7},{"damage":2,"enemies":"Masked Bandits","floor":21,"turns":2},{"damage":25,"enemies":"Gremlin Leader","floor":24,"turns":4},{"damage":11,"enemies":"Centurion and Healer","floor":25,"turns":7},{"damage":11,"enemies":"Book of Stabbing","floor":27,"turns":2}],"seed_played":"-1497245868961510974","potions_obtained":[{"floor":4,"key":"Energy Potion"},{"floor":5,"key":"Weak Potion"},{"floor":7,"key":"PowerPotion"},{"floor":14,"key":"Energy Potion"},{"floor":24,"key":"Strength Potion"}],"is_trial":false,"path_per_floor":["M","$","?","M","M","R","E","M","T","R","?","R","?","?","R","B",null,"M","M","$","?","?","R","E","M","T","E"],"character_chosen":"DEFECT","items_purchased":["Ball Lightning","Explosive Potion"],"campfire_rested":1,"item_purchase_floors":[20,20],"current_hp_per_floor":[62,62,62,60,52,52,43,42,42,42,42,42,59,45,45,12,56,50,49,49,47,26,47,22,11,11,0],"gold":82,"neow_bonus":"TRANSFORM_TWO_CARDS","is_prod":false,"is_daily":false,"chose_seed":false,"campfire_upgraded":4,"win_rate":0,"timestamp":1555154449,"path_taken":["M","$","?","M","M","R","E","M","T","R","?","R","?","?","R","BOSS","M","M","$","?","?","R","E","M","T","E"],"build_version":"2019-01-23","purchased_purges":2,"victory":false,"max_hp_per_floor":[71,71,71,71,71,71,71,71,71,71,71,71,71,71,71,71,71,71,71,71,71,71,71,71,71,71,71],"card_choices":[{"not_picked":["Steam","Auto Shields"],"picked":"Consume","floor":1},{"not_picked":["Compile Driver","Skim","Beam Cell"],"picked":"SKIP","floor":4},{"not_picked":["Scrape","Blizzard"],"picked":"Cold Snap","floor":5},{"not_picked":["Tempest","Beam Cell"],"picked":"Hologram","floor":7},{"not_picked":["Redo","Beam Cell","Chaos"],"picked":"SKIP","floor":8},{"not_picked":["Machine Learning","Stack"],"picked":"Coolheaded","floor":14},{"not_picked":["Buffer","Machine Learning"],"picked":"All For One","floor":16},{"not_picked":["Coolheaded","Cold Snap"],"picked":"Go for the Eyes","floor":18},{"not_picked":["Cold Snap","Skim","Hologram"],"picked":"SKIP","floor":19},{"not_picked":["Stack","Redo"],"picked":"White Noise+1","floor":21},{"not_picked":["Coolheaded+1","Ball Lightning"],"picked":"Static Discharge","floor":24},{"not_picked":["Go for the Eyes","Multi-Cast","Steam"],"picked":"SKIP","floor":25}],"player_experience":919934,"relics_obtained":[{"floor":7,"key":"Juzu Bracelet"},{"floor":9,"key":"Bronze Scales"},{"floor":14,"key":"Odd Mushroom"},{"floor":21,"key":"Red Mask"},{"floor":22,"key":"Nilry\u0027s Codex"},{"floor":24,"key":"Whetstone"},{"floor":26,"key":"Sundial"}],"event_choices":[{"damage_healed":0,"gold_gain":0,"player_choice":"1 cards matched","damage_taken":0,"max_hp_gain":0,"max_hp_loss":0,"event_name":"Match and Keep!","floor":3,"gold_loss":0,"cards_obtained":["Machine Learning"]},{"damage_healed":0,"gold_gain":0,"player_choice":"Searched \u00270\u0027 times","damage_taken":0,"max_hp_gain":0,"max_hp_loss":0,"event_name":"Dead Adventurer","floor":11,"gold_loss":0},{"damage_healed":17,"gold_gain":0,"player_choice":"Healed","damage_taken":0,"max_hp_gain":0,"max_hp_loss":0,"event_name":"The Cleric","floor":13,"gold_loss":35},{"damage_healed":0,"gold_gain":0,"player_choice":"Fought Mushrooms","damage_taken":0,"max_hp_gain":0,"max_hp_loss":0,"event_name":"Mushrooms","floor":14,"gold_loss":0},{"damage_healed":0,"gold_gain":0,"player_choice":"Fought Bandits","damage_taken":0,"max_hp_gain":0,"max_hp_loss":0,"event_name":"Masked Bandits","floor":21,"gold_loss":0},{"damage_healed":0,"gold_gain":0,"player_choice":"Obtained Book","damage_taken":21,"max_hp_gain":0,"max_hp_loss":0,"event_name":"Cursed Tome","floor":22,"gold_loss":0}],"is_beta":false,"boss_relics":[{"not_picked":["Pandora\u0027s Box","Black Star"],"picked":"Nuclear Battery"}],"items_purged_floors":[2,20],"is_endless":false,"potions_floor_spawned":[4,5,7,14,24],"killed_by":"Book of Stabbing","ascension_level":20}