{"gold_per_floor":[11,111,17,32,47,47,57,86,136,156,156,156,181,197,197,275,275,275,28,28,28,28,28,28,28,28,28,28,28,28,28,28,28,28,28,28,28,28,28,28,28,0,0,0,0,0,0,0,0,0],"floor_reached":50,"playtime":3337,"items_purged":[],"score":1158,"play_id":"71917c46-6e59-4538-bc03-459e8b731239","local_time":"20190428225856","is_ascension_mode":true,"campfire_choices":[{"data":"Neutralize","floor":6,"key":"SMITH"},{"data":"Poisoned Stab","floor":12,"key":"SMITH"},{"data":"Dagger Spray","floor":15,"key":"SMITH"},{"data":"Adrenaline","floor":23,"key":"SMITH"},{"floor":29,"key":"REST"},{"floor":32,"key":"REST"},{"floor":40,"key":"RECALL"},{"floor":47,"key":"REST"},{"floor":49,"key":"REST"}],"neow_cost":"NO_GOLD","seed_source_timestamp":15364587961200,"circlet_count":0,"master_deck":["AscendersBane","Defend_G","Defend_G","Defend_G","Defend_G","Defend_G","Strike_G","Strike_G","Strike_G","Strike_G","Strike_G","Survivor","Neutralize+1","Dash+1","Noxious Fumes+1","PiercingWail","Poisoned Stab+1","Dagger Throw+1","PiercingWail","Dagger Spray+1","Adrenaline+1","Backflip","Footwork+1","Footwork","Catalyst+1","Backflip","Adrenaline","Deadly Poison","PiercingWail","Noxious Fumes","Calculated Gamble","Dodge and Roll"],"relics":["Ring of the Snake","Peace Pipe","Paper Crane","Whetstone","Centennial Puzzle","Ectoplasm","OrangePellets","Question Card","Vajra","Bottled Lightning","White Beast Statue","Orichalcum","Red Mask","Gambling Chip"],"potions_floor_usage":[8,16,20,27,28,33,38,41,41,46,46,50,50],"damage_taken":[{"damage":6,"enemies":"Cultist","floor":1,"turns":6},{"damage":0,"enemies":"2 Louse","floor":4,"turns":4},{"damage":1,"enemies":"Small Slimes","floor":5,"turns":4},{"damage":1,"enemies":"Looter","floor":7,"turns":4},{"damage":18,"enemies":"3 Sentries","floor":8,"turns":11},{"damage":0,"enemies":"Blue Slaver","floor":10,"turns":4},{"damage":5,"enemies":"Lagavulin","floor":13,"turns":6},{"damage":2,"enemies":"3 Louse","floor":14,"turns":2},{"damage":28,"enemies":"The Guardian","floor":16,"turns":11},{"damage":3,"enemies":"Shell Parasite","floor":18,"turns":5},{"damage":0,"enemies":"3 Byrds","floor":20,"turns":4},{"damage":0,"enemies":"3 Cultists","floor":21,"turns":4},{"damage":0,"enemies":"Snake Plant","floor":27,"turns":4},{"damage":16,"enemies":"Book of Stabbing","floor":28,"turns":5},{"damage":13,"enemies":"Gremlin Leader","floor":30,"turns":8},{"damage":11,"enemies":"Sentry and Sphere","floor":31,"turns":6},{"damage":41,"enemies":"Automaton","floor":33,"turns":13},{"damage":0,"enemies":"Orb Walker","floor":35,"turns":4},{"damage":0,"enemies":"3 Shapes","floor":36,"turns":5},{"damage":11,"enemies":"Sphere and 2 Shapes","floor":37,"turns":5},{"damage":0,"enemies":"Spire Growth","floor":38,"turns":4},{"damage":37,"enemies":"Reptomancer","floor":41,"turns":10},{"damage":7,"enemies":"Transient","floor":45,"turns":6},{"damage":4,"enemies":"Giant Head","floor":46,"turns":8},{"damage":0,"enemies":"Maw","floor":48,"turns":6},{"damage":64,"enemies":"Time Eater","floor":50,"turns":11}],"seed_played":"-4728850652963750809","potions_obtained":[{"floor":1,"key":"Fire Potion"},{"floor":7,"key":"GhostInAJar"},{"floor":10,"key":"Block Potion"},{"floor":14,"key":"Regen Potion"},{"floor":20,"key":"LiquidBronze"},{"floor":27,"key":"Fruit Juice"},{"floor":31,"key":"EssenceOfSteel"},{"floor":33,"key":"Ancient Potion"},{"floor":35,"key":"SkillPotion"},{"floor":36,"key":"Dexterity Potion"},{"floor":37,"key":"Regen Potion"},{"floor":38,"key":"Block Potion"},{"floor":41,"key":"SpeedPotion"},{"floor":45,"key":"Block Potion"},{"floor":46,"key":"Block Potion"},{"floor":48,"key":"Regen Potion"}],"is_trial":false,"path_per_floor":["M","?","$","M","M","R","M","E","T","M","?","R","E","M","R","B",null,"M","$","M","M","$","R","?","?","T","M","E","R","E","M","R","B",null,"M","M","M","M","?","R","E","?","T","?","M","E","R","M","R","B"],"character_chosen":"THE_SILENT","items_purchased":["Noxious Fumes","PiercingWail","Backflip","OrangePellets"],"campfire_rested":4,"item_purchase_floors":[3,3,19,19],"current_hp_per_floor":[53,53,53,53,52,52,51,33,33,33,33,33,28,26,26,13,53,50,50,50,50,50,50,50,50,50,55,39,60,47,36,57,16,57,57,57,46,60,60,60,23,23,23,13,6,2,22,22,42,0],"gold":0,"neow_bonus":"ONE_RARE_RELIC","is_prod":false,"is_daily":false,"chose_seed":false,"campfire_upgraded":4,"win_rate":0,"timestamp":1556459936,"path_taken":["M","?","$","M","M","R","M","E","T","?","?","R","E","M","R","BOSS","M","?","M","M","$","R","?","?","T","M","E","R","E","M","R","BOSS","M","M","M","M","?","R","E","?","T","?","M","E","R","M","R","BOSS"],"build_version":"2019-01-23","purchased_purges":0,"victory":false,"max_hp_per_floor":[66,66,66,66,66,66,66,66,66,66,66,66,66,66,66,66,66,66,66,66,66,66,66,66,66,66,71,71,71,71,71,71,71,71,71,71,71,71,67,67,67,67,67,67,67,67,67,67,67,67],"card_choices":[{"not_picked":["Choke","Flying Knee"],"picked":"Dash","floor":1},{"not_picked":["Terror","Backstab"],"picked":"Poisoned Stab","floor":4},{"not_picked":["Outmaneuver","Endless Agony","Concentrate"],"picked":"SKIP","floor":5},{"not_picked":["Deflect","Distraction"],"picked":"Dagger Throw","floor":7},{"not_picked":["Sucker Punch","Underhanded Strike"],"picked":"PiercingWail","floor":8},{"not_picked":["Sucker Punch","Heel Hook","Flying Knee"],"picked":"SKIP","floor":10},{"not_picked":["Phantasmal Killer","Concentrate","Underhanded Strike"],"picked":"SKIP","floor":13},{"not_picked":["Heel Hook","Acrobatics"],"picked":"Dagger Spray","floor":14},{"not_picked":["Envenom","Grand Finale"],"picked":"Adrenaline","floor":16},{"not_picked":["Poisoned Stab","Quick Slash","Riddle With Holes"],"picked":"SKIP","floor":18},{"not_picked":["Quick Slash","Dagger Spray","Bane"],"picked":"SKIP","floor":20},{"not_picked":["Poisoned Stab","Terror","Flying Knee+1"],"picked":"SKIP","floor":21},{"not_picked":["Choke","Dagger Spray","Calculated Gamble"],"picked":"Footwork+1","floor":27},{"not_picked":["Envenom","Finisher","Cloak And Dagger"],"picked":"Footwork","floor":28},{"not_picked":["Slice","Leg Sweep","Cloak And Dagger"],"picked":"Catalyst+1","floor":30},{"not_picked":["Slice+1","Underhanded Strike","PiercingWail"],"picked":"Backflip","floor":31},{"not_picked":["Glass Knife","After Image","Wraith Form v2"],"picked":"Adrenaline","floor":33},{"not_picked":["Bane","Acrobatics","Bouncing Flask"],"picked":"Deadly Poison","floor":35},{"not_picked":["Dagger Throw","Poisoned Stab","Flying Knee","Heel Hook+1"],"picked":"SKIP","floor":36},{"not_picked":["Concentrate+1","Tactician","Dagger Throw","Dagger Spray"],"picked":"SKIP","floor":37},{"not_picked":["Accuracy","Dagger Throw","Expertise"],"picked":"PiercingWail","floor":38},{"not_picked":["Eviscerate","Glass Knife","Terror"],"picked":"Noxious Fumes","floor":41},{"not_picked":["Cloak And Dagger","Bane","Footwork+1"],"picked":"Calculated Gamble","floor":45},{"not_picked":["Flying Knee+1","Endless Agony","Heel Hook","Flechettes"],"picked":"SKIP","floor":46},{"not_picked":["Quick Slash","Setup","PiercingWail"],"picked":"Dodge and Roll","floor":48}],"player_experience":1135777,"relics_obtained":[{"floor":8,"key":"Paper Crane"},{"floor":9,"key":"Whetstone"},{"floor":13,"key":"Centennial Puzzle"},{"floor":26,"key":"Question Card"},{"floor":28,"key":"Vajra"},{"floor":30,"key":"Bottled Lightning"},{"floor":41,"key":"Orichalcum"},{"floor":46,"key":"Gambling Chip"}],"event_choices":[{"damage_healed":0,"gold_gain":100,"player_choice":"Gold","damage_taken":0,"max_hp_gain":0,"max_hp_loss":0,"event_name":"Wheel of Change","floor":2,"gold_loss":0},{"damage_healed":0,"gold_gain":0,"player_choice":"Upgraded","damage_taken":0,"max_hp_gain":0,"max_hp_loss":0,"event_name":"Upgrade Shrine","floor":11,"gold_loss":0,"cards_upgraded":["Noxious Fumes"]},{"damage_healed":0,"gold_gain":0,"player_choice":"Ignored","damage_taken":0,"max_hp_gain":0,"max_hp_loss":0,"event_name":"Ghosts","floor":25,"gold_loss":0},{"damage_healed":0,"gold_gain":0,"player_choice":"Max HP","damage_taken":0,"max_hp_gain":0,"max_hp_loss":4,"event_name":"Winding Halls","floor":39,"gold_loss":0},{"damage_healed":0,"gold_gain":0,"player_choice":"Paid","damage_taken":0,"relics_obtained":["Red Mask"],"max_hp_gain":0,"max_hp_loss":0,"event_name":"Tomb of Lord Red Mask","floor":42,"gold_loss":28},{"damage_healed":0,"gold_gain":0,"player_choice":"Damaged","damage_taken":10,"max_hp_gain":0,"max_hp_loss":0,"event_name":"Wheel of Change","floor":44,"gold_loss":0}],"is_beta":false,"boss_relics":[{"not_picked":["Philosopher\u0027s Stone","Ring of the Serpent"],"picked":"Ectoplasm"},{"not_picked":["Coffee Dripper","HoveringKite"],"picked":"White Beast Statue"}],"items_purged_floors":[],"is_endless":false,"potions_floor_spawned":[1,7,10,14,20,27,31,33,35,36,37,38,41,45,46,48],"killed_by":"Time Eater","ascension_level":20}