{"gold_per_floor":[111,129,204,215,215,243,243],"floor_reached":7,"playtime":292,"items_purged":[],"score":102,"play_id":"bebbb97d-ee0d-49ca-af7f-36da62064c97","local_time":"20190419223018","is_ascension_mode":true,"campfire_choices":[],"neow_cost":"TEN_PERCENT_HP_LOSS","seed_source_timestamp":0,"circlet_count":0,"master_deck":["AscendersBane","Defend_G","Defend_G","Defend_G","Defend_G","Defend_G","Strike_G","Strike_G","Strike_G","Strike_G","Survivor","Neutralize","Dramatic Entrance","Impatience","Cloak And Dagger","Infinite Blades","Backflip","A Thousand Cuts"],"special_seed":0,"relics":["Ring of the Snake","Omamori"],"potions_floor_usage":[7],"damage_taken":[{"damage":2.0,"enemies":"Jaw Worm","floor":1.0,"turns":5.0},{"damage":5.0,"enemies":"2 Louse","floor":2.0,"turns":3.0},{"damage":0.0,"enemies":"Small Slimes","floor":4.0,"turns":2.0},{"damage":25.0,"enemies":"3 Sentries","floor":6.0,"turns":12.0},{"damage":10,"enemies":"Exordium Thugs","floor":7,"turns":3}],"seed_played":"3876086330270904513","potions_obtained":[{"floor":2.0,"key":"Weak Potion"},{"floor":6.0,"key":"LiquidBronze"}],"is_trial":false,"path_per_floor":["M","M","?","M","?","E","M"],"character_chosen":"THE_SILENT","items_purchased":[],"campfire_rested":0,"item_purchase_floors":[],"current_hp_per_floor":[57,52,41,41,34,9,0],"gold":243,"neow_bonus":"RANDOM_COLORLESS_2","is_prod":false,"is_daily":false,"chose_seed":false,"campfire_upgraded":0,"win_rate":0,"timestamp":1555705818,"path_taken":["M","M","?","M","?","E","M"],"build_version":"2019-01-23","purchased_purges":0,"victory":false,"max_hp_per_floor":[60,60,60,60,60,60,60],"card_choices":[{"not_picked":["Quick Slash","Calculated Gamble"],"picked":"Cloak And Dagger","floor":1.0},{"not_picked":["Blade Dance","Dagger Throw"],"picked":"Infinite Blades","floor":2.0},{"not_picked":["Prepared","Acrobatics"],"picked":"Backflip","floor":4.0},{"not_picked":["Terror","Infinite Blades"],"picked":"A Thousand Cuts","floor":6.0}],"player_experience":569039,"relics_obtained":[{"floor":6.0,"key":"Omamori"}],"event_choices":[{"damage_healed":0.0,"max_hp_gain":0.0,"max_hp_loss":0.0,"gold_gain":75.0,"event_name":"World of Goop","player_choice":"Gather Gold","floor":3.0,"gold_loss":0.0,"damage_taken":11.0},{"cards_removed":["Strike_G"],"damage_healed":0.0,"max_hp_gain":0.0,"max_hp_loss":0.0,"gold_gain":0.0,"event_name":"Golden Wing","player_choice":"Card Removal","floor":5.0,"gold_loss":0.0,"damage_taken":7.0}],"is_beta":false,"boss_relics":[],"items_purged_floors":[],"is_endless":false,"potions_floor_spawned":[2,6],"killed_by":"Exordium Thugs","ascension_level":20}