{"gold_per_floor":[118,193,118,38,52,52,79,79,134,148,175,175,175,191,191,191],"floor_reached":16,"playtime":475,"items_purged":[],"score":216,"play_id":"62594d23-446f-431c-9f47-576f8a1aede8","local_time":"20190324141523","is_ascension_mode":true,"campfire_choices":[{"data":"Uppercut","floor":6,"key":"SMITH"},{"floor":8,"key":"REST"},{"data":"Fiend Fire","floor":12,"key":"SMITH"},{"data":"Bash","floor":15,"key":"SMITH"}],"neow_cost":"CURSE","seed_source_timestamp":473662350006497,"circlet_count":0,"master_deck":["AscendersBane","Strike_R","Strike_R","Strike_R","Strike_R","Strike_R","Defend_R","Defend_R","Defend_R","Defend_R","Bash+1","Fiend Fire+1","Uppercut+1","Dropkick","Ghostly Armor"],"relics":["Burning Blood","Mummified Hand","Tiny Chest","Blood Vial"],"potions_floor_usage":[11],"damage_taken":[{"damage":14,"enemies":"Jaw Worm","floor":1,"turns":4},{"damage":0,"enemies":"2 Louse","floor":5,"turns":3},{"damage":25,"enemies":"Lagavulin","floor":7,"turns":6},{"damage":6,"enemies":"Small Slimes","floor":10,"turns":4},{"damage":40,"enemies":"3 Sentries","floor":11,"turns":10},{"damage":6,"enemies":"Looter","floor":14,"turns":2},{"damage":37,"enemies":"Hexaghost","floor":16,"turns":10}],"seed_played":"3236202922305940710","potions_obtained":[{"floor":5,"key":"Ancient Potion"},{"floor":7,"key":"BloodPotion"}],"is_trial":false,"path_per_floor":["M","?","?","$","M","R","E","R","T","M","E","R","?","M","R","B"],"character_chosen":"IRONCLAD","items_purchased":["Uppercut"],"campfire_rested":1,"item_purchase_floors":[4],"current_hp_per_floor":[60,49,49,49,55,55,36,58,58,58,31,31,31,33,33,0],"gold":191,"neow_bonus":"THREE_RARE_CARDS","is_prod":false,"is_daily":false,"chose_seed":false,"campfire_upgraded":3,"win_rate":0,"timestamp":1553404523,"path_taken":["M","?","?","$","M","R","E","R","T","M","E","R","?","M","R","BOSS"],"build_version":"2019-01-23","purchased_purges":0,"victory":false,"max_hp_per_floor":[75,75,75,75,75,75,75,75,75,75,75,75,75,75,75,75],"card_choices":[{"not_picked":["Limit Break","Brutality"],"picked":"Fiend Fire","floor":0},{"not_picked":["Perfected Strike","Dropkick","Sword Boomerang"],"picked":"SKIP","floor":1},{"not_picked":["Pommel Strike","Flex"],"picked":"Dropkick","floor":5},{"not_picked":["Corruption","Headbutt","Anger"],"picked":"SKIP","floor":7},{"not_picked":["Anger","Blood for Blood","Warcry"],"picked":"SKIP","floor":10},{"not_picked":["Fire Breathing","Twin Strike"],"picked":"Ghostly Armor","floor":11},{"not_picked":["Intimidate","Warcry","Flex"],"picked":"SKIP","floor":14}],"player_experience":784195,"relics_obtained":[{"floor":7,"key":"Mummified Hand"},{"floor":9,"key":"Tiny Chest"},{"floor":11,"key":"Blood Vial"}],"event_choices":[{"damage_healed":0,"gold_gain":75,"player_choice":"Gather Gold","damage_taken":11,"max_hp_gain":0,"max_hp_loss":0,"event_name":"World of Goop","floor":2,"gold_loss":0},{"cards_removed":["Shame"],"damage_healed":0,"gold_gain":0,"player_choice":"Card Removal","damage_taken":0,"max_hp_gain":0,"max_hp_loss":0,"event_name":"The Cleric","floor":3,"gold_loss":75},{"damage_healed":0,"gold_gain":0,"player_choice":"Ignored","damage_taken":0,"max_hp_gain":0,"max_hp_loss":0,"event_name":"Liars Game","floor":13,"gold_loss":0}],"is_beta":false,"boss_relics":[],"items_purged_floors":[],"is_endless":false,"potions_floor_spawned":[5,7,10],"killed_by":"Hexaghost","ascension_level":20}