{"gold_per_floor":[115,190,190,208,224,224,254,274,298,298,298,324,344,375,375,449,449,449,449,449,449,2,2,2,2,2,2,2,2,2,2,2,2,2,2,2,2,2,2,2,2,2,2,2,2,2,2,2,2,2],"floor_reached":51,"playtime":2213,"items_purged":["Strike_R"],"score":1386,"play_id":"53db3347-4525-4993-b753-2f86272e0c3b","local_time":"20190313174328","is_ascension_mode":true,"campfire_choices":[{"data":"Immolate","floor":6.0,"key":"SMITH"},{"floor":11.0,"key":"REST"},{"data":"Shockwave","floor":15.0,"key":"SMITH"},{"floor":24.0,"key":"REST"},{"data":"Flame Barrier","floor":27.0,"key":"SMITH"},{"data":"Impervious","floor":30.0,"key":"SMITH"},{"data":"True Grit","floor":32.0,"key":"SMITH"},{"data":"Double Tap","floor":41.0,"key":"SMITH"},{"data":"Spot Weakness","floor":46.0,"key":"SMITH"},{"floor":49,"key":"REST"}],"neow_cost":"TEN_PERCENT_HP_LOSS","seed_source_timestamp":563059789263507,"circlet_count":0,"master_deck":["AscendersBane","Strike_R","Defend_R","Defend_R+1","Defend_R","Defend_R","Bash","Immolate+1","Flame Barrier+1","Thunderclap+1","Clothesline","Ghostly Armor+1","Shrug It Off+1","True Grit+1","Shockwave+1","Double Tap+1","True Grit+1","Impervious+1","Headbutt","Metallicize","Corruption+1","Spot Weakness+1","Body Slam+1","Bludgeon+1","Corruption+1","Battle Trance+1","Reaper+1","Pommel Strike+1","Evolve","Limit Break","Intimidate+1","Whirlwind+1"],"special_seed":0,"relics":["Burning Blood","CultistMask","Red Skull","Art of War","Centennial Puzzle","Vajra","Ectoplasm","Oddly Smooth Stone","War Paint","Boot","Molten Egg 2","Kunai","Astrolabe","Pen Nib","Lantern","Smiling Mask","Bag of Preparation"],"potions_floor_usage":[50],"damage_taken":[{"damage":2.0,"enemies":"Jaw Worm","floor":1.0,"turns":3.0},{"damage":4.0,"enemies":"Small Slimes","floor":4.0,"turns":3.0},{"damage":1.0,"enemies":"Cultist","floor":5.0,"turns":3.0},{"damage":15.0,"enemies":"3 Sentries","floor":7.0,"turns":4.0},{"damage":0.0,"enemies":"2 Fungi Beasts","floor":8.0,"turns":1.0},{"damage":15.0,"enemies":"Lagavulin","floor":12.0,"turns":4.0},{"damage":0.0,"enemies":"3 Louse","floor":13.0,"turns":1.0},{"damage":10.0,"enemies":"Gremlin Nob","floor":14.0,"turns":4.0},{"damage":44.0,"enemies":"The Guardian","floor":16.0,"turns":13.0},{"damage":24.0,"enemies":"3 Byrds","floor":18.0,"turns":6.0},{"damage":0.0,"enemies":"Chosen","floor":20.0,"turns":5.0},{"damage":14.0,"enemies":"Shelled Parasite and Fungi","floor":21.0,"turns":2.0},{"damage":24.0,"enemies":"Book of Stabbing","floor":23.0,"turns":7.0},{"damage":4.0,"enemies":"Centurion and Healer","floor":28.0,"turns":5.0},{"damage":0.0,"enemies":"3 Cultists","floor":29.0,"turns":2.0},{"damage":49.0,"enemies":"Automaton","floor":33.0,"turns":8.0},{"damage":0.0,"enemies":"3 Darklings","floor":35.0,"turns":1.0},{"damage":11.0,"enemies":"Orb Walker","floor":37.0,"turns":2.0},{"damage":13.0,"enemies":"Transient","floor":39.0,"turns":6.0},{"damage":16.0,"enemies":"Nemesis","floor":40.0,"turns":7.0},{"damage":9.0,"enemies":"4 Shapes","floor":42.0,"turns":4.0},{"damage":21.0,"enemies":"Giant Head","floor":44.0,"turns":7.0},{"damage":5.0,"enemies":"Writhing Mass","floor":45.0,"turns":4.0},{"damage":25,"enemies":"Jaw Worm Horde","floor":47,"turns":4},{"damage":36,"enemies":"Awakened One","floor":50,"turns":8}],"seed_played":"-7077057202824097052","potions_obtained":[{"floor":1.0,"key":"FearPotion"},{"floor":5.0,"key":"SteroidPotion"},{"floor":12.0,"key":"Block Potion"},{"floor":13.0,"key":"Regen Potion"},{"floor":16.0,"key":"SteroidPotion"},{"floor":18.0,"key":"Swift Potion"},{"floor":23.0,"key":"SkillPotion"},{"floor":33.0,"key":"SkillPotion"},{"floor":35.0,"key":"Energy Potion"}],"is_trial":false,"path_per_floor":["M","?","?","M","M","R","E","M","T","?","R","E","M","E","R","B",null,"M","?","M","M","$","E","R","?","T","R","M","M","R","T","R","B",null,"M","?","M","$","M","E","R","M","T","E","M","R","M","$","R","B",null],"character_chosen":"IRONCLAD","items_purchased":["Metallicize","Oddly Smooth Stone","War Paint"],"campfire_rested":3,"item_purchase_floors":[22,22,22],"current_hp_per_floor":[68,68,68,68,68,68,59,65,65,45,65,56,62,58,58,20,56,53,53,59,51,51,33,53,53,53,53,55,61,61,61,61,18,56,62,62,57,57,63,66,66,68,68,53,64,64,57,57,68,68],"gold":2,"neow_bonus":"THREE_RARE_CARDS","is_prod":false,"is_daily":false,"chose_seed":false,"campfire_upgraded":7,"win_rate":0,"timestamp":1552466608,"path_taken":["M","?","?","M","M","R","E","?","T","?","R","E","M","E","R","BOSS","M","?","?","M","$","E","R","?","T","R","M","M","R","?","R","BOSS","M","?","?","?","?","E","R","M","T","E","M","R","M","$","R","BOSS"],"build_version":"2019-01-23","purchased_purges":1,"victory":true,"max_hp_per_floor":[68,68,68,68,68,68,68,68,68,68,68,68,68,68,68,68,68,68,68,68,68,68,68,68,68,68,68,68,68,68,68,68,68,68,68,68,68,68,68,68,68,68,68,68,68,68,68,68,68,68],"card_choices":[{"not_picked":["Brutality","Offering"],"picked":"Immolate","floor":0.0},{"not_picked":["Fire Breathing","Blood for Blood"],"picked":"Flame Barrier","floor":1.0},{"not_picked":["Inflame","Armaments"],"picked":"Thunderclap","floor":4.0},{"not_picked":["Rage","Heavy Blade"],"picked":"Clothesline","floor":5.0},{"not_picked":["Wild Strike","Rampage"],"picked":"Ghostly Armor","floor":7.0},{"not_picked":["Thunderclap","Sentinel","Sword Boomerang"],"picked":"SKIP","floor":8.0},{"not_picked":["Flex","Spot Weakness"],"picked":"Shrug It Off","floor":12.0},{"not_picked":["Heavy Blade","Anger"],"picked":"True Grit","floor":13.0},{"not_picked":["True Grit","Flex"],"picked":"Shockwave","floor":14.0},{"not_picked":["Barricade","Juggernaut"],"picked":"Double Tap","floor":16.0},{"not_picked":["Shockwave","Anger"],"picked":"True Grit+1","floor":18.0},{"not_picked":["Sword Boomerang","Thunderclap"],"picked":"Headbutt","floor":20.0},{"not_picked":["Combust+1","True Grit+1","Anger"],"picked":"SKIP","floor":21.0},{"not_picked":["Feel No Pain","Burning Pact"],"picked":"Corruption+1","floor":23.0},{"not_picked":["Cleave+1","Power Through"],"picked":"Spot Weakness","floor":28.0},{"not_picked":["Flex","Cleave+1"],"picked":"Body Slam+1","floor":29.0},{"not_picked":["Feed+1","Offering"],"picked":"Bludgeon+1","floor":33.0},{"not_picked":["Perfected Strike+1","True Grit","Pummel+1"],"picked":"SKIP","floor":35.0},{"not_picked":["Cleave+1","True Grit"],"picked":"Pommel Strike+1","floor":37.0},{"not_picked":["Iron Wave+1","Armaments"],"picked":"Evolve","floor":39.0},{"not_picked":["Body Slam+1","Shockwave","Spot Weakness"],"picked":"SKIP","floor":40.0},{"not_picked":["Warcry","Body Slam+1"],"picked":"Limit Break","floor":42.0},{"not_picked":["Clothesline+1","Heavy Blade+1"],"picked":"Intimidate+1","floor":44.0},{"not_picked":["Hemokinesis+1","Twin Strike+1"],"picked":"Whirlwind+1","floor":45.0},{"not_picked":["Armaments+1","Anger+1","Twin Strike+1"],"picked":"SKIP","floor":47}],"player_experience":694472,"relics_obtained":[{"floor":7.0,"key":"Red Skull"},{"floor":9.0,"key":"Art of War"},{"floor":12.0,"key":"Centennial Puzzle"},{"floor":14.0,"key":"Vajra"},{"floor":23.0,"key":"Boot"},{"floor":26.0,"key":"Molten Egg 2"},{"floor":31.0,"key":"Kunai"},{"floor":36.0,"key":"Pen Nib"},{"floor":40.0,"key":"Lantern"},{"floor":43.0,"key":"Smiling Mask"},{"floor":44.0,"key":"Bag of Preparation"}],"event_choices":[{"damage_healed":0.0,"max_hp_gain":0.0,"max_hp_loss":0.0,"gold_gain":75.0,"event_name":"Golden Wing","player_choice":"Gained Gold","floor":2.0,"gold_loss":0.0,"damage_taken":0.0},{"damage_healed":0.0,"max_hp_gain":0.0,"max_hp_loss":0.0,"gold_gain":0.0,"event_name":"FaceTrader","player_choice":"Trade","floor":3.0,"gold_loss":0.0,"damage_taken":0.0,"relics_obtained":["CultistMask"]},{"damage_healed":0.0,"max_hp_gain":0.0,"max_hp_loss":0.0,"gold_gain":0.0,"event_name":"Shining Light","player_choice":"Entered Light","floor":10.0,"gold_loss":0.0,"damage_taken":20.0,"cards_upgraded":["Defend_R","Thunderclap"]},{"damage_healed":0.0,"max_hp_gain":0.0,"max_hp_loss":0.0,"gold_gain":0.0,"event_name":"Match and Keep!","player_choice":"1 cards matched","floor":19.0,"gold_loss":0.0,"damage_taken":0.0,"cards_obtained":["Impervious"]},{"damage_healed":0.0,"max_hp_gain":0.0,"max_hp_loss":0.0,"gold_gain":0.0,"event_name":"The Mausoleum","player_choice":"Ignored","floor":25.0,"gold_loss":0.0,"damage_taken":0.0},{"damage_healed":0.0,"max_hp_gain":0.0,"max_hp_loss":0.0,"gold_gain":0.0,"event_name":"Wheel of Change","player_choice":"Relic","floor":36.0,"gold_loss":0.0,"damage_taken":0.0}],"is_beta":false,"boss_relics":[{"not_picked":["Eternal Feather","Empty Cage"],"picked":"Ectoplasm"},{"not_picked":["Calling Bell","Mark of Pain"],"picked":"Astrolabe"}],"items_purged_floors":[22],"is_endless":false,"potions_floor_spawned":[1,5,12,13,16,18,23,33,35,44,47],"ascension_level":17}