{"gold_per_floor":[113,129,79,97,113,113,168,168,168,183,183,194,204,218,218,315,315,329,254,54,70,70,70,70,89,89,101,117,131,131,142,142,142],"floor_reached":33,"playtime":5735,"items_purged":["Defend_B"],"score":270,"play_id":"95011b53-6d63-4e9c-9809-7ae8dbe38ecf","local_time":"20180927161900","is_ascension_mode":false,"campfire_choices":[{"data":"Steam","floor":6.0,"key":"SMITH"},{"floor":15.0,"key":"REST"},{"data":"Redo","floor":23.0,"key":"SMITH"},{"floor":30,"key":"REST"},{"data":"Redo","floor":32,"key":"SMITH"}],"neow_cost":"","seed_source_timestamp":0,"circlet_count":0,"master_deck":["Strike_B","Strike_B","Strike_B","Defend_B","Defend_B","Zap","Dualcast","Steam+1","Redo+1","BootSequence","Sweeping Beam","Stack","Static Discharge","Steam","Steam","Glacier","Creative AI","Cold Snap","Redo+1","Lockon","BootSequence","Go for the Eyes","Redo+1","Streamline+1","Redo+1"],"special_seed":0,"relics":["Cracked Core","Bottled Flame","Matryoshka","Runic Pyramid","Regal Pillow","Question Card"],"potions_floor_usage":[29,33],"damage_taken":[{"damage":1.0,"enemies":"2 Louse","floor":1.0,"turns":2.0},{"damage":2.0,"enemies":"Jaw Worm","floor":2.0,"turns":3.0},{"damage":2.0,"enemies":"Small Slimes","floor":4.0,"turns":3.0},{"damage":9.0,"enemies":"Blue Slaver","floor":5.0,"turns":4.0},{"damage":40.0,"enemies":"Gremlin Nob","floor":7.0,"turns":6.0},{"damage":0.0,"enemies":"Large Slime","floor":10.0,"turns":4.0},{"damage":3.0,"enemies":"Lots of Slimes","floor":12.0,"turns":3.0},{"damage":0.0,"enemies":"Gremlin Gang","floor":13.0,"turns":3.0},{"damage":4.0,"enemies":"Exordium Wildlife","floor":14.0,"turns":5.0},{"damage":12.0,"enemies":"The Guardian","floor":16.0,"turns":16.0},{"damage":13.0,"enemies":"Chosen","floor":18.0,"turns":7.0},{"damage":11.0,"enemies":"2 Thieves","floor":19.0,"turns":5.0},{"damage":10.0,"enemies":"Cultist and Chosen","floor":21.0,"turns":9.0},{"damage":2.0,"enemies":"Snake Plant","floor":25.0,"turns":6.0},{"damage":2.0,"enemies":"Chosen and Byrds","floor":27.0,"turns":8.0},{"damage":0,"enemies":"Centurion and Healer","floor":28,"turns":15},{"damage":8,"enemies":"3 Cultists","floor":29,"turns":6},{"damage":15,"enemies":"Snake Plant","floor":31,"turns":4},{"damage":62,"enemies":"Champ","floor":33,"turns":19}],"seed_played":"-734625018762712185","potions_obtained":[{"floor":4.0,"key":"GamblersBrew"},{"floor":7.0,"key":"FocusPotion"},{"floor":10.0,"key":"Strength Potion"},{"floor":14.0,"key":"Swift Potion"},{"floor":16.0,"key":"EssenceOfSteel"},{"floor":18.0,"key":"FearPotion"},{"floor":29,"key":"Poison Potion"}],"is_trial":false,"path_per_floor":["M","M","?","M","M","R","?","?","T","M","?","M","M","M","R","B",null,"M","M","$","M","?","R","?","M","T","M","M","M","R","M","R"],"character_chosen":"DEFECT","items_purchased":["Redo","Lockon"],"campfire_rested":2,"item_purchase_floors":[20,20],"current_hp_per_floor":[74,72,72,70,61,61,21,21,21,21,21,18,18,14,36,24,75,62,51,51,41,41,41,41,39,39,37,37,29,66,51,51,0],"gold":142,"neow_bonus":"","is_prod":false,"is_daily":false,"chose_seed":false,"campfire_upgraded":3,"win_rate":0.0,"timestamp":1538057940,"path_taken":["M","M","?","M","M","R","?","?","T","M","?","M","?","M","R","BOSS","M","M","$","M","?","R","?","M","T","M","M","?","R","?","R","BOSS"],"build_version":"2018-09-20","purchased_purges":1,"victory":false,"max_hp_per_floor":[75,75,75,75,75,75,75,75,75,75,75,75,75,75,75,75,75,75,75,75,75,75,75,75,75,75,75,75,75,75,75,75,75],"card_choices":[{"not_picked":["Stack","Beam Cell"],"picked":"Steam","floor":1.0},{"not_picked":["Compile Driver","Machine Learning"],"picked":"Redo","floor":2.0},{"not_picked":["Hologram","Go for the Eyes"],"picked":"BootSequence","floor":4.0},{"not_picked":["Gash","Reprogram"],"picked":"Sweeping Beam","floor":5.0},{"not_picked":["Redo","Reprogram"],"picked":"Stack","floor":7.0},{"not_picked":["Hologram","Gash"],"picked":"Static Discharge","floor":10.0},{"not_picked":["Gash","Tempest"],"picked":"Steam","floor":12.0},{"not_picked":["Lockon","Creative AI"],"picked":"Steam","floor":13.0},{"not_picked":["Sweeping Beam","Chaos"],"picked":"Glacier","floor":14.0},{"not_picked":["Fission","Reboot"],"picked":"Creative AI","floor":16.0},{"not_picked":["Leap","Go for the Eyes"],"picked":"Cold Snap","floor":18.0},{"not_picked":["Steam Power","Coolheaded","Compile Driver"],"picked":"SKIP","floor":19.0},{"not_picked":["Genetic Algorithm+1","Glacier"],"picked":"BootSequence","floor":21.0},{"not_picked":["Capacitor","Cold Snap+1"],"picked":"Go for the Eyes","floor":25.0},{"not_picked":["Go for the Eyes+1","Leap","Steam Power"],"picked":"Redo+1","floor":27.0},{"not_picked":["Steam","Compile Driver","Ball Lightning+1"],"picked":"Streamline+1","floor":28},{"not_picked":["Static Discharge","Hologram","Buffer","Coolheaded"],"picked":"SKIP","floor":29},{"not_picked":["Cold Snap","Sweeping Beam+1","Hologram+1"],"picked":"Redo+1","floor":31}],"player_experience":35098,"relics_obtained":[{"floor":7.0,"key":"Bottled Flame"},{"floor":9.0,"key":"Matryoshka"},{"floor":26.0,"key":"Regal Pillow"},{"floor":26.0,"key":"Question Card"}],"event_choices":[{"event_name":"The Cleric","player_choice":"Card Removal","floor":3.0,"damage_taken":0.0},{"event_name":"Dead Adventurer","player_choice":"Searched \u00271\u0027 times","floor":7.0,"damage_taken":0.0},{"event_name":"Golden Idol","player_choice":"Ignored","floor":8.0,"damage_taken":0.0},{"event_name":"Bonfire Elementals","player_choice":"BASIC","floor":11.0,"damage_taken":0.0},{"event_name":"The Woman in Blue","player_choice":"Bought 0 Potions","floor":22.0,"damage_taken":0.0},{"event_name":"The Mausoleum","player_choice":"No","floor":24.0,"damage_taken":0.0}],"is_beta":false,"boss_relics":[{"not_picked":["Cursed Key","Sozu"],"picked":"Runic Pyramid"}],"items_purged_floors":[20],"is_endless":false,"potions_floor_spawned":[4,7,10,14,16,18,25,27,29],"killed_by":"Champ","ascension_level":0}