{"gold_per_floor":[119,119,119,142,166,166,166,166,242,267,267,301,317,348,348,478,478,494,513,529,564,589,622,622,622,622,638,653,653,334,334,334,455,455,476,24,24,48,48,48,61,104,104,104,104,123,136,149,149,149,149,149,24,65,65],"floor_reached":55,"playtime":3929,"items_purged":["Defend_B","Strike_B","Decay"],"score":734,"play_id":"b647dd68-bdbe-42e1-b8ac-c83554c88957","local_time":"20181209180051","is_ascension_mode":false,"campfire_choices":[{"data":"Zap","floor":6,"key":"SMITH"},{"data":"Dualcast","floor":8,"key":"SMITH"},{"data":"Go for the Eyes","floor":11,"key":"SMITH"},{"data":"Leap","floor":15,"key":"SMITH"},{"data":"Defragment","floor":24,"key":"SMITH"},{"floor":32,"key":"REST"},{"data":"Buffer","floor":40,"key":"SMITH"},{"data":"Glacier","floor":44,"key":"SMITH"},{"floor":49,"key":"RECALL"},{"data":"Coolheaded","floor":52,"key":"SMITH"}],"neow_cost":"PERCENT_DAMAGE","seed_source_timestamp":920563739073553,"circlet_count":0,"master_deck":["Strike_B","Defend_B","Zap+1","Dualcast+1","Amplify","Coolheaded+1","Defragment+1","Cold Snap","Go for the Eyes+1","Leap+1","Buffer+1","Undo+1","Glacier+1","Defragment+1","Ball Lightning","Core Surge","Reboot+1","Skim+1","Coolheaded+1","Blizzard+1","White Noise+1","Reinforced Body+1"],"relics":["Cracked Core","Golden Idol","Mummified Hand","Gremlin Horn","Omamori","Cursed Key","Red Mask","Oddly Smooth Stone","Runic Capacitor","Astrolabe","Medical Kit","Anchor","StoneCalendar","Ornamental Fan","Letter Opener"],"potions_floor_usage":[14,14,22,23,23,50,50,55],"damage_taken":[{"damage":1,"enemies":"Jaw Worm","floor":1,"turns":3},{"damage":3,"enemies":"Small Slimes","floor":4,"turns":3},{"damage":0,"enemies":"Cultist","floor":5,"turns":3},{"damage":0,"enemies":"3 Louse","floor":10,"turns":2},{"damage":4,"enemies":"Lagavulin","floor":12,"turns":7},{"damage":6,"enemies":"Looter","floor":13,"turns":3},{"damage":15,"enemies":"Gremlin Nob","floor":14,"turns":5},{"damage":11,"enemies":"The Guardian","floor":16,"turns":15},{"damage":6,"enemies":"3 Byrds","floor":18,"turns":5},{"damage":6,"enemies":"Shell Parasite","floor":19,"turns":9},{"damage":12,"enemies":"Sentry and Sphere","floor":20,"turns":17},{"damage":15,"enemies":"Masked Bandits","floor":21,"turns":10},{"damage":0,"enemies":"Shelled Parasite and Fungi","floor":22,"turns":13},{"damage":25,"enemies":"Slavers","floor":23,"turns":27},{"damage":10,"enemies":"Snake Plant","floor":27,"turns":3},{"damage":0,"enemies":"Centurion and Healer","floor":28,"turns":14},{"damage":0,"enemies":"Colosseum Slavers","floor":29,"turns":6},{"damage":3,"enemies":"Automaton","floor":33,"turns":15},{"damage":0,"enemies":"Orb Walker","floor":35,"turns":4},{"damage":2,"enemies":"3 Darklings","floor":38,"turns":5},{"damage":0,"enemies":"Transient","floor":41,"turns":5},{"damage":1,"enemies":"Nemesis","floor":42,"turns":11},{"damage":0,"enemies":"Spire Growth","floor":46,"turns":6},{"damage":0,"enemies":"4 Shapes","floor":47,"turns":4},{"damage":4,"enemies":"Transient","floor":48,"turns":5},{"damage":19,"enemies":"Awakened One","floor":50,"turns":19},{"damage":0,"enemies":"Shield and Spear","floor":54,"turns":9},{"damage":79,"enemies":"The Heart","floor":55,"turns":11}],"seed_played":"-7674050476829902891","potions_obtained":[{"floor":12,"key":"Poison Potion"},{"floor":13,"key":"EssenceOfSteel"},{"floor":14,"key":"FocusPotion"},{"floor":21,"key":"Fruit Juice"},{"floor":22,"key":"Regen Potion"},{"floor":27,"key":"SteroidPotion"},{"floor":41,"key":"Strength Potion"},{"floor":42,"key":"PowerPotion"},{"floor":46,"key":"Explosive Potion"}],"is_trial":false,"path_per_floor":["M","?","?","M","M","R","?","R","T","M","R","E","M","E","R","B",null,"M","M","M","?","M","E","R","?","T","M","M","?","$","?","R","B",null,"M","$","$","M","?","R","M","E","T","R","$","M","M","M","R","B",null,"R","$","E","B"],"character_chosen":"DEFECT","items_purchased":["Runic Capacitor","Weak Potion","Medical Kit","Anchor"],"campfire_rested":1,"item_purchase_floors":[30,30,36,36],"current_hp_per_floor":[53,53,53,50,50,50,50,50,50,50,50,46,40,25,25,14,69,63,57,45,30,35,25,25,25,25,15,15,15,15,15,37,34,74,74,74,74,72,72,72,72,71,71,71,71,71,71,67,67,48,74,74,74,74,0],"gold":65,"neow_bonus":"THREE_RARE_CARDS","is_prod":false,"is_daily":false,"chose_seed":false,"campfire_upgraded":8,"win_rate":0,"timestamp":1544346051,"path_taken":["M","?","?","M","?","R","?","R","T","M","R","E","M","E","R","BOSS","M","M","M","?","M","E","R","?","T","M","M","?","$","?","R","BOSS","M","?","$","M","?","R","M","E","T","R","$","M","M","M","R","BOSS","R","$","E","BOSS"],"build_version":"2018-12-06","purchased_purges":3,"victory":false,"max_hp_per_floor":[75,69,69,69,69,69,69,69,69,69,69,69,69,69,69,69,69,69,69,69,69,74,74,74,74,74,74,74,74,74,74,74,74,74,74,74,74,74,74,74,74,74,74,74,74,74,74,74,74,74,74,74,74,74,74],"card_choices":[{"not_picked":["Thunder Strike","Creative AI"],"picked":"Amplify","floor":0},{"not_picked":["Hologram","Beam Cell"],"picked":"Coolheaded","floor":1},{"not_picked":["Conserve Battery","Steam"],"picked":"Cold Snap","floor":4},{"not_picked":["Streamline","Redo","Compile Driver"],"picked":"SKIP","floor":5},{"not_picked":["Self Repair","Beam Cell"],"picked":"Go for the Eyes","floor":10},{"not_picked":["Rip and Tear","Scrape","Turbo"],"picked":"SKIP","floor":12},{"not_picked":["Steam","Thunder Strike","Stack"],"picked":"SKIP","floor":13},{"not_picked":["Gash","Steam Power"],"picked":"Leap","floor":14},{"not_picked":["Meteor Strike","Creative AI"],"picked":"Buffer","floor":16},{"not_picked":["Coolheaded","Aggregate"],"picked":"Undo+1","floor":18},{"not_picked":["Go for the Eyes","Redo"],"picked":"Glacier","floor":19},{"not_picked":["Recycle+1","Rebound","Coolheaded"],"picked":"SKIP","floor":20},{"not_picked":["Barrage","Coolheaded"],"picked":"Defragment","floor":21},{"not_picked":["Beam Cell","Doom and Gloom","Redo+1"],"picked":"SKIP","floor":22},{"not_picked":["Gash+1","Go for the Eyes","Storm"],"picked":"SKIP","floor":23},{"not_picked":["Leap+1","Sunder+1","Gash+1"],"picked":"SKIP","floor":27},{"not_picked":["Conserve Battery","Compile Driver","Stack"],"picked":"SKIP","floor":28},{"not_picked":["Echo Form","Machine Learning"],"picked":"Core Surge","floor":33},{"not_picked":["Chill","Sweeping Beam"],"picked":"Blizzard+1","floor":35},{"not_picked":["Skim","Rebound","Reprogram"],"picked":"SKIP","floor":38},{"not_picked":["Gash","Coolheaded+1"],"picked":"White Noise+1","floor":41},{"not_picked":["Fission","Gash","Rip and Tear"],"picked":"SKIP","floor":42},{"not_picked":["Compile Driver","Reprogram","Turbo+1"],"picked":"SKIP","floor":46},{"not_picked":["Cold Snap","Force Field+1","Consume+1"],"picked":"SKIP","floor":47},{"not_picked":["Undo+1","Leap"],"picked":"Reinforced Body+1","floor":48},{"not_picked":["Barrage","Steam Power","Tempest+1"],"picked":"SKIP","floor":54}],"player_experience":116111,"relics_obtained":[{"floor":9,"key":"Mummified Hand"},{"floor":12,"key":"Gremlin Horn"},{"floor":14,"key":"Omamori"},{"floor":21,"key":"Red Mask"},{"floor":23,"key":"Oddly Smooth Stone"},{"floor":42,"key":"StoneCalendar"},{"floor":43,"key":"Ornamental Fan"},{"floor":54,"key":"Letter Opener"}],"event_choices":[{"damage_healed":0,"gold_gain":0,"player_choice":"Lose Max HP","damage_taken":0,"relics_obtained":["Golden Idol"],"max_hp_gain":0,"max_hp_loss":6,"event_name":"Golden Idol","floor":2,"gold_loss":0},{"damage_healed":0,"gold_gain":0,"cards_transformed":["Strike_B"],"player_choice":"Transformed","damage_taken":0,"max_hp_gain":0,"max_hp_loss":0,"event_name":"Transmorgrifier","floor":3,"gold_loss":0,"cards_obtained":["Defragment"]},{"damage_healed":0,"gold_gain":0,"player_choice":"Grow","damage_taken":0,"max_hp_gain":0,"max_hp_loss":0,"event_name":"Living Wall","floor":7,"gold_loss":0,"cards_upgraded":["Defragment"]},{"damage_healed":0,"gold_gain":0,"player_choice":"Fought Bandits","damage_taken":0,"max_hp_gain":0,"max_hp_loss":0,"event_name":"Masked Bandits","floor":21,"gold_loss":0},{"damage_healed":0,"gold_gain":0,"player_choice":"Read","damage_taken":0,"max_hp_gain":0,"max_hp_loss":0,"event_name":"The Library","floor":25,"gold_loss":0,"cards_obtained":["Ball Lightning"]},{"damage_healed":0,"gold_gain":0,"player_choice":"Fight","damage_taken":0,"max_hp_gain":0,"max_hp_loss":0,"event_name":"Colosseum","floor":29,"gold_loss":0},{"damage_healed":0,"gold_gain":0,"player_choice":"Fled From Nobs","damage_taken":0,"max_hp_gain":0,"max_hp_loss":0,"event_name":"Colosseum","floor":29,"gold_loss":0},{"damage_healed":0,"gold_gain":0,"player_choice":"Cursed","damage_taken":0,"max_hp_gain":0,"max_hp_loss":0,"event_name":"Wheel of Change","floor":31,"gold_loss":0,"cards_obtained":["Decay"]},{"damage_healed":0,"gold_gain":0,"player_choice":"Ignored","damage_taken":0,"max_hp_gain":0,"max_hp_loss":0,"event_name":"Mysterious Sphere","floor":39,"gold_loss":0}],"is_beta":false,"boss_relics":[{"not_picked":["Snecko Eye","Lizard Tail"],"picked":"Cursed Key"},{"not_picked":["Runic Pyramid","Nuclear Battery"],"picked":"Astrolabe"}],"items_purged_floors":[30,36,53],"is_endless":false,"potions_floor_spawned":[12,13,14,21,22,27,41,42,46],"killed_by":"The Heart","ascension_level":0}