{"gold_per_floor":[119,130,130,150,166,176,193,219,219,219,6,56,56,66,66,139,139,154,169,69,69,13,46,46,80,105,105,125,138,138,158,158,158],"floor_reached":33,"playtime":1307,"items_purged":["Strike_R","Strike_R"],"score":578,"play_id":"f00b5e58-8267-4750-a454-e35234f9b489","local_time":"20190324181751","is_ascension_mode":true,"campfire_choices":[{"data":"Immolate","floor":10,"key":"SMITH"},{"data":"Corruption","floor":13,"key":"SMITH"},{"data":"True Grit","floor":15,"key":"SMITH"},{"floor":24,"key":"REST"},{"floor":27,"key":"REST"},{"floor":32,"key":"REST"}],"neow_cost":"TEN_PERCENT_HP_LOSS","seed_source_timestamp":487377177515341,"circlet_count":0,"master_deck":["AscendersBane","Strike_R+1","Strike_R+1","Strike_R+1","Defend_R+1","Defend_R+1","Defend_R+1","Defend_R+1","Bash+1","Shrug It Off","Disarm+1","Pommel Strike","Immolate+1","Shrug It Off","Corruption+1","True Grit+1","Feed","Ghostly Armor+1","Warcry","Shrug It Off","Double Tap","Clothesline"],"relics":["Burning Blood","Calipers","Juzu Bracelet","Du-Vu Doll","Sozu","Kunai","Girya","Mummified Hand","War Paint"],"potions_floor_usage":[7,16,16,23],"damage_taken":[{"damage":16,"enemies":"Jaw Worm","floor":1,"turns":5},{"damage":6,"enemies":"Cultist","floor":2,"turns":4},{"damage":1,"enemies":"2 Louse","floor":4,"turns":3},{"damage":18,"enemies":"Lots of Slimes","floor":5,"turns":6},{"damage":12,"enemies":"3 Louse","floor":6,"turns":6},{"damage":4,"enemies":"Large Slime","floor":7,"turns":4},{"damage":8,"enemies":"Gremlin Nob","floor":8,"turns":3},{"damage":6,"enemies":"Blue Slaver","floor":14,"turns":4},{"damage":5,"enemies":"Hexaghost","floor":16,"turns":8},{"damage":12,"enemies":"2 Thieves","floor":18,"turns":3},{"damage":8,"enemies":"Shell Parasite","floor":19,"turns":4},{"damage":41,"enemies":"Slavers","floor":23,"turns":5},{"damage":19,"enemies":"Gremlin Leader","floor":25,"turns":5},{"damage":7,"enemies":"Snake Plant","floor":28,"turns":5},{"damage":18,"enemies":"Cultist and Chosen","floor":29,"turns":6},{"damage":1,"enemies":"3 Cultists","floor":31,"turns":5},{"damage":80,"enemies":"Champ","floor":33,"turns":14}],"seed_played":"-6833170525917222347","potions_obtained":[{"floor":6,"key":"Block Potion"},{"floor":8,"key":"PowerPotion"},{"floor":14,"key":"Strength Potion"},{"floor":16,"key":"GamblersBrew"}],"is_trial":false,"path_per_floor":["M","M","?","M","M","M","M","E","T","R","$","?","R","M","R","B",null,"M","M","$","?","?","E","R","E","T","R","M","M","?","M","R","B"],"character_chosen":"IRONCLAD","items_purchased":["Corruption","True Grit"],"campfire_rested":3,"item_purchase_floors":[11,11],"current_hp_per_floor":[58,58,58,63,51,45,47,45,45,45,45,45,45,45,45,46,63,60,61,61,61,61,29,52,39,39,62,64,55,47,52,76,0],"gold":158,"neow_bonus":"ONE_RARE_RELIC","is_prod":false,"is_daily":false,"chose_seed":false,"campfire_upgraded":3,"win_rate":0,"timestamp":1553419071,"path_taken":["M","M","?","M","?","M","M","E","T","R","$","?","R","M","R","BOSS","M","M","?","?","?","E","R","E","T","R","M","M","?","M","R","BOSS"],"build_version":"2019-01-23","purchased_purges":2,"victory":false,"max_hp_per_floor":[68,68,68,68,68,68,68,68,68,68,68,68,68,68,68,68,68,71,74,74,74,74,77,77,77,77,77,80,83,83,83,83,83],"card_choices":[{"not_picked":["Body Slam","Armaments"],"picked":"Shrug It Off","floor":1},{"not_picked":["Cleave","Heavy Blade","Body Slam"],"picked":"SKIP","floor":2},{"not_picked":["Reckless Charge","Sever Soul"],"picked":"Disarm","floor":4},{"not_picked":["Thunderclap","Armaments"],"picked":"Pommel Strike","floor":5},{"not_picked":["Whirlwind","Second Wind"],"picked":"Immolate","floor":6},{"not_picked":["Clash","Heavy Blade","Wild Strike"],"picked":"SKIP","floor":7},{"not_picked":["Infernal Blade","Havoc"],"picked":"Shrug It Off","floor":8},{"not_picked":["Warcry","Pommel Strike","Rupture"],"picked":"SKIP","floor":14},{"not_picked":["Juggernaut","Limit Break"],"picked":"Feed","floor":16},{"not_picked":["Intimidate","Wild Strike"],"picked":"Ghostly Armor","floor":18},{"not_picked":["Pommel Strike","Havoc"],"picked":"Warcry","floor":19},{"not_picked":["Bloodletting","Seeing Red","Flex+1"],"picked":"SKIP","floor":23},{"not_picked":["Hemokinesis+1","Carnage","Cleave"],"picked":"SKIP","floor":25},{"not_picked":["Clothesline","Armaments"],"picked":"Shrug It Off","floor":28},{"not_picked":["Headbutt","Burning Pact"],"picked":"Double Tap","floor":29},{"not_picked":["True Grit","Fire Breathing"],"picked":"Clothesline","floor":31}],"player_experience":786702,"relics_obtained":[{"floor":8,"key":"Juzu Bracelet"},{"floor":9,"key":"Du-Vu Doll"},{"floor":23,"key":"Girya"},{"floor":25,"key":"Mummified Hand"},{"floor":26,"key":"War Paint"}],"event_choices":[{"damage_healed":0,"gold_gain":0,"player_choice":"Upgraded","damage_taken":0,"max_hp_gain":0,"max_hp_loss":0,"event_name":"Upgrade Shrine","floor":3,"gold_loss":0,"cards_upgraded":["Bash"]},{"damage_healed":0,"gold_gain":50,"player_choice":"Pray","damage_taken":0,"max_hp_gain":0,"max_hp_loss":0,"event_name":"Golden Shrine","floor":12,"gold_loss":0},{"damage_healed":0,"gold_gain":0,"player_choice":"Simplicity","damage_taken":0,"max_hp_gain":0,"max_hp_loss":0,"event_name":"Back to Basics","floor":21,"gold_loss":0,"cards_upgraded":["Strike_R","Strike_R","Strike_R","Defend_R","Defend_R","Defend_R","Defend_R"]},{"damage_healed":0,"gold_gain":0,"player_choice":"Paid Gold","damage_taken":0,"relics_obtained":["Kunai"],"max_hp_gain":0,"max_hp_loss":0,"event_name":"WeMeetAgain","floor":22,"gold_loss":56},{"damage_healed":0,"gold_gain":0,"player_choice":"","damage_taken":8,"max_hp_gain":0,"max_hp_loss":0,"event_name":"Knowing Skull","floor":30,"potions_obtained":[],"gold_loss":0,"cards_obtained":[]}],"is_beta":false,"boss_relics":[{"not_picked":["Fusion Hammer","Ectoplasm"],"picked":"Sozu"}],"items_purged_floors":[11,20],"is_endless":false,"potions_floor_spawned":[6,8,14,16,18,19,28,31],"killed_by":"Champ","ascension_level":20}