{"gold_per_floor":[117,117,42,56,56,90,90,90,136,136,191,214,237,253,253,253],"floor_reached":16,"playtime":352,"items_purged":["Strike_B"],"score":250,"play_id":"687a3bd5-ac46-488c-9d99-8ee9c2d9adc2","local_time":"20190425020306","is_ascension_mode":true,"campfire_choices":[{"data":"Redo","floor":7,"key":"SMITH"},{"data":"Hologram","floor":10,"key":"SMITH"},{"data":"Redo","floor":15,"key":"SMITH"}],"neow_cost":"NONE","seed_source_timestamp":23883622776500,"circlet_count":0,"master_deck":["AscendersBane","Strike_B","Strike_B","Strike_B","Defend_B","Defend_B","Defend_B","Defend_B","Zap","Dualcast","Fusion+1","Hologram+1","Redo+1","Hologram","Reprogram","Redo+1"],"relics":["Cracked Core","NeowsBlessing","Ginger","Bag of Preparation","Golden Idol","Blood Vial","Tiny Chest"],"potions_floor_usage":[16],"damage_taken":[{"damage":0,"enemies":"Jaw Worm","floor":1,"turns":1},{"damage":0,"enemies":"Small Slimes","floor":4,"turns":1},{"damage":0,"enemies":"3 Sentries","floor":6,"turns":2},{"damage":0,"enemies":"2 Louse","floor":12,"turns":1},{"damage":30,"enemies":"Exordium Wildlife","floor":13,"turns":5},{"damage":14,"enemies":"Lots of Slimes","floor":14,"turns":3},{"damage":28,"enemies":"Hexaghost","floor":16,"turns":9}],"seed_played":"8633987593378652448","potions_obtained":[{"floor":1,"key":"FearPotion"},{"floor":12,"key":"LiquidBronze"},{"floor":13,"key":"Swift Potion"}],"is_trial":false,"path_per_floor":["M","?","$","M","?","E","R","?","T","R","T","M","M","M","R","B"],"character_chosen":"DEFECT","items_purchased":[],"campfire_rested":0,"item_purchase_floors":[],"current_hp_per_floor":[64,64,64,64,59,59,59,59,59,59,59,61,33,21,21,0],"gold":253,"neow_bonus":"THREE_ENEMY_KILL","is_prod":false,"is_daily":false,"chose_seed":false,"campfire_upgraded":3,"win_rate":0,"timestamp":1556150586,"path_taken":["M","?","$","M","?","E","R","?","T","R","?","?","M","?","R","BOSS"],"build_version":"2019-01-23","purchased_purges":1,"victory":false,"max_hp_per_floor":[71,71,71,71,71,71,71,64,64,64,64,64,64,64,64,64],"card_choices":[{"not_picked":["Turbo","Heatsinks"],"picked":"Fusion","floor":1},{"not_picked":["Fusion","Gash"],"picked":"Hologram","floor":4},{"not_picked":["Streamline","Compile Driver"],"picked":"Redo","floor":6},{"not_picked":["Steam","Darkness"],"picked":"Hologram","floor":12},{"not_picked":["Beam Cell","Auto Shields"],"picked":"Reprogram","floor":13},{"not_picked":["Capacitor","BootSequence"],"picked":"Redo","floor":14}],"player_experience":600771,"relics_obtained":[{"floor":6,"key":"Bag of Preparation"},{"floor":9,"key":"Blood Vial"},{"floor":11,"key":"Tiny Chest"}],"event_choices":[{"damage_healed":0,"gold_gain":0,"player_choice":"Grow","damage_taken":0,"max_hp_gain":0,"max_hp_loss":0,"event_name":"Living Wall","floor":2,"gold_loss":0,"cards_upgraded":["Fusion"]},{"damage_healed":0,"gold_gain":0,"player_choice":"Success","damage_taken":5,"relics_obtained":["Ginger"],"max_hp_gain":0,"max_hp_loss":0,"event_name":"Scrap Ooze","floor":5,"gold_loss":0},{"damage_healed":0,"gold_gain":0,"player_choice":"Lose Max HP","damage_taken":0,"relics_obtained":["Golden Idol"],"max_hp_gain":0,"max_hp_loss":7,"event_name":"Golden Idol","floor":8,"gold_loss":0}],"is_beta":false,"boss_relics":[],"items_purged_floors":[3],"is_endless":false,"potions_floor_spawned":[1,12,13],"killed_by":"Hexaghost","ascension_level":20}