{"gold_per_floor":[116,40,40,53,53,84,84,124,177,196,196,196,216,59,59,155,155,170,170,184,184],"floor_reached":21,"playtime":462,"items_purged":[],"score":413,"play_id":"40f4bbba-2a61-4d3d-aa23-09aa2c87f670","local_time":"20190411160219","is_ascension_mode":true,"campfire_choices":[{"data":"Streamline","floor":7.0,"key":"SMITH"},{"data":"Go for the Eyes","floor":11.0,"key":"SMITH"},{"data":"Defragment","floor":15,"key":"SMITH"}],"neow_cost":"NONE","seed_source_timestamp":8346068706399,"circlet_count":0,"master_deck":["AscendersBane","Strike_B","Defend_B","Defend_B","Defend_B","Zap","Dualcast","Capacitor","FTL","Compile Driver","Injury","Streamline+1","Leap","Go for the Eyes+1","Reprogram","Conserve Battery","Defragment+1","FTL","Echo Form","Doom and Gloom+1","Skim+1","Turbo+1","Steam Power"],"special_seed":0,"relics":["Cracked Core","NeowsBlessing","Golden Idol","Bag of Marbles","Boot","Tiny Chest","Astrolabe"],"potions_floor_usage":[16,20,21],"damage_taken":[{"damage":0.0,"enemies":"Cultist","floor":1.0,"turns":1.0},{"damage":0.0,"enemies":"Small Slimes","floor":4.0,"turns":1.0},{"damage":0.0,"enemies":"Lagavulin","floor":6.0,"turns":1.0},{"damage":30.0,"enemies":"3 Sentries","floor":8.0,"turns":7.0},{"damage":0.0,"enemies":"2 Louse","floor":10.0,"turns":1.0},{"damage":8.0,"enemies":"Red Slaver","floor":13.0,"turns":3.0},{"damage":35,"enemies":"The Guardian","floor":16,"turns":12},{"damage":33,"enemies":"Shell Parasite","floor":18,"turns":5},{"damage":21,"enemies":"2 Thieves","floor":20,"turns":3},{"damage":7,"enemies":"Centurion and Healer","floor":21,"turns":1}],"seed_played":"-1622573313221154738","potions_obtained":[{"floor":6.0,"key":"Regen Potion"},{"floor":8.0,"key":"Block Potion"},{"floor":10.0,"key":"FearPotion"},{"floor":18,"key":"FocusPotion"},{"floor":19,"key":"SkillPotion"}],"is_trial":false,"path_per_floor":["M","$","$","M","?","E","R","E","T","M","R","?","M","$","R","B",null,"M","?","M","M"],"character_chosen":"DEFECT","items_purchased":["FTL","Defragment","FTL"],"campfire_rested":0,"item_purchase_floors":[2,14,14],"current_hp_per_floor":[64,64,64,64,64,64,64,49,49,49,49,49,41,41,41,6,55,22,22,1,0],"gold":184,"neow_bonus":"THREE_ENEMY_KILL","is_prod":false,"is_daily":false,"chose_seed":false,"campfire_upgraded":3,"win_rate":0,"timestamp":1554991339,"path_taken":["M","?","$","?","?","E","R","E","T","M","R","?","?","$","R","BOSS","M","?","?","M"],"build_version":"2019-01-23","purchased_purges":0,"victory":false,"max_hp_per_floor":[71,71,71,71,71,71,71,71,71,71,71,71,71,71,71,71,71,71,71,71,71],"card_choices":[{"not_picked":["Cold Snap","Double Energy"],"picked":"Capacitor","floor":1.0},{"not_picked":["Turbo","Tempest"],"picked":"Compile Driver","floor":4.0},{"not_picked":["Rip and Tear","Undo"],"picked":"Streamline","floor":6.0},{"not_picked":["Streamline","Redo"],"picked":"Leap","floor":8.0},{"not_picked":["Redo","Melter"],"picked":"Go for the Eyes","floor":10.0},{"not_picked":["Steam","Stack"],"picked":"Conserve Battery","floor":13.0},{"not_picked":["Rainbow","Thunder Strike"],"picked":"Echo Form","floor":16},{"not_picked":["Stack","Undo"],"picked":"Steam Power","floor":18},{"not_picked":["Stack","Darkness","Tempest+1"],"picked":"SKIP","floor":20}],"player_experience":537067,"relics_obtained":[{"floor":6.0,"key":"Bag of Marbles"},{"floor":8.0,"key":"Boot"},{"floor":9.0,"key":"Tiny Chest"}],"event_choices":[{"damage_healed":0.0,"max_hp_gain":0.0,"max_hp_loss":0.0,"gold_gain":0.0,"event_name":"Golden Idol","player_choice":"Take Wound","floor":5.0,"gold_loss":0.0,"damage_taken":0.0,"relics_obtained":["Golden Idol"],"cards_obtained":["Injury"]},{"damage_healed":0.0,"max_hp_gain":0.0,"max_hp_loss":0.0,"gold_gain":0.0,"cards_transformed":["Strike_B"],"event_name":"Transmorgrifier","player_choice":"Transformed","floor":12.0,"gold_loss":0.0,"damage_taken":0.0,"cards_obtained":["Reprogram"]},{"damage_healed":0,"gold_gain":0,"player_choice":"Got Potions","damage_taken":0,"max_hp_gain":0,"max_hp_loss":0,"event_name":"Lab","floor":19,"gold_loss":0}],"is_beta":false,"boss_relics":[{"not_picked":["Pandora\u0027s Box","Fusion Hammer"],"picked":"Astrolabe"}],"items_purged_floors":[],"is_endless":false,"potions_floor_spawned":[6,8,10,18],"killed_by":"Centurion and Healer","ascension_level":19}