{"gold_per_floor":[359,45,45,64,80,80,111,111,134,168,187,187,204,222,222,296,296,316,333,333,348,368,368,368,383,459,459,486,486,504,515,515,586,586,603,573,591,122,148,173,173,16,16,16,31,31,31,46,46,46],"floor_reached":50,"playtime":2566,"items_purged":["Strike_R","Clumsy"],"score":1142,"play_id":"85a35ce5-8819-41d8-a4cf-e0f8045432aa","local_time":"20190323131106","is_ascension_mode":true,"campfire_choices":[{"data":"Carnage","floor":6.0,"key":"SMITH"},{"data":"Bash","floor":8.0,"key":"SMITH"},{"data":"Shrug It Off","floor":15.0,"key":"SMITH"},{"floor":23.0,"key":"DIG"},{"floor":27.0,"key":"DIG"},{"floor":29.0,"key":"DIG"},{"data":"Demon Form","floor":32.0,"key":"SMITH"},{"floor":41.0,"key":"DIG"},{"floor":44.0,"key":"DIG"},{"floor":49.0,"key":"DIG"}],"neow_cost":"CURSE","seed_source_timestamp":381253664076920,"circlet_count":0,"master_deck":["AscendersBane","Strike_R","Strike_R","Strike_R","Defend_R","Defend_R","Defend_R","Defend_R+1","Bash+1","Iron Wave","Feed+1","Pommel Strike+1","Carnage+1","Shrug It Off+1","Feel No Pain","Shrug It Off+1","Reaper","Headbutt+1","Shrug It Off","Second Wind","Flame Barrier+1","Demon Form+1","Offering","Heavy Blade+1","Double Tap","Power Through","Shrug It Off","Heavy Blade+1","Secret Technique+1","Seeing Red+1"],"special_seed":0,"relics":["Burning Blood","Bag of Marbles","Whetstone","Omamori","Gambling Chip","Calling Bell","Regal Pillow","Molten Egg 2","Shovel","Spirit Poop","Question Card","Mercury Hourglass","Centennial Puzzle","War Paint","Matryoshka","Coffee Dripper","Medical Kit","PreservedInsect","Juzu Bracelet","Calipers","Smiling Mask","Anchor","Pear","Toxic Egg 2","Gremlin Horn","Dead Branch"],"potions_floor_usage":[],"damage_taken":[{"damage":4.0,"enemies":"Jaw Worm","floor":1.0,"turns":4.0},{"damage":0.0,"enemies":"Cultist","floor":4.0,"turns":2.0},{"damage":7.0,"enemies":"Small Slimes","floor":5.0,"turns":3.0},{"damage":30.0,"enemies":"3 Sentries","floor":7.0,"turns":7.0},{"damage":0.0,"enemies":"Gremlin Nob","floor":10.0,"turns":2.0},{"damage":11.0,"enemies":"Blue Slaver","floor":11.0,"turns":5.0},{"damage":8.0,"enemies":"Lots of Slimes","floor":13.0,"turns":4.0},{"damage":16.0,"enemies":"Red Slaver","floor":14.0,"turns":7.0},{"damage":54.0,"enemies":"The Guardian","floor":16.0,"turns":10.0},{"damage":19.0,"enemies":"Chosen","floor":18.0,"turns":6.0},{"damage":32.0,"enemies":"3 Byrds","floor":19.0,"turns":9.0},{"damage":12.0,"enemies":"Cultist and Chosen","floor":21.0,"turns":5.0},{"damage":22.0,"enemies":"Centurion and Healer","floor":22.0,"turns":9.0},{"damage":7.0,"enemies":"Snecko","floor":25.0,"turns":4.0},{"damage":13.0,"enemies":"Cultist and Chosen","floor":30.0,"turns":6.0},{"damage":23.0,"enemies":"3 Cultists","floor":31.0,"turns":5.0},{"damage":132.0,"enemies":"Collector","floor":33.0,"turns":11.0},{"damage":9.0,"enemies":"3 Shapes","floor":35.0,"turns":8.0},{"damage":15.0,"enemies":"3 Darklings","floor":37.0,"turns":7.0},{"damage":41.0,"enemies":"Reptomancer","floor":40.0,"turns":4.0},{"damage":81.0,"enemies":"Transient","floor":45.0,"turns":6.0},{"damage":32.0,"enemies":"Jaw Worm Horde","floor":48.0,"turns":7.0},{"damage":36,"enemies":"Time Eater","floor":50,"turns":5}],"seed_played":"-1363431867619384511","potions_obtained":[{"floor":7.0,"key":"Poison Potion"},{"floor":10.0,"key":"LiquidBronze"},{"floor":13.0,"key":"Energy Potion"},{"floor":16.0,"key":"Weak Potion"},{"floor":19.0,"key":"Dexterity Potion"},{"floor":21.0,"key":"FearPotion"},{"floor":33.0,"key":"FearPotion"},{"floor":36.0,"key":"Weak Potion"},{"floor":40.0,"key":"Strength Potion"}],"is_trial":false,"path_per_floor":["M","$","?","M","M","R","E","R","T","E","M","?","M","M","R","B",null,"M","M","?","M","M","R","?","M","T","R","T","R","M","M","R","B",null,"M","?","M","$","T","E","R","$","T","R","M","?","?","M","R","B"],"character_chosen":"IRONCLAD","items_purchased":["Feed","Bag of Marbles","Medical Kit","Double Tap","AttackPotion","Shrug It Off"],"campfire_rested":0,"item_purchase_floors":[2,2,38,38,42,42],"current_hp_per_floor":[70,70,70,78,80,80,59,59,59,65,64,64,66,60,60,16,79,73,56,56,66,60,60,83,82,82,82,82,82,91,92,92,22,96,97,97,124,124,124,104,104,104,114,114,39,39,39,35,35,0],"gold":46,"neow_bonus":"TWO_FIFTY_GOLD","is_prod":false,"is_daily":false,"chose_seed":false,"campfire_upgraded":4,"win_rate":0,"timestamp":1553314266,"path_taken":["M","$","?","?","M","R","E","R","T","E","M","?","M","?","R","BOSS","M","M","?","?","?","R","?","M","T","R","?","R","M","M","R","BOSS","M","?","?","$","?","E","R","$","T","R","M","?","?","M","R","BOSS"],"build_version":"2019-01-23","purchased_purges":2,"victory":false,"max_hp_per_floor":[75,75,75,78,81,81,84,84,84,84,88,88,92,96,96,100,100,104,108,108,112,116,116,116,116,116,116,116,116,120,120,120,120,120,124,124,124,124,124,124,124,124,134,134,134,134,134,134,134,134],"card_choices":[{"not_picked":["Searing Blow","Intimidate"],"picked":"Iron Wave","floor":1.0},{"not_picked":["Dropkick","Clash"],"picked":"Carnage","floor":4.0},{"not_picked":["Thunderclap","Body Slam","Iron Wave"],"picked":"SKIP","floor":5.0},{"not_picked":["Power Through","Evolve"],"picked":"Shrug It Off","floor":7.0},{"not_picked":["Pommel Strike","Rampage","Havoc"],"picked":"SKIP","floor":10.0},{"not_picked":["Corruption","Perfected Strike"],"picked":"Feel No Pain","floor":11.0},{"not_picked":["Anger","Blood for Blood","Heavy Blade"],"picked":"SKIP","floor":13.0},{"not_picked":["Clothesline","Havoc"],"picked":"Shrug It Off","floor":14.0},{"not_picked":["Demon Form","Berserk"],"picked":"Reaper","floor":16.0},{"not_picked":["Perfected Strike+1","Flex"],"picked":"Headbutt+1","floor":18.0},{"not_picked":["Feel No Pain+1","Seeing Red"],"picked":"Shrug It Off","floor":19.0},{"not_picked":["Twin Strike+1","Headbutt+1","Evolve"],"picked":"SKIP","floor":21.0},{"not_picked":["Clash+1","Havoc"],"picked":"Second Wind","floor":22.0},{"not_picked":["Warcry","Anger+1","Cleave+1"],"picked":"Flame Barrier+1","floor":25.0},{"not_picked":["Flame Barrier","Blood for Blood+1","Combust+1"],"picked":"Demon Form","floor":30.0},{"not_picked":["Inflame","Pommel Strike+1","Second Wind","Combust"],"picked":"SKIP","floor":31.0},{"not_picked":["Fiend Fire+1","Brutality","Limit Break"],"picked":"Offering","floor":33.0},{"not_picked":["Feel No Pain","Ghostly Armor","Perfected Strike+1"],"picked":"Heavy Blade+1","floor":35.0},{"not_picked":["Clothesline+1","Flex","Fire Breathing+1","Cleave+1"],"picked":"SKIP","floor":37.0},{"not_picked":["Reckless Charge+1","Shrug It Off","Clothesline+1"],"picked":"Power Through","floor":40.0},{"not_picked":["Flame Barrier+1","Dropkick+1","Bludgeon+1"],"picked":"Heavy Blade+1","floor":45.0},{"not_picked":["Good Instincts+1","Dramatic Entrance+1","Transmutation+1"],"picked":"Secret Technique+1","floor":47.0},{"not_picked":["Anger+1","Havoc+1","Intimidate+1"],"picked":"Seeing Red+1","floor":48.0}],"player_experience":775223,"relics_obtained":[{"floor":7.0,"key":"Whetstone"},{"floor":9.0,"key":"Omamori"},{"floor":10.0,"key":"Gambling Chip"},{"floor":17.0,"key":"Regal Pillow"},{"floor":17.0,"key":"Molten Egg 2"},{"floor":17.0,"key":"Shovel"},{"floor":23.0,"key":"Question Card"},{"floor":26.0,"key":"Mercury Hourglass"},{"floor":27.0,"key":"Centennial Puzzle"},{"floor":28.0,"key":"War Paint"},{"floor":29.0,"key":"Matryoshka"},{"floor":39.0,"key":"PreservedInsect"},{"floor":39.0,"key":"Juzu Bracelet"},{"floor":40.0,"key":"Calipers"},{"floor":41.0,"key":"Smiling Mask"},{"floor":43.0,"key":"Anchor"},{"floor":43.0,"key":"Pear"},{"floor":44.0,"key":"Toxic Egg 2"},{"floor":46.0,"key":"Gremlin Horn"},{"floor":49.0,"key":"Dead Branch"}],"event_choices":[{"damage_healed":0.0,"max_hp_gain":0.0,"max_hp_loss":0.0,"gold_gain":0.0,"cards_transformed":["Strike_R"],"event_name":"Transmorgrifier","player_choice":"Transformed","floor":3.0,"gold_loss":0.0,"damage_taken":0.0,"cards_obtained":["Pommel Strike"]},{"damage_healed":0.0,"max_hp_gain":0.0,"max_hp_loss":0.0,"gold_gain":0.0,"event_name":"Match and Keep!","player_choice":"0 cards matched","floor":12.0,"gold_loss":0.0,"damage_taken":0.0,"cards_obtained":[]},{"cards_removed":["Decay"],"damage_healed":0.0,"max_hp_gain":0.0,"max_hp_loss":0.0,"gold_gain":0.0,"event_name":"Bonfire Elementals","player_choice":"Offered Curse","floor":20.0,"gold_loss":0.0,"damage_taken":0.0,"relics_obtained":["Spirit Poop"]},{"damage_healed":23.0,"max_hp_gain":0.0,"max_hp_loss":0.0,"gold_gain":0.0,"event_name":"The Library","player_choice":"Heal","floor":24.0,"gold_loss":0.0,"damage_taken":0.0},{"damage_healed":0.0,"max_hp_gain":0.0,"max_hp_loss":0.0,"gold_gain":0.0,"event_name":"The Woman in Blue","player_choice":"Bought 2 Potions","floor":36.0,"gold_loss":0.0,"damage_taken":0.0},{"damage_healed":0.0,"max_hp_gain":0.0,"max_hp_loss":0.0,"gold_gain":0.0,"event_name":"Wheel of Change","player_choice":"Relic","floor":46.0,"gold_loss":0.0,"damage_taken":0.0},{"damage_healed":0.0,"max_hp_gain":0.0,"max_hp_loss":0.0,"gold_gain":0.0,"event_name":"SensoryStone","player_choice":"Memory 1","floor":47.0,"gold_loss":0.0,"damage_taken":0.0}],"is_beta":false,"boss_relics":[{"not_picked":["Lizard Tail","Runic Cube"],"picked":"Calling Bell"},{"not_picked":["Mark of Pain","White Beast Statue"],"picked":"Coffee Dripper"}],"items_purged_floors":[38,42],"is_endless":false,"potions_floor_spawned":[7,10,13,16,19,21,33,40],"killed_by":"Time Eater","ascension_level":20}