{"gold_per_floor":[114,128,128,45,59,90,103,103,151,151,151,168,188,219,219,293,293,193,0,0,0,0],"floor_reached":22,"playtime":1296,"items_purged":[],"score":396,"play_id":"ccaa059a-1f1f-4c2d-adc2-692f4172dd30","local_time":"20190323180017","is_ascension_mode":true,"campfire_choices":[{"data":"Noxious Fumes","floor":8,"key":"SMITH"},{"floor":10,"key":"REST"},{"floor":15,"key":"REST"}],"neow_cost":"NONE","seed_source_timestamp":399933177942007,"circlet_count":0,"master_deck":["AscendersBane","Defend_G","Defend_G","Defend_G","Defend_G","Defend_G","Strike_G","Strike_G","Strike_G","Strike_G","Strike_G","Survivor","Neutralize+1","Noxious Fumes+1","Backflip","Quick Slash","Unload","Blur","Catalyst","Footwork","Backstab","Blade Dance","A Thousand Cuts","Well Laid Plans","PiercingWail","Footwork+1","Dodge and Roll+1"],"relics":["Ring of the Snake","Bottled Lightning","Dream Catcher","Oddly Smooth Stone","Ectoplasm","Art of War"],"potions_floor_usage":[6,12,16,16,22,22],"damage_taken":[{"damage":1,"enemies":"2 Louse","floor":1,"turns":4},{"damage":1,"enemies":"Cultist","floor":2,"turns":5},{"damage":0,"enemies":"Jaw Worm","floor":5,"turns":4},{"damage":22,"enemies":"Lagavulin","floor":6,"turns":8},{"damage":1,"enemies":"2 Fungi Beasts","floor":7,"turns":4},{"damage":0,"enemies":"Large Slime","floor":12,"turns":7},{"damage":0,"enemies":"Exordium Wildlife","floor":13,"turns":3},{"damage":19,"enemies":"3 Sentries","floor":14,"turns":9},{"damage":38,"enemies":"Slime Boss","floor":16,"turns":10},{"damage":10,"enemies":"2 Thieves","floor":18,"turns":4},{"damage":29,"enemies":"Spheric Guardian","floor":20,"turns":6},{"damage":9,"enemies":"Centurion and Healer","floor":21,"turns":10},{"damage":44,"enemies":"Chosen and Byrds","floor":22,"turns":5}],"seed_played":"7235717565947146213","potions_obtained":[{"floor":5,"key":"AttackPotion"},{"floor":6,"key":"LiquidBronze"},{"floor":11,"key":"SteroidPotion"},{"floor":11,"key":"Fruit Juice"},{"floor":12,"key":"GamblersBrew"},{"floor":16,"key":"Dexterity Potion"},{"floor":20,"key":"SneckoOil"}],"is_trial":false,"path_per_floor":["M","M","?","$","M","E","M","R","T","R","?","M","M","E","R","B",null,"M","$","M","M","M"],"character_chosen":"THE_SILENT","items_purchased":["Unload","Art of War","PiercingWail"],"campfire_rested":2,"item_purchase_floors":[4,19,19],"current_hp_per_floor":[58,57,57,57,57,35,34,34,34,53,53,58,58,39,60,22,59,49,49,20,11,0],"gold":0,"neow_bonus":"THREE_CARDS","is_prod":false,"is_daily":false,"chose_seed":false,"campfire_upgraded":1,"win_rate":0,"timestamp":1553331617,"path_taken":["M","M","?","$","M","E","M","R","T","R","?","?","M","E","R","BOSS","M","$","M","M","M"],"build_version":"2019-01-23","purchased_purges":0,"victory":false,"max_hp_per_floor":[66,66,66,66,66,66,66,66,66,66,66,71,71,71,71,71,71,71,71,71,71,71],"card_choices":[{"not_picked":["Acrobatics","Outmaneuver"],"picked":"Noxious Fumes","floor":0},{"not_picked":["Bane","Terror"],"picked":"Backflip","floor":1},{"not_picked":["Outmaneuver","Deflect"],"picked":"Quick Slash","floor":2},{"not_picked":["Deadly Poison","Bane"],"picked":"Blur","floor":5},{"not_picked":["Backflip","Blur"],"picked":"Catalyst","floor":6},{"not_picked":["Reflex","Flechettes"],"picked":"Footwork","floor":7},{"not_picked":["Prepared","Crippling Poison"],"picked":"Backstab","floor":10},{"not_picked":["Sucker Punch","Caltrops","Deadly Poison"],"picked":"SKIP","floor":12},{"not_picked":["Dash","Heel Hook","Flying Knee"],"picked":"SKIP","floor":13},{"not_picked":["Deflect","Sucker Punch","Blur"],"picked":"SKIP","floor":14},{"not_picked":["Slice","Dodge and Roll"],"picked":"Blade Dance","floor":15},{"not_picked":["Malaise","Glass Knife"],"picked":"A Thousand Cuts","floor":16},{"not_picked":["Escape Plan","Bane"],"picked":"Well Laid Plans","floor":18},{"not_picked":["Dagger Spray","Outmaneuver+1"],"picked":"Footwork+1","floor":20},{"not_picked":["Blade Dance","Finisher"],"picked":"Dodge and Roll+1","floor":21}],"player_experience":780381,"relics_obtained":[{"floor":6,"key":"Bottled Lightning"},{"floor":9,"key":"Dream Catcher"},{"floor":14,"key":"Oddly Smooth Stone"}],"event_choices":[{"damage_healed":0,"gold_gain":0,"player_choice":"Grow","damage_taken":0,"max_hp_gain":0,"max_hp_loss":0,"event_name":"Living Wall","floor":3,"gold_loss":0,"cards_upgraded":["Neutralize"]},{"damage_healed":0,"gold_gain":0,"player_choice":"Got Potions","damage_taken":0,"max_hp_gain":0,"max_hp_loss":0,"event_name":"Lab","floor":11,"gold_loss":0}],"is_beta":false,"boss_relics":[{"not_picked":["Lizard Tail","White Beast Statue"],"picked":"Ectoplasm"}],"items_purged_floors":[],"is_endless":false,"potions_floor_spawned":[5,6,12,16,20],"killed_by":"Chosen and Byrds","ascension_level":20}