{"path_per_floor":["M","M","M","?","M","E","R","?","T","R","M","M","M","M","R","B",null,"M","M","M","M","?","R","M","R","T","M","M","M","M","M","R","B",null,"M","M","$","?","?","R","M","M","T","R","$","E","R","M","R","B"],"character_chosen":"IRONCLAD","items_purchased":["Bag of Marbles","Rage+1","Whetstone","Shrug It Off+1","Finesse+1","Seeing Red+1"],"gold_per_floor":[113,130,148,148,163,193,193,193,193,193,210,220,238,258,258,361,361,380,394,408,424,424,424,436,436,436,453,464,478,498,513,513,617,617,635,645,379,379,379,379,395,408,408,408,34,63,63,74,74,74],"floor_reached":51,"campfire_rested":1,"playtime":5021,"item_purchase_floors":[37,37,45,45,45,45],"current_hp_per_floor":[88,88,88,88,75,39,39,39,39,39,41,43,39,44,44,14,88,77,78,72,70,70,70,75,75,75,69,67,67,45,27,53,23,88,88,83,83,73,73,73,75,74,74,74,74,80,80,91,91,45],"items_purged":["Normality"],"gold":74,"score":741,"play_id":"1ad14fb7-2eb3-49a4-b379-594fedfcbd44","local_time":"20180528231531","is_prod":false,"is_daily":false,"chose_seed":false,"is_ascension_mode":false,"campfire_upgraded":9,"win_rate":0,"timestamp":1527567331,"campfire_choices":[{"data":"Entrench","floor":7,"key":"SMITH"},{"data":"Inflame","floor":10,"key":"SMITH"},{"data":"Body Slam","floor":15,"key":"SMITH"},{"data":"Body Slam","floor":23,"key":"SMITH"},{"data":"Heavy Blade","floor":25,"key":"SMITH"},{"floor":32,"key":"REST"},{"data":"Bludgeon","floor":40,"key":"SMITH"},{"data":"Rage","floor":44,"key":"SMITH"},{"data":"Iron Wave","floor":47,"key":"SMITH"},{"data":"Bash","floor":49,"key":"SMITH"}],"path_taken":["M","M","M","?","M","E","R","?","T","R","M","M","M","M","R","BOSS","M","M","M","M","?","R","M","R","T","M","M","M","M","M","R","BOSS","M","?","$","?","?","R","M","M","T","R","$","E","R","M","R","BOSS"],"build_version":"2018-05-24","seed_source_timestamp":512743311592395,"purchased_purges":1,"victory":true,"master_deck":["Strike_R","Strike_R","Strike_R","Strike_R+1","Strike_R+1","Defend_R","Defend_R","Defend_R","Defend_R","Bash+1","Entrench+1","Rage+1","Inflame+1","Regret","Body Slam+1","Shrug It Off+1","Iron Wave+1","Body Slam+1","Rage+1","Offering+1","Heavy Blade+1","Shockwave+1","Rage+1","Shockwave+1","Flame Barrier+1","Battle Trance+1","Battle Trance+1","Flex+1","Flex+1","Bludgeon+1","Inflame+1","Rage+1","Dark Shackles+1","Apotheosis+1","Bandage Up+1","Shrug It Off+1","Heavy Blade+1","Doubt","Shrug It Off+1","Finesse+1","Seeing Red+1","Limit Break+1"],"max_hp_per_floor":[88,88,88,88,88,88,88,88,88,88,88,88,88,88,88,88,88,88,88,88,88,88,88,88,88,88,88,88,88,88,88,88,88,88,88,88,88,88,88,88,88,88,88,88,88,95,95,95,95,95],"relics":["Burning Blood","Self Forming Clay","Toxic Egg 2","Gremlin Horn","Cursed Key","Red Skull","Runic Cube","Bag of Marbles","Magic Flower","Whetstone","Strawberry"],"card_choices":[{"not_picked":["Clothesline","Burning Pact"],"picked":"Entrench","floor":1},{"not_picked":["Combust","Sever Soul"],"picked":"Rage","floor":2},{"not_picked":["Spot Weakness","Clothesline"],"picked":"Inflame","floor":3},{"not_picked":["Armaments","Warcry","Perfected Strike"],"picked":"SKIP","floor":5},{"not_picked":["True Grit","Sever Soul"],"picked":"Body Slam","floor":6},{"not_picked":["Sword Boomerang","Thunderclap"],"picked":"Shrug It Off+1","floor":11},{"not_picked":["Juggernaut","Perfected Strike"],"picked":"Iron Wave","floor":12},{"not_picked":["Intimidate+1","Heavy Blade"],"picked":"Body Slam","floor":13},{"not_picked":["Fire Breathing","Sentinel+1"],"picked":"Rage+1","floor":14},{"not_picked":["Fiend Fire","Feed"],"picked":"Offering+1","floor":16},{"not_picked":["Clothesline+1","Perfected Strike"],"picked":"Heavy Blade","floor":18},{"not_picked":["Combust","Flame Barrier+1"],"picked":"Shockwave+1","floor":19},{"not_picked":["Iron Wave","Twin Strike"],"picked":"Rage+1","floor":20},{"not_picked":["Blood for Blood","Flame Barrier+1"],"picked":"Shockwave+1","floor":21},{"not_picked":["True Grit+1","Iron Wave"],"picked":"Flame Barrier+1","floor":24},{"not_picked":["Sever Soul","Combust"],"picked":"Battle Trance+1","floor":27},{"not_picked":["Armaments+1","Blood for Blood"],"picked":"Battle Trance+1","floor":28},{"not_picked":["Body Slam","Heavy Blade+1"],"picked":"Flex+1","floor":29},{"not_picked":["Clothesline","Iron Wave"],"picked":"Flex+1","floor":30},{"not_picked":["Warcry+1","Dark Embrace","Reckless Charge"],"picked":"SKIP","floor":31},{"not_picked":["Dark Embrace","Juggernaut"],"picked":"Bludgeon","floor":33},{"not_picked":["Sword Boomerang+1","Clothesline+1","Twin Strike"],"picked":"SKIP","floor":35},{"not_picked":["Entrench+1","Anger"],"picked":"Inflame+1","floor":36},{"not_picked":["Purity","Blind"],"picked":"Dark Shackles","floor":38},{"not_picked":["Swift Strike","Good Instincts"],"picked":"Apotheosis","floor":38},{"not_picked":["Madness","Deep Breath"],"picked":"Bandage Up","floor":38},{"not_picked":["Cleave","Havoc+1"],"picked":"Shrug It Off+1","floor":41},{"not_picked":["Iron Wave","Fire Breathing+1"],"picked":"Heavy Blade+1","floor":42},{"not_picked":["Blood for Blood","Armaments+1","Second Wind+1"],"picked":"SKIP","floor":46},{"not_picked":["Anger+1","Sword Boomerang"],"picked":"Limit Break+1","floor":48}],"player_experience":51163,"potions_floor_usage":[5,12,19,27,28,30,31,33,33,50],"damage_taken":[{"damage":4,"enemies":"Jaw Worm","floor":1,"turns":5},{"damage":2,"enemies":"2 Louse","floor":2,"turns":2},{"damage":3,"enemies":"Small Slimes","floor":3,"turns":3},{"damage":19,"enemies":"Gremlin Gang","floor":5,"turns":5},{"damage":42,"enemies":"Lagavulin","floor":6,"turns":7},{"damage":4,"enemies":"Blue Slaver","floor":11,"turns":4},{"damage":4,"enemies":"Exordium Thugs","floor":12,"turns":4},{"damage":10,"enemies":"Lots of Slimes","floor":13,"turns":4},{"damage":1,"enemies":"Large Slime","floor":14,"turns":5},{"damage":36,"enemies":"Slime Boss","floor":16,"turns":5},{"damage":17,"enemies":"3 Byrds","floor":18,"turns":7},{"damage":5,"enemies":"Chosen","floor":19,"turns":5},{"damage":12,"enemies":"Centurion and Healer","floor":20,"turns":7},{"damage":8,"enemies":"Chosen and Byrds","floor":21,"turns":5},{"damage":1,"enemies":"Snecko","floor":24,"turns":4},{"damage":12,"enemies":"Snake Plant","floor":27,"turns":4},{"damage":8,"enemies":"Cultist and Chosen","floor":28,"turns":4},{"damage":6,"enemies":"3 Cultists","floor":29,"turns":5},{"damage":28,"enemies":"Snecko","floor":30,"turns":6},{"damage":24,"enemies":"Centurion and Healer","floor":31,"turns":5},{"damage":36,"enemies":"Collector","floor":33,"turns":7},{"damage":5,"enemies":"3 Shapes","floor":35,"turns":3},{"damage":11,"enemies":"3 Darklings","floor":36,"turns":5},{"damage":10,"enemies":"Sphere and 2 Shapes","floor":41,"turns":3},{"damage":13,"enemies":"Maw","floor":42,"turns":6},{"damage":19,"enemies":"Giant Head","floor":46,"turns":5},{"damage":7,"enemies":"3 Darklings","floor":48,"turns":5},{"damage":64,"enemies":"Awakened One","floor":50,"turns":10}],"relics_obtained":[{"floor":6,"key":"Toxic Egg 2"},{"floor":9,"key":"Gremlin Horn"},{"floor":26,"key":"Red Skull"},{"floor":43,"key":"Magic Flower"},{"floor":46,"key":"Strawberry"}],"event_choices":[{"event_name":"Big Fish","player_choice":"Box","floor":4,"damage_taken":0},{"event_name":"Golden Wing","player_choice":"Ignored","floor":8,"damage_taken":0},{"event_name":"The Lab","player_choice":"Got Potions","floor":22,"damage_taken":0},{"event_name":"SensoryStone","player_choice":"Memory 3","floor":38,"damage_taken":0},{"event_name":"Tomb of Lord Red Mask","player_choice":"Ignored","floor":39,"damage_taken":0}],"boss_relics":[{"not_picked":["Mark of Pain","Orrery"],"picked":"Cursed Key"},{"not_picked":["Snecko Eye","Calling Bell"],"picked":"Runic Cube"}],"items_purged_floors":[37],"potions_floor_spawned":[2,5,6,13,16,20,27,29,30,31,36,48],"seed_played":"8207923451425769623","ascension_level":0,"potions_obtained":[{"floor":2,"key":"SkillPotion"},{"floor":5,"key":"EssenceOfSteel"},{"floor":6,"key":"Explosive Potion"},{"floor":13,"key":"FairyPotion"},{"floor":16,"key":"EssenceOfSteel"},{"floor":20,"key":"FearPotion"},{"floor":22,"key":"Explosive Potion"},{"floor":22,"key":"Fire Potion"},{"floor":27,"key":"Swift Potion"},{"floor":29,"key":"SteroidPotion"},{"floor":30,"key":"LiquidBronze"},{"floor":31,"key":"AttackPotion"},{"floor":36,"key":"FairyPotion"},{"floor":48,"key":"SpeedPotion"}],"is_trial":false}