{"gold_per_floor":[217,231,231,0,0,0,32,32,32,62,62,77,77,91,91,91],"floor_reached":16,"playtime":682,"items_purged":["Strike_G"],"score":162,"play_id":"68793770-df7a-4b2d-be3d-d61a42f593d8","local_time":"20190329132401","is_ascension_mode":true,"campfire_choices":[{"data":"Corpse Explosion","floor":6,"key":"SMITH"},{"data":"Noxious Fumes","floor":8,"key":"SMITH"},{"floor":11,"key":"REST"},{"floor":15,"key":"REST"}],"neow_cost":"NONE","seed_source_timestamp":401967306818095,"circlet_count":0,"master_deck":["AscendersBane","Defend_G","Defend_G","Defend_G","Defend_G","Defend_G","Strike_G","Strike_G","Strike_G","Strike_G","Survivor","Neutralize","Cloak And Dagger","Corpse Explosion+1","Noxious Fumes+1","Blur","PiercingWail","Escape Plan+1"],"relics":["Ring of the Snake","Juzu Bracelet","Bottled Lightning","Pen Nib","Blood Vial","Toxic Egg 2"],"potions_floor_usage":[16,16],"damage_taken":[{"damage":1,"enemies":"2 Louse","floor":1,"turns":3},{"damage":0,"enemies":"Jaw Worm","floor":2,"turns":5},{"damage":20,"enemies":"3 Sentries","floor":7,"turns":5},{"damage":32,"enemies":"Gremlin Nob","floor":10,"turns":5},{"damage":8,"enemies":"Small Slimes","floor":12,"turns":3},{"damage":3,"enemies":"Looter","floor":14,"turns":3},{"damage":53,"enemies":"Slime Boss","floor":16,"turns":9}],"seed_played":"5766232217976452092","potions_obtained":[{"floor":1,"key":"FearPotion"},{"floor":2,"key":"Swift Potion"}],"is_trial":false,"path_per_floor":["M","M","?","$","?","R","E","R","T","E","R","M","T","M","R","B"],"character_chosen":"THE_SILENT","items_purchased":["Corpse Explosion","Noxious Fumes"],"campfire_rested":2,"item_purchase_floors":[4,4],"current_hp_per_floor":[62,62,67,67,64,64,44,44,44,12,34,28,28,27,49,0],"gold":91,"neow_bonus":"HUNDRED_GOLD","is_prod":false,"is_daily":false,"chose_seed":false,"campfire_upgraded":2,"win_rate":0,"timestamp":1553862241,"path_taken":["M","M","?","$","?","R","E","R","T","E","R","M","?","M","R","BOSS"],"build_version":"2019-01-23","purchased_purges":1,"victory":false,"max_hp_per_floor":[70,70,75,75,75,75,75,75,75,75,75,75,75,75,75,75],"card_choices":[{"not_picked":["Slice","Backflip"],"picked":"Cloak And Dagger","floor":1},{"not_picked":["Outmaneuver","Sucker Punch","Prepared"],"picked":"SKIP","floor":2},{"not_picked":["Flying Knee","Sucker Punch"],"picked":"Blur","floor":7},{"not_picked":["Dash","Masterful Stab"],"picked":"PiercingWail","floor":10},{"not_picked":["Backstab","Heel Hook","Dagger Throw"],"picked":"SKIP","floor":12},{"not_picked":["Predator","Setup+1"],"picked":"Escape Plan+1","floor":14}],"player_experience":392711,"relics_obtained":[{"floor":7,"key":"Bottled Lightning"},{"floor":9,"key":"Pen Nib"},{"floor":10,"key":"Blood Vial"},{"floor":13,"key":"Toxic Egg 2"}],"event_choices":[{"damage_healed":0,"gold_gain":0,"player_choice":"Donut","damage_taken":0,"max_hp_gain":5,"max_hp_loss":0,"event_name":"Big Fish","floor":3,"gold_loss":0},{"damage_healed":0,"gold_gain":0,"player_choice":"Success","damage_taken":3,"relics_obtained":["Juzu Bracelet"],"max_hp_gain":0,"max_hp_loss":0,"event_name":"Scrap Ooze","floor":5,"gold_loss":0}],"is_beta":false,"boss_relics":[],"items_purged_floors":[4],"is_endless":false,"potions_floor_spawned":[1,2],"killed_by":"Slime Boss","ascension_level":10}