{"gold_per_floor":[118,118,118,118,141,141,162,162,240,284,284,174,218,180,192,323,335,365,396,333,358,11,11,32,50,75,75,75,89,89,130,130,255,255,280,293,306,324,657,684,684,695,695,695,695,695,24,41,41,41],"floor_reached":51,"playtime":1974,"items_purged":["Decay","Strike_R","Strike_R+1"],"score":1058,"play_id":"c24c5ac4-27b8-447f-8d1e-0e385f1c4e9b","local_time":"20190112104713","is_ascension_mode":true,"campfire_choices":[{"data":"Bash","floor":6,"key":"SMITH"},{"data":"Carnage","floor":8,"key":"SMITH"},{"floor":11,"key":"REST"},{"data":"Uppercut","floor":15,"key":"SMITH"},{"data":"Bludgeon","floor":23,"key":"SMITH"},{"data":"Impervious","floor":28,"key":"SMITH"},{"data":"Rampage","floor":30,"key":"SMITH"},{"data":"Rampage","floor":32,"key":"SMITH"},{"floor":41,"key":"REST"},{"data":"Blind","floor":46,"key":"SMITH"},{"floor":49,"key":"REST"}],"neow_cost":"NONE","seed_source_timestamp":639373203495400,"circlet_count":0,"master_deck":["AscendersBane","Defend_R+1","Defend_R+1","Defend_R+1","Defend_R+1","Bash+1","Rampage+1","Carnage+1","Rampage+1","Uppercut+1","Impervious+1","Bludgeon+1","Ghostly Armor+1","Body Slam+1","Shockwave+1","Fire Breathing+1","Blind+1","Trip"],"relics":["Burning Blood","Gremlin Horn","Bottled Flame","Pocketwatch","MawBank","Busted Crown","Ornamental Fan","Ancient Tea Set","Sundial","Eternal Feather","Whetstone","Potion Belt","Oddly Smooth Stone","Letter Opener"],"potions_floor_usage":[16,18,33,33,33,40,48,50,50,50,50,50,50,50,50,50,50,50,50,50,50],"damage_taken":[{"damage":7,"enemies":"Small Slimes","floor":1,"turns":4},{"damage":13,"enemies":"Jaw Worm","floor":5,"turns":4},{"damage":0,"enemies":"2 Louse","floor":7,"turns":2},{"damage":26,"enemies":"3 Sentries","floor":10,"turns":7},{"damage":40,"enemies":"Lagavulin","floor":13,"turns":4},{"damage":29,"enemies":"Hexaghost","floor":16,"turns":10},{"damage":2,"enemies":"Shell Parasite","floor":18,"turns":3},{"damage":1,"enemies":"Spheric Guardian","floor":19,"turns":3},{"damage":9,"enemies":"Shelled Parasite and Fungi","floor":21,"turns":4},{"damage":2,"enemies":"Snake Plant","floor":24,"turns":3},{"damage":0,"enemies":"Snecko","floor":25,"turns":2},{"damage":0,"enemies":"Centurion and Healer","floor":29,"turns":3},{"damage":3,"enemies":"Slavers","floor":31,"turns":4},{"damage":30,"enemies":"Collector","floor":33,"turns":6},{"damage":0,"enemies":"3 Darklings","floor":35,"turns":6},{"damage":0,"enemies":"3 Shapes","floor":36,"turns":3},{"damage":0,"enemies":"Transient","floor":37,"turns":5},{"damage":0,"enemies":"Maw","floor":38,"turns":7},{"damage":60,"enemies":"Giant Head","floor":40,"turns":8},{"damage":0,"enemies":"Sphere and 2 Shapes","floor":42,"turns":4},{"damage":21,"enemies":"Spire Growth","floor":48,"turns":4},{"damage":26,"enemies":"Donu and Deca","floor":50,"turns":7}],"seed_played":"5433992051016027574","potions_obtained":[{"floor":1,"key":"SpeedPotion"},{"floor":13,"key":"Poison Potion"},{"floor":16,"key":"Ancient Potion"},{"floor":19,"key":"Fire Potion"},{"floor":25,"key":"EssenceOfSteel"},{"floor":31,"key":"Explosive Potion"},{"floor":35,"key":"AttackPotion"},{"floor":38,"key":"Dexterity Potion"},{"floor":45,"key":"EntropicBrew"},{"floor":45,"key":"EntropicBrew"},{"floor":45,"key":"Energy Potion"},{"floor":48,"key":"LiquidBronze"}],"is_trial":false,"path_per_floor":["M","?","T","?","M","R","M","R","T","E","R","$","E","?","R","B",null,"M","M","?","M","$","R","M","M","T","?","R","M","R","E","R","B",null,"M","M","M","M","?","E","R","M","T","?","?","R","$","M","R","B",null],"character_chosen":"IRONCLAD","items_purchased":["Uppercut","Ornamental Fan","Strength Potion","Oddly Smooth Stone","Letter Opener","Trip"],"campfire_rested":3,"item_purchase_floors":[12,22,47,47,47,47],"current_hp_per_floor":[71,71,71,71,64,64,70,70,70,50,72,72,38,38,38,15,59,63,68,68,65,65,65,69,74,74,74,74,74,74,74,74,50,68,74,74,74,74,74,20,51,57,57,47,47,56,56,41,72,52],"gold":41,"neow_bonus":"TRANSFORM_CARD","is_prod":false,"is_daily":false,"chose_seed":false,"campfire_upgraded":8,"win_rate":0,"timestamp":1547257633,"path_taken":["M","?","?","?","?","R","?","R","T","E","R","$","E","?","R","BOSS","M","M","?","M","$","R","M","M","T","?","R","?","R","E","R","BOSS","M","M","M","M","?","E","R","M","T","?","?","R","$","M","R","BOSS"],"build_version":"2019-01-10","purchased_purges":3,"victory":true,"max_hp_per_floor":[80,74,74,74,74,74,74,74,74,74,74,74,74,74,74,74,74,74,74,74,74,74,74,74,74,74,74,74,74,74,74,74,74,74,74,74,74,74,74,74,74,74,74,74,74,74,74,74,74,74],"card_choices":[{"not_picked":["Armaments","Thunderclap"],"picked":"Carnage","floor":1},{"not_picked":["Thunderclap","Flex"],"picked":"Rampage","floor":5},{"not_picked":["Flex","Clothesline","Wild Strike"],"picked":"SKIP","floor":7},{"not_picked":["Headbutt","Clash","Burning Pact"],"picked":"SKIP","floor":10},{"not_picked":["Carnage","Rampage"],"picked":"Impervious","floor":13},{"not_picked":["Immolate","Impervious"],"picked":"Bludgeon","floor":16},{"not_picked":["Twin Strike"],"picked":"SKIP","floor":18},{"not_picked":[],"picked":"Ghostly Armor+1","floor":19},{"not_picked":["Evolve"],"picked":"SKIP","floor":21},{"not_picked":[],"picked":"Body Slam+1","floor":24},{"not_picked":["Clash"],"picked":"SKIP","floor":25},{"not_picked":["Twin Strike+1"],"picked":"SKIP","floor":29},{"not_picked":["Twin Strike"],"picked":"SKIP","floor":31},{"not_picked":[],"picked":"Shockwave+1","floor":35},{"not_picked":["Anger"],"picked":"SKIP","floor":36},{"not_picked":["Ghostly Armor"],"picked":"SKIP","floor":37},{"not_picked":[],"picked":"Fire Breathing+1","floor":38},{"not_picked":["Second Wind+1"],"picked":"SKIP","floor":40},{"not_picked":["Corruption"],"picked":"SKIP","floor":42},{"not_picked":[],"picked":"Blind","floor":44},{"not_picked":["Body Slam"],"picked":"SKIP","floor":48}],"player_experience":365836,"relics_obtained":[{"floor":3,"key":"Gremlin Horn"},{"floor":9,"key":"Bottled Flame"},{"floor":10,"key":"Pocketwatch"},{"floor":13,"key":"MawBank"},{"floor":26,"key":"Ancient Tea Set"},{"floor":31,"key":"Sundial"},{"floor":40,"key":"Whetstone"},{"floor":43,"key":"Potion Belt"}],"event_choices":[{"damage_healed":0,"gold_gain":0,"player_choice":"Lose Max HP","damage_taken":0,"relics_obtained":["Golden Idol"],"max_hp_gain":0,"max_hp_loss":6,"event_name":"Golden Idol","floor":2,"gold_loss":0},{"damage_healed":0,"gold_gain":0,"player_choice":"Cursed","damage_taken":0,"max_hp_gain":0,"max_hp_loss":0,"event_name":"Wheel of Change","floor":4,"gold_loss":0,"cards_obtained":["Decay"]},{"cards_removed":["Strike_R"],"damage_healed":0,"gold_gain":0,"player_choice":"Card Removal","damage_taken":0,"max_hp_gain":0,"max_hp_loss":0,"event_name":"The Cleric","floor":14,"gold_loss":50},{"cards_removed":["Strike_R"],"damage_healed":0,"gold_gain":0,"player_choice":"Gave Gold","damage_taken":0,"max_hp_gain":0,"max_hp_loss":0,"event_name":"Beggar","floor":20,"gold_loss":75},{"damage_healed":0,"gold_gain":0,"player_choice":"Simplicity","damage_taken":0,"max_hp_gain":0,"max_hp_loss":0,"event_name":"Back to Basics","floor":27,"gold_loss":0,"cards_upgraded":["Strike_R","Defend_R","Defend_R","Defend_R","Defend_R"]},{"damage_healed":0,"gold_gain":333,"player_choice":"Gave Idol","damage_taken":0,"max_hp_gain":0,"max_hp_loss":0,"event_name":"The Moai Head","floor":39,"relics_lost":["Golden Idol"],"gold_loss":0},{"damage_healed":0,"gold_gain":0,"player_choice":"Memory 3","damage_taken":10,"max_hp_gain":0,"max_hp_loss":0,"event_name":"SensoryStone","floor":44,"gold_loss":0},{"damage_healed":0,"gold_gain":0,"player_choice":"Got Potions","damage_taken":0,"max_hp_gain":0,"max_hp_loss":0,"event_name":"Lab","floor":45,"gold_loss":0}],"is_beta":false,"boss_relics":[{"not_picked":["Fusion Hammer","Philosopher\u0027s Stone"],"picked":"Busted Crown"},{"not_picked":["Empty Cage","Runic Pyramid"],"picked":"Eternal Feather"}],"items_purged_floors":[12,22,47],"is_endless":false,"potions_floor_spawned":[1,13,16,19,25,31,35,38,48],"ascension_level":10}