{"gold_per_floor":[119,119,72,147,166,166,201,201,225,251,264,38,38,57,57,154,154,164,181,194,194,212,241,241,271,271,290,315,333,0,29,29,128,128,143,143,156,174,188,188,222,51,104,116,116,126,139,165,165,165,165,165,115,148,148],"floor_reached":55,"playtime":3876,"items_purged":["Strike_G","Decay","Strike_G","Strike_G"],"score":1161,"play_id":"0b1faa99-53a3-49b3-8651-4c6f83489599","local_time":"20190309120346","is_ascension_mode":true,"campfire_choices":[{"data":"Backstab","floor":6.0,"key":"SMITH"},{"data":"Footwork","floor":8.0,"key":"SMITH"},{"data":"Caltrops","floor":13.0,"key":"SMITH"},{"data":"Backstab","floor":15.0,"key":"SMITH"},{"data":"Phantasmal Killer","floor":24,"key":"SMITH"},{"data":"Apotheosis","floor":32,"key":"SMITH"},{"floor":40,"key":"RECALL"},{"floor":45,"key":"REST"},{"data":"Caltrops","floor":49,"key":"SMITH"},{"data":"Footwork","floor":52,"key":"SMITH"}],"neow_cost":"NONE","seed_source_timestamp":1819469880325279,"circlet_count":0,"master_deck":["Defend_G","Defend_G","Defend_G","Defend_G","Defend_G","Strike_G","Strike_G","Survivor","Neutralize+1","Backstab+1","Dagger Spray","Dash","Footwork+1","Caltrops+1","Die Die Die","Backstab+1","Phantasmal Killer+1","Quick Slash","Flying Knee","Dodge and Roll","Cloak And Dagger+1","Deflect","Die Die Die","Footwork+1","Dodge and Roll","Apotheosis+1","Caltrops+1","Cloak And Dagger","Well Laid Plans+1","Night Terror","Deadly Poison+1","Footwork+1","Expertise+1","Cloak And Dagger","Footwork+1","Caltrops","Backflip","Caltrops","Blur","Backflip+1","Deflect+1"],"special_seed":0,"relics":["Ring of the Snake","NeowsBlessing","Blood Vial","Anchor","Paper Crane","PreservedInsect","Cursed Key","Bag of Marbles","Regal Pillow","Tough Bandages","Smiling Mask","Omamori","Sozu","Question Card","Dream Catcher","Nunchaku"],"potions_floor_usage":[23,27,28,29,41,55,55],"damage_taken":[{"damage":0.0,"enemies":"Jaw Worm","floor":1.0,"turns":1.0},{"damage":0.0,"enemies":"Cultist","floor":5.0,"turns":1.0},{"damage":0.0,"enemies":"3 Sentries","floor":7.0,"turns":1.0},{"damage":22.0,"enemies":"Gremlin Nob","floor":10.0,"turns":5.0},{"damage":0.0,"enemies":"Small Slimes","floor":11.0,"turns":2.0},{"damage":0.0,"enemies":"Blue Slaver","floor":14.0,"turns":2.0},{"damage":21.0,"enemies":"Hexaghost","floor":16.0,"turns":10.0},{"damage":4,"enemies":"3 Byrds","floor":18,"turns":3},{"damage":3,"enemies":"Shell Parasite","floor":19,"turns":4},{"damage":7,"enemies":"Snake Plant","floor":20,"turns":4},{"damage":0,"enemies":"Snecko","floor":22,"turns":4},{"damage":0,"enemies":"Gremlin Leader","floor":23,"turns":3},{"damage":0,"enemies":"Slavers","floor":25,"turns":2},{"damage":3,"enemies":"Shelled Parasite and Fungi","floor":27,"turns":5},{"damage":12,"enemies":"Book of Stabbing","floor":28,"turns":4},{"damage":0,"enemies":"Snake Plant","floor":29,"turns":2},{"damage":0,"enemies":"Gremlin Leader","floor":31,"turns":4},{"damage":7,"enemies":"Champ","floor":33,"turns":18},{"damage":0,"enemies":"3 Shapes","floor":35,"turns":1},{"damage":0,"enemies":"3 Darklings","floor":37,"turns":3},{"damage":0,"enemies":"Spire Growth","floor":38,"turns":5},{"damage":11,"enemies":"Jaw Worm Horde","floor":39,"turns":2},{"damage":1,"enemies":"Nemesis","floor":41,"turns":7},{"damage":30,"enemies":"3 Darklings","floor":44,"turns":4},{"damage":2,"enemies":"4 Shapes","floor":46,"turns":7},{"damage":7,"enemies":"Transient","floor":47,"turns":5},{"damage":3,"enemies":"Reptomancer","floor":48,"turns":4},{"damage":35,"enemies":"Awakened One","floor":50,"turns":16},{"damage":31,"enemies":"Shield and Spear","floor":54,"turns":9},{"damage":71,"enemies":"The Heart","floor":55,"turns":2}],"seed_played":"5613654467030502998","potions_obtained":[{"floor":5.0,"key":"Poison Potion"},{"floor":10.0,"key":"GhostInAJar"},{"floor":14.0,"key":"GamblersBrew"},{"floor":22,"key":"PowerPotion"},{"floor":25,"key":"Swift Potion"},{"floor":27,"key":"Regen Potion"},{"floor":28,"key":"Regen Potion"},{"floor":29,"key":"Dexterity Potion"}],"is_trial":false,"path_per_floor":["M","?","$","?","M","R","E","R","T","E","M","$","R","M","R","B",null,"M","M","M","?","M","E","R","E","T","M","E","M","$","E","R","B",null,"M","?","M","M","M","R","E","$","T","M","R","M","M","E","R","B",null,"R","$","E","B"],"character_chosen":"THE_SILENT","items_purchased":["Dagger Spray","PreservedInsect","Apotheosis","Caltrops","Cloak And Dagger","Caltrops","Backflip"],"campfire_rested":1,"item_purchase_floors":[3,12,30,30,30,42,42],"current_hp_per_floor":[70,70,70,59,59,59,59,59,59,39,41,41,41,43,43,24,59,57,56,51,44,46,48,48,50,50,49,51,53,53,55,55,50,65,67,67,69,70,59,59,60,60,60,32,68,68,63,62,62,29,60,60,60,31,0],"gold":148,"neow_bonus":"THREE_ENEMY_KILL","is_prod":false,"is_daily":false,"chose_seed":false,"campfire_upgraded":8,"win_rate":0,"timestamp":1552151026,"path_taken":["M","?","?","?","M","R","E","R","T","E","M","?","R","M","R","BOSS","M","?","M","?","?","E","R","E","T","M","E","?","$","E","R","BOSS","M","?","?","M","M","R","E","$","T","M","R","M","M","E","R","BOSS","R","$","E","BOSS"],"build_version":"2019-01-23","purchased_purges":4,"victory":false,"max_hp_per_floor":[70,70,70,70,70,70,70,70,70,70,70,70,70,70,70,70,70,70,70,70,70,70,70,70,70,70,70,70,70,70,70,70,70,70,70,70,70,70,70,70,70,70,70,70,70,70,70,70,70,70,70,70,70,70,70],"card_choices":[{"not_picked":["Sucker Punch","Dash"],"picked":"Backstab","floor":1.0},{"not_picked":["Deflect","Expertise"],"picked":"Dash","floor":5.0},{"not_picked":["Finisher","Backflip"],"picked":"Footwork","floor":7.0},{"not_picked":["Dagger Spray","Blade Dance"],"picked":"Caltrops","floor":10.0},{"not_picked":["Deadly Poison","Underhanded Strike"],"picked":"Die Die Die","floor":11.0},{"not_picked":["Underhanded Strike","Quick Slash"],"picked":"Backstab","floor":14.0},{"not_picked":["Grand Finale","Storm of Steel"],"picked":"Phantasmal Killer","floor":16.0},{"not_picked":["Tactician","Masterful Stab+1"],"picked":"Quick Slash","floor":18},{"not_picked":["Deadly Poison","Dagger Throw"],"picked":"Flying Knee","floor":19},{"not_picked":["Cloak And Dagger","Flying Knee+1"],"picked":"Dodge and Roll","floor":20},{"not_picked":["Predator","Calculated Gamble+1"],"picked":"Cloak And Dagger+1","floor":22},{"not_picked":["Poisoned Stab+1","Quick Slash"],"picked":"Deflect","floor":23},{"not_picked":["All Out Attack","Endless Agony","Underhanded Strike"],"picked":"SKIP","floor":25},{"not_picked":["Underhanded Strike","Endless Agony"],"picked":"Die Die Die","floor":27},{"not_picked":["Poisoned Stab","Blade Dance+1"],"picked":"Footwork+1","floor":28},{"not_picked":["Distraction","Riddle With Holes"],"picked":"Dodge and Roll","floor":29},{"not_picked":["Sucker Punch","Bouncing Flask"],"picked":"Well Laid Plans+1","floor":31},{"not_picked":["Bullet Time","Phantasmal Killer"],"picked":"Night Terror","floor":33},{"not_picked":["Slice+1","Dagger Throw+1"],"picked":"Deadly Poison+1","floor":35},{"not_picked":["PiercingWail","Poisoned Stab","All Out Attack+1"],"picked":"SKIP","floor":37},{"not_picked":["Masterful Stab","Cloak And Dagger"],"picked":"Expertise+1","floor":38},{"not_picked":["Dagger Spray","Dagger Throw+1"],"picked":"Cloak And Dagger","floor":39},{"not_picked":["Slice","Tactician"],"picked":"Footwork","floor":41},{"not_picked":["Tools of the Trade","PiercingWail","Sucker Punch+1"],"picked":"Caltrops","floor":44},{"not_picked":["Deadly Poison+1","Dodge and Roll+1","Prepared"],"picked":"Blur","floor":46},{"not_picked":["Dagger Spray","Cloak And Dagger+1","Noxious Fumes+1"],"picked":"Backflip+1","floor":47},{"not_picked":["Phantasmal Killer","Acrobatics+1","Deflect","Dagger Spray+1"],"picked":"SKIP","floor":48},{"not_picked":["Dodge and Roll","Flying Knee","Sucker Punch"],"picked":"Deflect+1","floor":54}],"player_experience":133324,"relics_obtained":[{"floor":7.0,"key":"Blood Vial"},{"floor":9.0,"key":"Anchor"},{"floor":10.0,"key":"Paper Crane"},{"floor":23,"key":"Bag of Marbles"},{"floor":25,"key":"Regal Pillow"},{"floor":26,"key":"Tough Bandages"},{"floor":28,"key":"Smiling Mask"},{"floor":31,"key":"Omamori"},{"floor":41,"key":"Question Card"},{"floor":48,"key":"Dream Catcher"},{"floor":54,"key":"Nunchaku"}],"event_choices":[{"damage_healed":0.0,"max_hp_gain":0.0,"max_hp_loss":0.0,"gold_gain":0.0,"event_name":"Accursed Blacksmith","player_choice":"Forge","floor":2.0,"gold_loss":0.0,"damage_taken":0.0,"cards_upgraded":["Neutralize"]},{"damage_healed":0.0,"max_hp_gain":0.0,"max_hp_loss":0.0,"gold_gain":75.0,"event_name":"World of Goop","player_choice":"Gather Gold","floor":4.0,"gold_loss":0.0,"damage_taken":11.0},{"damage_healed":0,"gold_gain":0,"player_choice":"","damage_taken":7,"max_hp_gain":0,"max_hp_loss":0,"event_name":"Knowing Skull","floor":21,"potions_obtained":[],"gold_loss":0,"cards_obtained":[]},{"damage_healed":0,"gold_gain":0,"player_choice":"Copied","damage_taken":0,"max_hp_gain":0,"max_hp_loss":0,"event_name":"Duplicator","floor":36,"gold_loss":0,"cards_obtained":["Footwork"]}],"is_beta":false,"boss_relics":[{"not_picked":["Snecko Eye","White Beast Statue"],"picked":"Cursed Key"},{"not_picked":["Eternal Feather","Runic Pyramid"],"picked":"Sozu"}],"items_purged_floors":[12,30,42,53],"is_endless":false,"potions_floor_spawned":[5,10,14,22,25,27,28,29,31,37,41,48],"killed_by":"The Heart","ascension_level":5}