{"gold_per_floor":[117,129,139,139,156,156,3,3,26,60,76,103,114,114,114,210,210],"floor_reached":17,"playtime":952,"items_purged":[],"score":251,"play_id":"a54dd655-7d1b-45e3-94c8-ebd313a6c520","local_time":"20190329131229","is_ascension_mode":true,"campfire_choices":[{"floor":6.0,"key":"REST"},{"floor":15.0,"key":"REST"}],"neow_cost":"NONE","seed_source_timestamp":0,"circlet_count":0,"master_deck":["AscendersBane","Defend_G","Defend_G","Defend_G","Defend_G","Defend_G","Strike_G","Strike_G","Strike_G+1","Strike_G","Strike_G","Survivor","Neutralize","Dodge and Roll","Poisoned Stab","Cloak And Dagger","Dagger Spray+1","Noxious Fumes","Blur","Backstab","Backflip","Burst"],"special_seed":0,"relics":["Ring of the Snake","Whetstone","Orichalcum","Art of War"],"potions_floor_usage":[],"damage_taken":[{"damage":2.0,"enemies":"Cultist","floor":1.0,"turns":4.0},{"damage":0.0,"enemies":"2 Louse","floor":2.0,"turns":6.0},{"damage":9.0,"enemies":"Small Slimes","floor":3.0,"turns":5.0},{"damage":33.0,"enemies":"Gremlin Gang","floor":5.0,"turns":6.0},{"damage":15.0,"enemies":"3 Sentries","floor":10.0,"turns":7.0},{"damage":2.0,"enemies":"Looter","floor":11.0,"turns":4.0},{"damage":15.0,"enemies":"Lagavulin","floor":12.0,"turns":7.0},{"damage":0.0,"enemies":"3 Louse","floor":13.0,"turns":1.0},{"damage":13.0,"enemies":"The Guardian","floor":16.0,"turns":14.0}],"seed_played":"-2278472133472552306","potions_obtained":[{"floor":0.0,"key":"GamblersBrew"},{"floor":0.0,"key":"FearPotion"},{"floor":0.0,"key":"Weak Potion"},{"floor":5.0,"key":"GhostInAJar"},{"floor":16.0,"key":"Fire Potion"}],"is_trial":false,"path_per_floor":["M","M","M","?","M","R","$","?","T","E","M","E","M","?","R","B",null],"character_chosen":"THE_SILENT","items_purchased":["Noxious Fumes","Blur"],"campfire_rested":2,"item_purchase_floors":[7,7],"current_hp_per_floor":[61,61,52,52,19,40,40,40,40,25,23,8,8,1,22,9,9],"gold":210,"neow_bonus":"THREE_SMALL_POTIONS","is_prod":false,"is_daily":false,"chose_seed":false,"campfire_upgraded":0,"win_rate":0,"timestamp":1553861549,"path_taken":["M","M","M","?","M","R","$","?","T","E","M","E","M","?","R","BOSS"],"build_version":"2019-01-23","purchased_purges":0,"victory":false,"max_hp_per_floor":[70,70,70,70,70,70,70,70,70,70,70,70,70,70,70,70,70],"card_choices":[{"not_picked":["Calculated Gamble","Setup"],"picked":"Dodge and Roll","floor":1.0},{"not_picked":["Underhanded Strike","Dodge and Roll"],"picked":"Poisoned Stab","floor":2.0},{"not_picked":["Prepared","Malaise"],"picked":"Cloak And Dagger","floor":3.0},{"not_picked":["Choke","Flying Knee"],"picked":"Dagger Spray","floor":5.0},{"not_picked":["Poisoned Stab","Endless Agony","Outmaneuver"],"picked":"SKIP","floor":10.0},{"not_picked":["Expertise","Blade Dance"],"picked":"Backstab","floor":11.0},{"not_picked":["Infinite Blades","Acrobatics","Flechettes"],"picked":"SKIP","floor":12.0},{"not_picked":["All Out Attack","Expertise"],"picked":"Backflip","floor":13.0},{"not_picked":["A Thousand Cuts","Storm of Steel"],"picked":"Burst","floor":16.0}],"player_experience":391759,"relics_obtained":[{"floor":9.0,"key":"Whetstone"},{"floor":10.0,"key":"Orichalcum"},{"floor":12.0,"key":"Art of War"}],"event_choices":[{"damage_healed":0.0,"max_hp_gain":0.0,"max_hp_loss":0.0,"gold_gain":0.0,"event_name":"Liars Game","player_choice":"Ignored","floor":4.0,"gold_loss":0.0,"damage_taken":0.0},{"damage_healed":0.0,"max_hp_gain":0.0,"max_hp_loss":0.0,"gold_gain":0.0,"event_name":"Dead Adventurer","player_choice":"Searched \u00271\u0027 times","floor":8.0,"gold_loss":0.0,"damage_taken":0.0},{"damage_healed":0.0,"max_hp_gain":0.0,"max_hp_loss":0.0,"gold_gain":0.0,"event_name":"Scrap Ooze","player_choice":"Fled","floor":14.0,"gold_loss":0.0,"damage_taken":7.0}],"is_beta":false,"boss_relics":[],"items_purged_floors":[],"is_endless":false,"potions_floor_spawned":[1,3,5,16],"ascension_level":10}