{"gold_per_floor":[114,114,114,132,5,5,31,42,67,87,106,35,35,51,51,51],"floor_reached":16,"playtime":2470,"items_purged":[],"score":191,"play_id":"2ababd65-5a49-42b9-8986-df099b208c28","local_time":"20190328190123","is_ascension_mode":true,"campfire_choices":[{"data":"Dagger Spray","floor":6,"key":"SMITH"},{"data":"Footwork","floor":13,"key":"SMITH"},{"floor":15,"key":"REST"}],"neow_cost":"NONE","seed_source_timestamp":334015884024091,"circlet_count":0,"master_deck":["AscendersBane","Defend_G+1","Defend_G","Defend_G","Defend_G","Defend_G","Strike_G","Strike_G","Strike_G","Strike_G","Strike_G","Survivor","Neutralize","Infinite Blades+1","Footwork+1","Dagger Spray+1","Noxious Fumes","Crippling Poison"],"relics":["Ring of the Snake","NeowsBlessing","Potion Belt","Matryoshka","Bronze Scales","Ancient Tea Set"],"potions_floor_usage":[10,16,16],"damage_taken":[{"damage":0,"enemies":"Jaw Worm","floor":1,"turns":1},{"damage":0,"enemies":"2 Louse","floor":4,"turns":1},{"damage":0,"enemies":"Lagavulin","floor":7,"turns":1},{"damage":9,"enemies":"Small Slimes","floor":8,"turns":4},{"damage":8,"enemies":"3 Louse","floor":10,"turns":3},{"damage":5,"enemies":"Looter","floor":11,"turns":4},{"damage":4,"enemies":"Lots of Slimes","floor":14,"turns":3},{"damage":4,"enemies":"Slime Boss","floor":16,"turns":5}],"seed_played":"5688687301046684770","potions_obtained":[{"floor":1,"key":"Energy Potion"},{"floor":8,"key":"FairyPotion"},{"floor":11,"key":"EssenceOfSteel"},{"floor":14,"key":"Block Potion"}],"is_trial":false,"path_per_floor":["M","?","?","M","$","R","E","M","T","M","M","$","R","M","R","B"],"character_chosen":"THE_SILENT","items_purchased":["Footwork","Dagger Spray","Crippling Poison"],"campfire_rested":1,"item_purchase_floors":[5,5,12],"current_hp_per_floor":[63,51,37,37,37,37,37,28,28,20,15,15,15,11,32,28],"gold":51,"neow_bonus":"THREE_ENEMY_KILL","is_prod":false,"is_daily":false,"chose_seed":false,"campfire_upgraded":2,"win_rate":0,"timestamp":1553796083,"path_taken":["M","?","?","M","$","R","E","?","T","M","M","$","R","M","R","BOSS"],"build_version":"2019-01-23","purchased_purges":0,"victory":false,"max_hp_per_floor":[70,70,70,70,70,70,70,70,70,70,70,70,70,70,70,70],"card_choices":[{"not_picked":["Leg Sweep","Prepared"],"picked":"Infinite Blades","floor":1},{"not_picked":["Dagger Throw","Prepared","Acrobatics"],"picked":"SKIP","floor":4},{"not_picked":["Dagger Throw","Prepared","Finisher"],"picked":"SKIP","floor":7},{"not_picked":["Dagger Throw","All Out Attack","Acrobatics"],"picked":"SKIP","floor":8},{"not_picked":["All Out Attack","Dodge and Roll"],"picked":"Noxious Fumes","floor":10},{"not_picked":["Quick Slash","Dagger Throw","Leg Sweep"],"picked":"SKIP","floor":11},{"not_picked":["Tactician","Quick Slash","Adrenaline"],"picked":"SKIP","floor":14}],"player_experience":389289,"relics_obtained":[{"floor":7,"key":"Matryoshka"},{"floor":9,"key":"Bronze Scales"},{"floor":9,"key":"Ancient Tea Set"}],"event_choices":[{"damage_healed":0,"gold_gain":0,"player_choice":"Success","damage_taken":12,"relics_obtained":["Potion Belt"],"max_hp_gain":0,"max_hp_loss":0,"event_name":"Scrap Ooze","floor":2,"gold_loss":0},{"damage_healed":0,"gold_gain":0,"player_choice":"Entered Light","damage_taken":14,"max_hp_gain":0,"max_hp_loss":0,"event_name":"Shining Light","floor":3,"gold_loss":0,"cards_upgraded":["Infinite Blades","Defend_G"]}],"is_beta":false,"boss_relics":[],"items_purged_floors":[],"is_endless":false,"potions_floor_spawned":[1,8,11,14],"killed_by":"Slime Boss","ascension_level":10}