{"gold_per_floor":[112,128,138,138,59,88,101,201,201,215,215,233,262,280,280,385,385,396,34,34,52,71,71,71],"floor_reached":24,"playtime":1635,"items_purged":["Strike_B"],"score":305,"play_id":"1fdce8e2-61b2-4c76-b209-7fee47b4df5d","local_time":"20190423093727","is_ascension_mode":true,"campfire_choices":[{"floor":11,"key":"REST"},{"floor":15,"key":"REST"},{"data":"Barrage","floor":23,"key":"SMITH"}],"neow_cost":"NONE","seed_source_timestamp":996004364647005,"circlet_count":0,"master_deck":["Strike_B","Strike_B","Strike_B","Defend_B","Defend_B","Defend_B","Defend_B","Zap","Dualcast","Defragment","Go for the Eyes","Reinforced Body","Static Discharge","Auto Shields","Capacitor","Barrage+1","Coolheaded","Biased Cognition","Glacier","Defragment"],"relics":["Cracked Core","Anchor","Omamori","Darkstone Periapt","Sozu","Mummified Hand"],"potions_floor_usage":[3,16,22],"damage_taken":[{"damage":2,"enemies":"Jaw Worm","floor":1,"turns":5},{"damage":6,"enemies":"2 Louse","floor":2,"turns":3},{"damage":0,"enemies":"Cultist","floor":3,"turns":3},{"damage":36,"enemies":"3 Sentries","floor":6,"turns":7},{"damage":0,"enemies":"Large Slime","floor":7,"turns":5},{"damage":6,"enemies":"3 Louse","floor":10,"turns":5},{"damage":1,"enemies":"Looter","floor":12,"turns":3},{"damage":33,"enemies":"Gremlin Nob","floor":13,"turns":5},{"damage":0,"enemies":"2 Fungi Beasts","floor":14,"turns":3},{"damage":2,"enemies":"The Guardian","floor":16,"turns":14},{"damage":29,"enemies":"2 Thieves","floor":18,"turns":5},{"damage":1,"enemies":"Shell Parasite","floor":21,"turns":7},{"damage":15,"enemies":"Centurion and Healer","floor":22,"turns":13},{"damage":31,"enemies":"Gremlin Leader","floor":24,"turns":6}],"seed_played":"-6925877440602023711","potions_obtained":[{"floor":0,"key":"Fruit Juice"},{"floor":0,"key":"Block Potion"},{"floor":0,"key":"SkillPotion"},{"floor":3,"key":"Swift Potion"},{"floor":10,"key":"Explosive Potion"}],"is_trial":false,"path_per_floor":["M","M","M","?","$","E","M","?","T","M","R","M","E","M","R","B",null,"M","$","?","M","M","R","E"],"character_chosen":"DEFECT","items_purchased":["Static Discharge","Mummified Hand","Defragment"],"campfire_rested":2,"item_purchase_floors":[5,19,19],"current_hp_per_floor":[66,60,65,70,70,34,34,34,34,28,53,52,19,19,44,42,74,45,45,45,44,29,29,0],"gold":71,"neow_bonus":"THREE_SMALL_POTIONS","is_prod":false,"is_daily":false,"chose_seed":false,"campfire_upgraded":1,"win_rate":0,"timestamp":1556005047,"path_taken":["M","M","M","?","$","E","M","?","T","?","R","M","E","M","R","BOSS","M","$","?","M","M","R","E"],"build_version":"2019-01-23","purchased_purges":1,"victory":false,"max_hp_per_floor":[75,75,80,85,85,85,85,85,85,85,85,85,85,85,85,85,85,85,85,85,85,85,85,85],"card_choices":[{"not_picked":["Skim","Hologram"],"picked":"Defragment","floor":1},{"not_picked":["Rebound","Leap"],"picked":"Go for the Eyes","floor":2},{"not_picked":["Gash","Turbo"],"picked":"Reinforced Body","floor":3},{"not_picked":["Recycle","Compile Driver","Buffer"],"picked":"SKIP","floor":6},{"not_picked":["Steam","Redo"],"picked":"Auto Shields","floor":7},{"not_picked":["Reinforced Body","BootSequence"],"picked":"Capacitor","floor":10},{"not_picked":["Cold Snap","Steam Power"],"picked":"Barrage","floor":12},{"not_picked":["Fission","Gash","Consume"],"picked":"SKIP","floor":13},{"not_picked":["Steam","Go for the Eyes"],"picked":"Coolheaded","floor":14},{"not_picked":["Fission","Echo Form"],"picked":"Biased Cognition","floor":16},{"not_picked":["Steam","Hologram"],"picked":"Glacier","floor":18},{"not_picked":["Go for the Eyes","Stack","Sweeping Beam"],"picked":"SKIP","floor":21},{"not_picked":["Cold Snap","Rebound","Redo+1"],"picked":"SKIP","floor":22}],"player_experience":471444,"relics_obtained":[{"floor":6,"key":"Anchor"},{"floor":9,"key":"Omamori"},{"floor":13,"key":"Darkstone Periapt"}],"event_choices":[{"damage_healed":0,"gold_gain":0,"player_choice":"Donut","damage_taken":0,"max_hp_gain":5,"max_hp_loss":0,"event_name":"Big Fish","floor":4,"gold_loss":0},{"damage_healed":0,"gold_gain":100,"player_choice":"Pray","damage_taken":0,"max_hp_gain":0,"max_hp_loss":0,"event_name":"Golden Shrine","floor":8,"gold_loss":0},{"damage_healed":0,"gold_gain":0,"player_choice":"Ignored","damage_taken":0,"max_hp_gain":0,"max_hp_loss":0,"event_name":"Ghosts","floor":20,"gold_loss":0}],"is_beta":false,"boss_relics":[{"not_picked":["Pandora\u0027s Box","Coffee Dripper"],"picked":"Sozu"}],"items_purged_floors":[19],"is_endless":false,"potions_floor_spawned":[2,3,10,18,22],"killed_by":"Gremlin Leader","ascension_level":9}