{"gold_per_floor":[109,124,49,59,59,59,59,74,74,92,105,105,121,121,121,223,223,233,233,133,133,8,8,27,38,63,63,63,26,43,54,54,54],"floor_reached":33,"playtime":861,"items_purged":["Defend_R","Strike_R","Defend_R"],"score":239,"play_id":"ae7347c5-046f-4d03-8cf0-cd135ac1d53f","local_time":"20181215002839","is_ascension_mode":false,"campfire_choices":[{"data":"Armaments","floor":7.0,"key":"SMITH"},{"data":"Thunderclap","floor":12.0,"key":"SMITH"},{"data":"Flex","floor":15.0,"key":"SMITH"},{"floor":23,"key":"REST"},{"floor":32,"key":"REST"}],"neow_cost":"NONE","seed_source_timestamp":1379507961180643,"circlet_count":0,"master_deck":["Strike_R","Defend_R","Bash","Armaments+1","Flex+1","Thunderclap+1","Shrug It Off","Heavy Blade","Sever Soul","Reaper","Cleave+1","Searing Blow","Flame Barrier","Whirlwind"],"special_seed":0,"relics":["Velvet Choker"],"potions_floor_usage":[30,31],"damage_taken":[{"damage":0.0,"enemies":"2 Louse","floor":1.0,"turns":2.0},{"damage":1.0,"enemies":"Cultist","floor":2.0,"turns":3.0},{"damage":1.0,"enemies":"Jaw Worm","floor":4.0,"turns":4.0},{"damage":5.0,"enemies":"2 Fungi Beasts","floor":8.0,"turns":3.0},{"damage":8.0,"enemies":"Red Slaver","floor":10.0,"turns":2.0},{"damage":8.0,"enemies":"Large Slime","floor":11.0,"turns":5.0},{"damage":2.0,"enemies":"Blue Slaver","floor":13.0,"turns":3.0},{"damage":28.0,"enemies":"Hexaghost","floor":16.0,"turns":7.0},{"damage":20.0,"enemies":"2 Thieves","floor":18.0,"turns":4.0},{"damage":44.0,"enemies":"Colosseum Slavers","floor":19.0,"turns":6.0},{"damage":12,"enemies":"Shell Parasite","floor":24,"turns":2},{"damage":22,"enemies":"Sentry and Sphere","floor":25,"turns":4},{"damage":14,"enemies":"Snake Plant","floor":30,"turns":3},{"damage":0,"enemies":"3 Cultists","floor":31,"turns":2},{"damage":49,"enemies":"Collector","floor":33,"turns":5}],"seed_played":"-533970452947925236","potions_obtained":[{"floor":4.0,"key":"SteroidPotion"},{"floor":8.0,"key":"SkillPotion"},{"floor":18.0,"key":"LiquidBronze"},{"floor":30,"key":"AttackPotion"}],"is_trial":false,"path_per_floor":["M","M","$","M","?","?","R","M","T","M","M","R","M","T","R","B",null,"M","?","$","?","$","R","M","M","T","?","?","$","M","M","R","B"],"character_chosen":"IRONCLAD","items_purchased":["Flame Barrier"],"campfire_rested":2,"item_purchase_floors":[29],"current_hp_per_floor":[80,79,79,78,71,71,71,66,66,58,50,50,48,48,48,20,80,60,26,26,26,26,50,38,25,25,25,25,25,11,23,47,0],"gold":54,"neow_bonus":"BOSS_RELIC","is_prod":false,"is_daily":false,"chose_seed":false,"campfire_upgraded":3,"win_rate":0,"timestamp":1544801319,"path_taken":["M","M","$","M","?","?","R","M","T","M","?","R","M","?","R","BOSS","M","?","$","?","$","R","?","M","T","?","?","$","M","M","R","BOSS"],"build_version":"2018-12-13","purchased_purges":3,"victory":false,"max_hp_per_floor":[80,80,80,80,80,80,80,80,80,80,80,80,80,80,80,80,80,80,80,80,80,80,80,80,80,80,80,80,80,80,80,80,80],"card_choices":[{"not_picked":["Warcry","Perfected Strike"],"picked":"Armaments","floor":1.0},{"not_picked":["Clash","Burning Pact"],"picked":"Flex","floor":2.0},{"not_picked":["Dual Wield","Warcry"],"picked":"Thunderclap","floor":4.0},{"not_picked":["Anger","True Grit","Warcry"],"picked":"SKIP","floor":8.0},{"not_picked":["Havoc","Twin Strike"],"picked":"Shrug It Off","floor":10.0},{"not_picked":["Sentinel","True Grit"],"picked":"Heavy Blade","floor":11.0},{"not_picked":["Hemokinesis","True Grit"],"picked":"Sever Soul","floor":13.0},{"not_picked":["Offering","Impervious"],"picked":"Reaper","floor":16.0},{"not_picked":["Armaments+1","Pommel Strike"],"picked":"Cleave+1","floor":18.0},{"not_picked":["Ghostly Armor","Entrench+1"],"picked":"Searing Blow","floor":24},{"not_picked":["Bloodletting","Shrug It Off","Cleave"],"picked":"SKIP","floor":25},{"not_picked":["Clothesline","Combust"],"picked":"Whirlwind","floor":30},{"not_picked":["True Grit","Flex","Thunderclap"],"picked":"SKIP","floor":31}],"player_experience":198454,"relics_obtained":[],"event_choices":[{"cards_removed":["Strike_R"],"damage_healed":0.0,"max_hp_gain":0.0,"max_hp_loss":0.0,"gold_gain":0.0,"event_name":"Golden Wing","player_choice":"Card Removal","floor":5.0,"gold_loss":0.0,"damage_taken":7.0},{"cards_removed":["Strike_R"],"damage_healed":0.0,"max_hp_gain":0.0,"max_hp_loss":0.0,"gold_gain":0.0,"event_name":"Purifier","player_choice":"Purged","floor":6.0,"gold_loss":0.0,"damage_taken":0.0},{"damage_healed":0.0,"max_hp_gain":0.0,"max_hp_loss":0.0,"gold_gain":0.0,"event_name":"Colosseum","player_choice":"Fight","floor":19.0,"gold_loss":0.0,"damage_taken":0.0},{"damage_healed":0.0,"max_hp_gain":0.0,"max_hp_loss":0.0,"gold_gain":0.0,"event_name":"Colosseum","player_choice":"Fled From Nobs","floor":19.0,"gold_loss":0.0,"damage_taken":0.0},{"cards_removed":["Defend_R"],"damage_healed":0,"gold_gain":0,"player_choice":"Purged","damage_taken":0,"max_hp_gain":0,"max_hp_loss":0,"event_name":"Purifier","floor":21,"gold_loss":0},{"cards_removed":["Strike_R"],"damage_healed":0,"gold_gain":0,"player_choice":"Elegance","damage_taken":0,"max_hp_gain":0,"max_hp_loss":0,"event_name":"Back to Basics","floor":27,"gold_loss":0},{"damage_healed":0,"gold_gain":0,"player_choice":"Ignored","damage_taken":0,"max_hp_gain":0,"max_hp_loss":0,"event_name":"The Mausoleum","floor":28,"gold_loss":0}],"is_beta":false,"boss_relics":[{"not_picked":["Fusion Hammer","Runic Dome","Tiny House"]}],"items_purged_floors":[3,20,22],"is_endless":false,"potions_floor_spawned":[4,8,18,19,30],"killed_by":"Collector","ascension_level":0}