{"gold_per_floor":[114,114,114,189,209,219,219,250,250,325,325,344,1,15,15,119,119,133,133,0,12,28,60,159,59,59,59,9,42,62,62,62,164,164,179,191,44,44,44,44,76,96,122,122,136,151,151,180,180,180],"floor_reached":50,"playtime":2790,"items_purged":["Strike_B","Strike_B+1","Injury"],"score":694,"play_id":"f724f4f1-fc16-4abb-8498-73942b159bb3","local_time":"20181010213404","is_ascension_mode":true,"campfire_choices":[{"floor":7,"key":"REST"},{"data":"Dualcast","floor":11,"key":"SMITH"},{"floor":15,"key":"REST"},{"floor":27,"key":"REST"},{"floor":32,"key":"REST"},{"data":"Buffer","floor":40,"key":"SMITH"},{"data":"Capacitor","floor":47,"key":"SMITH"},{"data":"Electrodynamics","floor":49,"key":"SMITH"}],"neow_cost":"NONE","seed_source_timestamp":43662649225382,"circlet_count":0,"master_deck":["Strike_B+1","Strike_B+1","Defend_B+1","Defend_B+1","Defend_B+1","Defend_B+1","Zap+1","Dualcast+1","Doom and Gloom","Ball Lightning","Loop","Storm","Go for the Eyes","Defragment+1","Auto Shields+1","Buffer+1","Stack","Glacier+1","Glacier","Doom and Gloom+1","Leap","Redo","Conserve Battery","Amplify","BootSequence+1","Leap","Doubt","Electrodynamics+1","Steam+1","Shame","Parasite","Storm+1","Capacitor+1"],"relics":["Cracked Core","Cables","Darkstone Periapt","Bottled Tornado","War Paint","Cursed Key","Boot","Sundial","Ancient Tea Set","Nuclear Battery","Turnip","DataDisk","PreservedInsect","Dream Catcher","Art of War"],"potions_floor_usage":[12,18,18,33,36,41,42,50,50],"damage_taken":[{"damage":6,"enemies":"Jaw Worm","floor":1,"turns":4},{"damage":0,"enemies":"2 Louse","floor":5,"turns":2},{"damage":8,"enemies":"Small Slimes","floor":6,"turns":3},{"damage":16,"enemies":"Lagavulin","floor":8,"turns":5},{"damage":6,"enemies":"Gremlin Gang","floor":12,"turns":2},{"damage":7,"enemies":"2 Fungi Beasts","floor":14,"turns":3},{"damage":10,"enemies":"Hexaghost","floor":16,"turns":7},{"damage":7,"enemies":"2 Thieves","floor":18,"turns":3},{"damage":15,"enemies":"3 Byrds","floor":21,"turns":4},{"damage":12,"enemies":"Snake Plant","floor":22,"turns":3},{"damage":25,"enemies":"Slavers","floor":23,"turns":6},{"damage":18,"enemies":"Gremlin Leader","floor":29,"turns":6},{"damage":0,"enemies":"Chosen and Byrds","floor":30,"turns":6},{"damage":6,"enemies":"Champ","floor":33,"turns":7},{"damage":0,"enemies":"Orb Walker","floor":35,"turns":4},{"damage":15,"enemies":"3 Darklings","floor":36,"turns":9},{"damage":32,"enemies":"2 Orb Walkers","floor":41,"turns":11},{"damage":0,"enemies":"Transient","floor":42,"turns":5},{"damage":5,"enemies":"Spire Growth","floor":45,"turns":6},{"damage":4,"enemies":"Sphere and 2 Shapes","floor":46,"turns":3},{"damage":0,"enemies":"Giant Head","floor":48,"turns":7},{"damage":67,"enemies":"Donu and Deca","floor":50,"turns":9}],"seed_played":"-7808014230756473049","potions_obtained":[{"floor":1,"key":"Explosive Potion"},{"floor":14,"key":"Explosive Potion"},{"floor":16,"key":"Explosive Potion"},{"floor":22,"key":"SpeedPotion"},{"floor":23,"key":"FocusPotion"},{"floor":33,"key":"Regen Potion"},{"floor":36,"key":"Dexterity Potion"},{"floor":42,"key":"Ancient Potion"},{"floor":46,"key":"Explosive Potion"}],"is_trial":false,"path_per_floor":["M","?","?","?","M","M","R","E","T","?","R","M","$","M","R","B",null,"M","?","?","M","M","E","?","$","T","R","$","E","M","?","R","B",null,"M","M","$","?","T","R","E","M","T","T","M","M","R","E","R"],"character_chosen":"DEFECT","items_purchased":["Defragment","Auto Shields","War Paint","Leap","Leap"],"campfire_rested":4,"item_purchase_floors":[13,13,13,28,37],"current_hp_per_floor":[76,51,51,40,40,32,56,40,40,32,32,26,26,19,43,33,82,75,75,75,60,48,23,23,23,29,55,55,37,37,29,55,49,88,88,73,73,73,79,79,47,61,67,73,68,64,64,64,64,0],"gold":180,"neow_bonus":"TEN_PERCENT_HP_BONUS","is_prod":false,"is_daily":false,"chose_seed":false,"campfire_upgraded":4,"win_rate":0,"timestamp":1539200044,"path_taken":["M","?","?","?","M","M","R","E","T","?","R","?","$","?","R","BOSS","M","?","?","M","?","E","?","$","T","R","?","E","?","?","R","BOSS","M","M","$","?","?","R","E","M","T","?","M","M","R","E","R","BOSS"],"build_version":"2018-10-04v2","purchased_purges":3,"victory":false,"max_hp_per_floor":[82,82,82,82,82,82,82,82,82,82,82,82,82,82,82,82,82,82,82,82,82,82,82,82,82,88,88,88,88,88,88,88,88,88,88,88,88,88,94,94,94,94,100,106,106,106,106,106,106,106],"card_choices":[{"not_picked":["Coolheaded","Stack"],"picked":"Doom and Gloom","floor":1},{"not_picked":["Turbo","Compile Driver"],"picked":"Ball Lightning","floor":5},{"not_picked":["Seek","Gash"],"picked":"Loop","floor":6},{"not_picked":["Tempest","Conserve Battery"],"picked":"Storm","floor":8},{"not_picked":["Hologram","Streamline"],"picked":"Go for the Eyes","floor":12},{"not_picked":["Gash","Genetic Algorithm","Coolheaded"],"picked":"SKIP","floor":14},{"not_picked":["Machine Learning","Reboot"],"picked":"Buffer","floor":16},{"not_picked":["Streamline","Compile Driver+1"],"picked":"Stack","floor":18},{"not_picked":["Loop","Rip and Tear"],"picked":"Glacier+1","floor":21},{"not_picked":["Scrape+1","Auto Shields"],"picked":"Glacier","floor":22},{"not_picked":["Steam Power","Recycle"],"picked":"Doom and Gloom+1","floor":23},{"not_picked":["Barrage","Seek"],"picked":"Redo","floor":29},{"not_picked":["Blizzard","Auto Shields"],"picked":"Conserve Battery","floor":30},{"not_picked":["Reboot","Core Surge"],"picked":"Amplify","floor":33},{"not_picked":["Cold Snap","Ball Lightning+1"],"picked":"BootSequence+1","floor":35},{"not_picked":["Streamline","Darkness","Chaos"],"picked":"SKIP","floor":36},{"not_picked":["Steam","Chaos+1"],"picked":"Electrodynamics","floor":41},{"not_picked":["Rebound+1","Gash+1"],"picked":"Steam+1","floor":42},{"not_picked":["Rebound+1","Genetic Algorithm"],"picked":"Storm+1","floor":45},{"not_picked":["Redo+1","Stack"],"picked":"Capacitor","floor":46},{"not_picked":["Ball Lightning","Gash+1","Turbo"],"picked":"SKIP","floor":48}],"player_experience":165481,"relics_obtained":[{"floor":8,"key":"Darkstone Periapt"},{"floor":9,"key":"Bottled Tornado"},{"floor":23,"key":"Boot"},{"floor":26,"key":"Sundial"},{"floor":29,"key":"Ancient Tea Set"},{"floor":39,"key":"Turnip"},{"floor":41,"key":"DataDisk"},{"floor":43,"key":"PreservedInsect"},{"floor":44,"key":"Dream Catcher"},{"floor":48,"key":"Art of War"}],"event_choices":[{"event_name":"Scrap Ooze","player_choice":"success","floor":2,"damage_taken":25},{"event_name":"Match and Keep!","player_choice":"0 cards matched","floor":3,"damage_taken":0},{"event_name":"World of Goop","player_choice":"Gather Gold","floor":4,"damage_taken":0},{"event_name":"FaceTrader","player_choice":"Touch","floor":10,"damage_taken":0},{"event_name":"Back to Basics","player_choice":"Simplicity","floor":19,"damage_taken":0},{"event_name":"Masked Bandits","player_choice":"Paid Fearfully","floor":20,"damage_taken":0},{"event_name":"Nest","player_choice":"Stole From Cult","floor":24,"damage_taken":0},{"event_name":"Wheel of Change","player_choice":"Damage","floor":31,"damage_taken":0},{"event_name":"Upgrade Shrine","player_choice":"Upgraded","floor":38,"damage_taken":0}],"is_beta":false,"boss_relics":[{"not_picked":["Sozu","Orrery"],"picked":"Cursed Key"},{"not_picked":["Runic Dome","Fusion Hammer"],"picked":"Nuclear Battery"}],"items_purged_floors":[13,25,37],"is_endless":false,"potions_floor_spawned":[1,14,16,22,23,33,36,42,46],"killed_by":"Donu and Deca","ascension_level":2}