{"gold_per_floor":[10,10,26,26,26,26,26,26,49,75,93,121,137,156,156,254,254,265,285,297,297,312,237,237,237,287,27,27,38,108,139,139,139],"floor_reached":33,"playtime":1100,"items_purged":["Wild Strike","Battle Trance"],"score":275,"play_id":"becc3405-e0ba-4c3f-b453-af09a343a04c","local_time":"20190511212143","is_ascension_mode":false,"campfire_choices":[{"data":"Body Slam","floor":6,"key":"SMITH"},{"floor":8,"key":"REST"},{"data":"Flex","floor":15,"key":"SMITH"},{"data":"Entrench","floor":24,"key":"SMITH"},{"data":"Heavy Blade","floor":32,"key":"SMITH"}],"neow_cost":"NO_GOLD","seed_source_timestamp":439095971681433,"circlet_count":0,"master_deck":["Bash+1","Body Slam+1","Heavy Blade+1","Flex+1","Disarm","Entrench+1","Rage","Entrench","Impervious","Necronomicurse"],"relics":["Burning Blood","Prayer Wheel","Bronze Scales","Meat on the Bone","Incense Burner","Pandora\u0027s Box","Necronomicon","Happy Flower","Membership Card","Frozen Egg 2","Question Card"],"potions_floor_usage":[10,16,20,31,31,33],"damage_taken":[{"damage":0,"enemies":"Small Slimes","floor":1,"turns":3},{"damage":13,"enemies":"Jaw Worm","floor":3,"turns":4},{"damage":21,"enemies":"Lagavulin","floor":10,"turns":5},{"damage":0,"enemies":"2 Louse","floor":11,"turns":2},{"damage":39,"enemies":"3 Sentries","floor":12,"turns":6},{"damage":3,"enemies":"Red Slaver","floor":13,"turns":4},{"damage":6,"enemies":"Lots of Slimes","floor":14,"turns":6},{"damage":18,"enemies":"Hexaghost","floor":16,"turns":7},{"damage":0,"enemies":"Shell Parasite","floor":18,"turns":3},{"damage":11,"enemies":"Spheric Guardian","floor":19,"turns":4},{"damage":18,"enemies":"Centurion and Healer","floor":20,"turns":4},{"damage":39,"enemies":"Snecko","floor":22,"turns":5},{"damage":6,"enemies":"Cultist and Chosen","floor":29,"turns":4},{"damage":15,"enemies":"Gremlin Leader","floor":31,"turns":4},{"damage":46,"enemies":"Champ","floor":33,"turns":6}],"seed_played":"-4752518530931678876","potions_obtained":[{"floor":1,"key":"PowerPotion"},{"floor":12,"key":"GamblersBrew"},{"floor":13,"key":"Strength Potion"},{"floor":18,"key":"Block Potion"},{"floor":20,"key":"GamblersBrew"},{"floor":22,"key":"Weak Potion"}],"is_trial":false,"path_per_floor":["M","?","M","$","?","R","?","R","T","E","M","E","M","M","R","B",null,"M","M","M","?","M","$","R","?","T","$","$","M","T","E","R","B"],"character_chosen":"IRONCLAD","items_purchased":["Membership Card"],"campfire_rested":1,"item_purchase_floors":[27],"current_hp_per_floor":[80,73,66,66,50,50,50,74,74,59,65,44,47,47,47,47,80,80,75,63,63,42,42,42,26,26,26,26,38,38,41,41,0],"gold":139,"neow_bonus":"ONE_RARE_RELIC","is_prod":false,"is_daily":false,"chose_seed":false,"campfire_upgraded":4,"win_rate":0,"timestamp":1557624103,"path_taken":["M","?","M","$","?","R","?","R","T","E","M","E","?","M","R","BOSS","M","?","M","?","?","$","R","?","T","?","$","M","?","E","R","BOSS"],"build_version":"2019-01-23","purchased_purges":2,"victory":false,"max_hp_per_floor":[80,80,80,80,80,80,80,80,80,80,80,80,80,80,80,80,80,80,80,80,80,80,80,80,80,80,80,80,80,80,80,80,80],"card_choices":[{"not_picked":["Disarm","Second Wind"],"picked":"Body Slam","floor":1},{"not_picked":["Rampage","Rage","Havoc"],"picked":"SKIP","floor":1},{"not_picked":["Warcry","Pummel"],"picked":"Heavy Blade","floor":3},{"not_picked":["Anger","Fire Breathing","Perfected Strike"],"picked":"SKIP","floor":3},{"not_picked":["Clothesline","Feel No Pain"],"picked":"Flex","floor":10},{"not_picked":["Ghostly Armor","Thunderclap","Clothesline"],"picked":"SKIP","floor":11},{"not_picked":["Body Slam","Armaments","Dual Wield"],"picked":"SKIP","floor":11},{"not_picked":["Twin Strike","Sentinel","Anger"],"picked":"SKIP","floor":12},{"not_picked":["Searing Blow","Pommel Strike","Havoc"],"picked":"SKIP","floor":13},{"not_picked":["True Grit","Warcry","Evolve"],"picked":"SKIP","floor":13},{"not_picked":["Pommel Strike","Ghostly Armor","Clash"],"picked":"SKIP","floor":14},{"not_picked":["Flex","True Grit","Dropkick"],"picked":"SKIP","floor":14},{"not_picked":["Twin Strike","Perfected Strike","Pommel Strike"],"picked":"SKIP","floor":18},{"not_picked":["Combust+1","Pommel Strike+1","Hemokinesis"],"picked":"SKIP","floor":18},{"not_picked":["Sword Boomerang","Flex","Thunderclap"],"picked":"SKIP","floor":19},{"not_picked":["Havoc","Twin Strike","Reckless Charge"],"picked":"SKIP","floor":19},{"not_picked":["Dark Embrace","Thunderclap+1","Body Slam"],"picked":"SKIP","floor":20},{"not_picked":["Clothesline","Iron Wave+1","Clash"],"picked":"SKIP","floor":20},{"not_picked":["Anger","Dropkick","True Grit+1"],"picked":"SKIP","floor":22},{"not_picked":["Reckless Charge","Heavy Blade","Carnage"],"picked":"SKIP","floor":22},{"not_picked":["Perfected Strike+1","Havoc","Uppercut+1"],"picked":"SKIP","floor":29},{"not_picked":["Sword Boomerang","Armaments","Bloodletting"],"picked":"SKIP","floor":29},{"not_picked":["Cleave","Warcry","Exhume"],"picked":"SKIP","floor":31}],"player_experience":131052,"relics_obtained":[{"floor":9,"key":"Bronze Scales"},{"floor":10,"key":"Meat on the Bone"},{"floor":12,"key":"Incense Burner"},{"floor":25,"key":"Necronomicon"},{"floor":26,"key":"Happy Flower"},{"floor":30,"key":"Frozen Egg 2"},{"floor":31,"key":"Question Card"}],"event_choices":[{"cards_removed":["Strike_R"],"damage_healed":0,"gold_gain":0,"player_choice":"Card Removal","damage_taken":7,"max_hp_gain":0,"max_hp_loss":0,"event_name":"Golden Wing","floor":2,"gold_loss":0},{"damage_healed":0,"gold_gain":0,"player_choice":"Entered Light","damage_taken":16,"max_hp_gain":0,"max_hp_loss":0,"event_name":"Shining Light","floor":5,"gold_loss":0,"cards_upgraded":["Bash","Strike_R"]},{"cards_removed":["Strike_R"],"damage_healed":0,"gold_gain":0,"player_choice":"Offered Basic","damage_taken":0,"max_hp_gain":0,"max_hp_loss":0,"event_name":"Bonfire Elementals","floor":7,"gold_loss":0},{"damage_healed":0,"gold_gain":0,"player_choice":"0 cards matched","damage_taken":0,"max_hp_gain":0,"max_hp_loss":0,"event_name":"Match and Keep!","floor":21,"gold_loss":0,"cards_obtained":[]},{"damage_healed":0,"gold_gain":0,"player_choice":"Obtained Book","damage_taken":16,"max_hp_gain":0,"max_hp_loss":0,"event_name":"Cursed Tome","floor":25,"gold_loss":0}],"is_beta":false,"boss_relics":[{"not_picked":["Busted Crown","Cursed Key"],"picked":"Pandora\u0027s Box"}],"items_purged_floors":[23,27],"is_endless":false,"potions_floor_spawned":[1,12,13,18,20,22,29],"killed_by":"Champ","ascension_level":0}