{"gold_per_floor":[12,32,32,42,59,59,94,94,120,120,149,149,168,197,197,274,274,289,289,289,302,319,319,351,351,351,380,380],"floor_reached":28,"playtime":1043,"items_purged":[],"score":483,"play_id":"aa760d2d-388c-4080-90ea-16cacc9649a2","local_time":"20190326200023","is_ascension_mode":true,"campfire_choices":[{"data":"Tempest","floor":6.0,"key":"SMITH"},{"floor":8.0,"key":"REST"},{"data":"White Noise","floor":10.0,"key":"SMITH"},{"data":"White Noise","floor":15.0,"key":"SMITH"},{"floor":23,"key":"REST"},{"floor":25,"key":"REST"}],"neow_cost":"NO_GOLD","seed_source_timestamp":0,"circlet_count":0,"master_deck":["AscendersBane","Strike_B","Strike_B","Strike_B","Strike_B+1","Defend_B","Defend_B","Defend_B","Defend_B","Zap","Dualcast","White Noise+1","Capacitor","Biased Cognition","Tempest+1","Chill","Glacier","White Noise+1","Heatsinks","Thunder Strike+1","Storm+1","Leap","Loop","Sweeping Beam","Conserve Battery","Coolheaded","Loop"],"special_seed":0,"relics":["Cracked Core","Potion Belt","Omamori","Bag of Preparation","Oddly Smooth Stone","Orrery","Lantern","Shuriken","Whetstone"],"potions_floor_usage":[21,27],"damage_taken":[{"damage":0.0,"enemies":"Small Slimes","floor":1.0,"turns":2.0},{"damage":9.0,"enemies":"Jaw Worm","floor":2.0,"turns":4.0},{"damage":6.0,"enemies":"Cultist","floor":4.0,"turns":3.0},{"damage":3.0,"enemies":"3 Louse","floor":5.0,"turns":4.0},{"damage":34.0,"enemies":"Gremlin Nob","floor":7.0,"turns":4.0},{"damage":21.0,"enemies":"Lagavulin","floor":11.0,"turns":5.0},{"damage":0.0,"enemies":"Looter","floor":13.0,"turns":3.0},{"damage":13.0,"enemies":"3 Sentries","floor":14.0,"turns":9.0},{"damage":8.0,"enemies":"Hexaghost","floor":16.0,"turns":7.0},{"damage":0.0,"enemies":"Chosen","floor":18.0,"turns":4.0},{"damage":26.0,"enemies":"Colosseum Slavers","floor":19.0,"turns":4.0},{"damage":0,"enemies":"3 Byrds","floor":21,"turns":3},{"damage":23,"enemies":"Sentry and Sphere","floor":22,"turns":5},{"damage":19,"enemies":"Book of Stabbing","floor":24,"turns":5},{"damage":46,"enemies":"Slavers","floor":27,"turns":6},{"damage":7,"enemies":"Snecko","floor":28,"turns":2}],"seed_played":"-6092124332421689210","potions_obtained":[{"floor":1.0,"key":"Regen Potion"},{"floor":2.0,"key":"SteroidPotion"},{"floor":5.0,"key":"LiquidBronze"},{"floor":11.0,"key":"Strength Potion"},{"floor":22,"key":"SpeedPotion"},{"floor":27,"key":"SteroidPotion"}],"is_trial":false,"path_per_floor":["M","M","?","M","M","R","E","R","T","R","E","?","M","E","R","B",null,"M","?","?","M","M","R","E","R","T","E","M"],"character_chosen":"DEFECT","items_purchased":[],"campfire_rested":3,"item_purchase_floors":[],"current_hp_per_floor":[78,69,69,63,60,60,26,51,51,51,30,30,30,32,32,24,70,70,44,44,44,21,46,27,52,52,6,0],"gold":380,"neow_bonus":"TWENTY_PERCENT_HP_BONUS","is_prod":false,"is_daily":false,"chose_seed":false,"campfire_upgraded":3,"win_rate":0,"timestamp":1553648423,"path_taken":["M","M","?","M","M","R","E","R","T","R","E","?","M","E","R","BOSS","M","?","?","M","?","R","E","R","T","E","M"],"build_version":"2019-01-23","purchased_purges":0,"victory":false,"max_hp_per_floor":[85,85,85,85,85,85,85,85,85,85,85,85,85,85,85,85,85,85,85,85,85,85,85,85,85,85,85,85],"card_choices":[{"not_picked":["Sunder","Barrage"],"picked":"White Noise","floor":1.0},{"not_picked":["Cold Snap","Ball Lightning"],"picked":"Capacitor","floor":2.0},{"not_picked":["Barrage","Cold Snap"],"picked":"Biased Cognition","floor":4.0},{"not_picked":["Hologram","Leap"],"picked":"Tempest","floor":5.0},{"not_picked":["Glacier","Turbo"],"picked":"Chill","floor":7.0},{"not_picked":["Conserve Battery","Static Discharge"],"picked":"Glacier","floor":11.0},{"not_picked":["Sunder","Conserve Battery"],"picked":"White Noise","floor":13.0},{"not_picked":["Force Field","Rip and Tear"],"picked":"Heatsinks","floor":14.0},{"not_picked":["All For One","Multi-Cast"],"picked":"Thunder Strike","floor":16.0},{"not_picked":["Self Repair","Redo"],"picked":"Storm","floor":17.0},{"not_picked":["Turbo","Stack"],"picked":"Leap","floor":17.0},{"not_picked":["Barrage","Skim"],"picked":"Loop","floor":17.0},{"not_picked":["Thunder Strike","Gash"],"picked":"Sweeping Beam","floor":17.0},{"not_picked":["Turbo","Melter","Redo"],"picked":"SKIP","floor":18.0},{"not_picked":["Streamline","Turbo"],"picked":"Conserve Battery","floor":21},{"not_picked":["Ball Lightning","Turbo"],"picked":"Coolheaded","floor":22},{"not_picked":["All For One","Coolheaded","Steam"],"picked":"SKIP","floor":24},{"not_picked":["Coolheaded","Turbo"],"picked":"Loop","floor":27}],"player_experience":1159590,"relics_obtained":[{"floor":7.0,"key":"Potion Belt"},{"floor":9.0,"key":"Omamori"},{"floor":11.0,"key":"Bag of Preparation"},{"floor":14.0,"key":"Oddly Smooth Stone"},{"floor":24,"key":"Lantern"},{"floor":26,"key":"Shuriken"},{"floor":27,"key":"Whetstone"}],"event_choices":[{"damage_healed":0.0,"max_hp_gain":0.0,"max_hp_loss":0.0,"gold_gain":0.0,"event_name":"Golden Idol","player_choice":"Ignored","floor":3.0,"gold_loss":0.0,"damage_taken":0.0},{"damage_healed":0.0,"max_hp_gain":0.0,"max_hp_loss":0.0,"gold_gain":0.0,"event_name":"Golden Wing","player_choice":"Ignored","floor":12.0,"gold_loss":0.0,"damage_taken":0.0},{"damage_healed":0.0,"max_hp_gain":0.0,"max_hp_loss":0.0,"gold_gain":0.0,"event_name":"Colosseum","player_choice":"Fight","floor":19.0,"gold_loss":0.0,"damage_taken":0.0},{"damage_healed":0.0,"max_hp_gain":0.0,"max_hp_loss":0.0,"gold_gain":0.0,"event_name":"Colosseum","player_choice":"Fled From Nobs","floor":19.0,"gold_loss":0.0,"damage_taken":0.0},{"damage_healed":0.0,"max_hp_gain":0.0,"max_hp_loss":0.0,"gold_gain":0.0,"event_name":"Upgrade Shrine","player_choice":"Upgraded","floor":20.0,"gold_loss":0.0,"damage_taken":0.0,"cards_upgraded":["Storm"]}],"is_beta":false,"boss_relics":[{"not_picked":["Astrolabe","Runic Dome"],"picked":"Orrery"}],"items_purged_floors":[],"is_endless":false,"potions_floor_spawned":[1,2,5,11,19,22,27],"killed_by":"Snecko","ascension_level":15}