{"gold_per_floor":[115,115,115,190,190,190,217,231,231,261,106,117,128,185,185,185],"floor_reached":16,"playtime":465,"items_purged":["Strike_B"],"score":140,"play_id":"7c6bb87a-e14a-4f09-894e-0b6959014272","local_time":"20190407220113","is_ascension_mode":true,"campfire_choices":[{"data":"Dualcast","floor":6,"key":"SMITH"},{"data":"Defragment","floor":15,"key":"SMITH"}],"neow_cost":"NONE","seed_source_timestamp":173047971280301,"circlet_count":0,"master_deck":["Strike_B","Strike_B","Strike_B","Defend_B","Defend_B","Defend_B","Defend_B","Zap","Dualcast+1","Chill","Defragment+1","Cold Snap","Darkness","Leap"],"relics":["Cracked Core","NeowsBlessing","Singing Bowl","Dodecahedron","Matryoshka","Blue Candle","Strawberry"],"potions_floor_usage":[14,14],"damage_taken":[{"damage":0,"enemies":"Cultist","floor":1,"turns":1},{"damage":0,"enemies":"3 Sentries","floor":7,"turns":1},{"damage":0,"enemies":"Small Slimes","floor":8,"turns":1},{"damage":41,"enemies":"Lagavulin","floor":10,"turns":9},{"damage":3,"enemies":"2 Louse","floor":12,"turns":3},{"damage":0,"enemies":"Looter","floor":13,"turns":4},{"damage":16,"enemies":"Lagavulin Event","floor":14,"turns":6},{"damage":25,"enemies":"The Guardian","floor":16,"turns":5}],"seed_played":"1676428501343338266","potions_obtained":[{"floor":1,"key":"FearPotion"},{"floor":12,"key":"Regen Potion"},{"floor":13,"key":"Poison Potion"}],"is_trial":false,"path_per_floor":["M","?","?","?","T","R","E","M","T","E","$","M","M","?","R","B"],"character_chosen":"DEFECT","items_purchased":["Defragment"],"campfire_rested":0,"item_purchase_floors":[11],"current_hp_per_floor":[75,75,63,52,52,52,54,56,56,17,17,14,14,20,20,0],"gold":185,"neow_bonus":"THREE_ENEMY_KILL","is_prod":false,"is_daily":false,"chose_seed":false,"campfire_upgraded":2,"win_rate":0,"timestamp":1554667273,"path_taken":["M","?","?","?","?","R","E","M","T","E","$","M","M","?","R","BOSS"],"build_version":"2019-01-23","purchased_purges":1,"victory":false,"max_hp_per_floor":[75,75,75,75,75,75,77,79,79,81,81,81,81,88,88,88],"card_choices":[{"not_picked":["Cold Snap","Conserve Battery"],"picked":"Chill","floor":1},{"not_picked":["Beam Cell","Rebound","Rainbow"],"picked":"Singing Bowl","floor":7},{"not_picked":["Skim","Scrape","Sweeping Beam"],"picked":"Singing Bowl","floor":8},{"not_picked":["Thunder Strike","Double Energy","Static Discharge"],"picked":"Singing Bowl","floor":10},{"not_picked":["Beam Cell","Steam"],"picked":"Cold Snap","floor":12},{"not_picked":["Scrape","Redo"],"picked":"Darkness","floor":13},{"not_picked":["Chaos","Ball Lightning"],"picked":"Leap","floor":14}],"player_experience":458193,"relics_obtained":[{"floor":7,"key":"Dodecahedron"},{"floor":9,"key":"Matryoshka"},{"floor":10,"key":"Blue Candle"}],"event_choices":[{"damage_healed":0,"gold_gain":0,"player_choice":"Ignored","damage_taken":0,"max_hp_gain":0,"max_hp_loss":0,"event_name":"Liars Game","floor":2,"gold_loss":0},{"damage_healed":0,"gold_gain":0,"player_choice":"Success","damage_taken":12,"relics_obtained":["Singing Bowl"],"max_hp_gain":0,"max_hp_loss":0,"event_name":"Scrap Ooze","floor":3,"gold_loss":0},{"damage_healed":0,"gold_gain":75,"player_choice":"Gather Gold","damage_taken":11,"max_hp_gain":0,"max_hp_loss":0,"event_name":"World of Goop","floor":4,"gold_loss":0},{"damage_healed":0,"gold_gain":0,"player_choice":"Searched \u00272\u0027 times","damage_taken":0,"relics_obtained":["Strawberry"],"max_hp_gain":0,"max_hp_loss":0,"event_name":"Dead Adventurer","floor":14,"gold_loss":0}],"is_beta":false,"boss_relics":[],"items_purged_floors":[11],"is_endless":false,"potions_floor_spawned":[1,12,13],"killed_by":"The Guardian","ascension_level":1}