{"gold_per_floor":[112,125,125,125,141,174,174,24,24,40,40,74,87,102,102,205,205,219,90,108,126,145,170,181,81,81,81,107,125,125,139,139,236,236,254,271,286,161,171,202,302,329,401,401,431,431,464,482,482,482,482,482,282,312,312],"floor_reached":55,"playtime":3670,"items_purged":["Strike_R","Strike_R","Strike_R","Strike_R"],"score":958,"play_id":"025f56af-e753-4818-b23f-84de7f6e1631","local_time":"20190505010643","is_ascension_mode":true,"campfire_choices":[{"data":"Feed","floor":7,"key":"SMITH"},{"data":"Armaments","floor":11,"key":"SMITH"},{"data":"Bash","floor":15,"key":"SMITH"},{"data":"Juggernaut","floor":27,"key":"SMITH"},{"data":"Metallicize","floor":30,"key":"SMITH"},{"floor":32,"key":"REST"},{"data":"Entrench","floor":44,"key":"SMITH"},{"floor":49,"key":"RECALL"},{"data":"Limit Break","floor":52,"key":"SMITH"}],"neow_cost":"CURSE","seed_source_timestamp":466912540998285,"circlet_count":0,"master_deck":["Strike_R","Defend_R","Defend_R","Defend_R","Defend_R","Bash+1","Anger","Feed+1","Anger","Armaments+1","Limit Break+1","Juggernaut+1","Shrug It Off","Iron Wave+1","Metallicize+1","Shrug It Off","Whirlwind+1","Flame Barrier+1","Entrench+1","Battle Trance+1","Shrug It Off+1","Spot Weakness+1","Disarm+1","Shrug It Off+1","Shrug It Off+1"],"relics":["Burning Blood","Blue Candle","Orichalcum","Bag of Preparation","Runic Pyramid","Meat on the Bone","Thread and Needle","Oddly Smooth Stone","Sozu","Ice Cream","StoneCalendar","Bottled Tornado","Toxic Egg 2","Bottled Flame","Art of War","Bag of Marbles"],"potions_floor_usage":[10,55,55,55],"damage_taken":[{"damage":2,"enemies":"Small Slimes","floor":1,"turns":3},{"damage":6,"enemies":"Jaw Worm","floor":2,"turns":3},{"damage":5,"enemies":"Cultist","floor":5,"turns":4},{"damage":18,"enemies":"Lagavulin","floor":6,"turns":6},{"damage":0,"enemies":"Gremlin Gang","floor":10,"turns":4},{"damage":21,"enemies":"3 Sentries","floor":12,"turns":10},{"damage":2,"enemies":"Red Slaver","floor":13,"turns":3},{"damage":7,"enemies":"Lots of Slimes","floor":14,"turns":4},{"damage":93,"enemies":"The Guardian","floor":16,"turns":15},{"damage":11,"enemies":"3 Byrds","floor":18,"turns":5},{"damage":11,"enemies":"2 Thieves","floor":20,"turns":4},{"damage":19,"enemies":"Centurion and Healer","floor":21,"turns":6},{"damage":25,"enemies":"Snecko","floor":22,"turns":6},{"damage":63,"enemies":"Slavers","floor":23,"turns":8},{"damage":0,"enemies":"Cultist and Chosen","floor":24,"turns":7},{"damage":43,"enemies":"Gremlin Leader","floor":28,"turns":7},{"damage":2,"enemies":"3 Cultists","floor":29,"turns":4},{"damage":10,"enemies":"Centurion and Healer","floor":31,"turns":5},{"damage":44,"enemies":"Collector","floor":33,"turns":13},{"damage":9,"enemies":"3 Shapes","floor":35,"turns":4},{"damage":0,"enemies":"Orb Walker","floor":36,"turns":3},{"damage":20,"enemies":"Jaw Worm Horde","floor":37,"turns":5},{"damage":0,"enemies":"3 Darklings","floor":39,"turns":5},{"damage":19,"enemies":"Giant Head","floor":40,"turns":9},{"damage":34,"enemies":"Mind Bloom Boss Battle","floor":41,"turns":7},{"damage":0,"enemies":"Nemesis","floor":42,"turns":7},{"damage":0,"enemies":"Giant Head","floor":45,"turns":9},{"damage":14,"enemies":"Reptomancer","floor":47,"turns":6},{"damage":0,"enemies":"Spire Growth","floor":48,"turns":4},{"damage":39,"enemies":"Donu and Deca","floor":50,"turns":9},{"damage":33,"enemies":"Shield and Spear","floor":54,"turns":7},{"damage":137,"enemies":"The Heart","floor":55,"turns":11}],"seed_played":"-6907350727245045372","potions_obtained":[{"floor":1,"key":"PowerPotion"},{"floor":2,"key":"SpeedPotion"},{"floor":6,"key":"GamblersBrew"},{"floor":14,"key":"SkillPotion"},{"floor":18,"key":"Ancient Potion"},{"floor":28,"key":"FearPotion"}],"is_trial":false,"path_per_floor":["M","M","?","?","M","E","R","$","T","M","R","E","M","M","R","B",null,"M","$","M","M","M","E","M","$","T","R","E","M","R","M","R","B",null,"M","M","M","$","M","E","?","E","T","R","E","?","E","M","R","B",null,"R","$","E","B"],"character_chosen":"IRONCLAD","items_purchased":["Orichalcum","Shrug It Off","Shrug It Off+1"],"campfire_rested":1,"item_purchase_floors":[8,19,53],"current_hp_per_floor":[96,96,96,96,99,87,87,87,87,97,97,86,94,97,97,10,115,114,114,113,104,85,32,54,54,54,54,33,53,53,65,109,83,147,148,151,141,141,147,134,110,116,116,116,122,122,114,120,120,91,163,163,163,136,0],"gold":312,"neow_bonus":"TWENTY_PERCENT_HP_BONUS","is_prod":false,"is_daily":false,"chose_seed":false,"campfire_upgraded":7,"win_rate":0,"timestamp":1557032803,"path_taken":["M","M","?","?","M","E","R","$","T","?","R","E","M","M","R","BOSS","M","$","M","?","M","E","M","?","T","R","E","M","R","M","R","BOSS","M","?","M","?","M","E","?","E","T","R","E","?","E","?","R","BOSS","R","$","E","BOSS"],"build_version":"2019-01-23","purchased_purges":4,"victory":false,"max_hp_per_floor":[96,96,96,96,99,99,99,99,99,103,103,107,111,115,115,115,115,119,119,123,127,127,131,135,135,135,135,139,143,143,147,147,147,147,151,151,155,155,155,155,159,159,159,159,159,159,159,159,159,163,163,163,163,163,163],"card_choices":[{"not_picked":["Hemokinesis","Sentinel","Twin Strike"],"picked":"SKIP","floor":1},{"not_picked":["Sever Soul","Cleave"],"picked":"Anger","floor":2},{"not_picked":["Sever Soul","Thunderclap"],"picked":"Armaments","floor":5},{"not_picked":["Body Slam","Pummel","Anger"],"picked":"SKIP","floor":6},{"not_picked":["Heavy Blade","Fire Breathing","Body Slam"],"picked":"SKIP","floor":10},{"not_picked":["Carnage","Anger"],"picked":"Limit Break","floor":12},{"not_picked":["Pommel Strike","Power Through","Flex"],"picked":"SKIP","floor":13},{"not_picked":["Blood for Blood","Perfected Strike","Wild Strike"],"picked":"SKIP","floor":14},{"not_picked":["Double Tap","Exhume"],"picked":"Juggernaut","floor":16},{"not_picked":["Havoc","Ghostly Armor+1"],"picked":"Cleave+1","floor":18},{"not_picked":["Blood for Blood","Thunderclap+1","Flex"],"picked":"SKIP","floor":20},{"not_picked":["Offering","Sentinel"],"picked":"Iron Wave+1","floor":21},{"not_picked":["Rampage+1","True Grit","Twin Strike"],"picked":"SKIP","floor":22},{"not_picked":["Twin Strike","True Grit","Pummel+1"],"picked":"SKIP","floor":23},{"not_picked":["Thunderclap","Bloodletting"],"picked":"Metallicize","floor":24},{"not_picked":["Dropkick","Sentinel"],"picked":"Shrug It Off","floor":28},{"not_picked":["Perfected Strike","Cleave"],"picked":"Whirlwind+1","floor":29},{"not_picked":["Twin Strike+1","Intimidate"],"picked":"Flame Barrier+1","floor":31},{"not_picked":["Cleave+1","Fire Breathing","Heavy Blade+1"],"picked":"SKIP","floor":35},{"not_picked":["Sword Boomerang","Hemokinesis","Whirlwind"],"picked":"SKIP","floor":36},{"not_picked":["Dual Wield","Evolve"],"picked":"Entrench","floor":37},{"not_picked":["Warcry+1","Clothesline","Bloodletting+1"],"picked":"SKIP","floor":39},{"not_picked":["Cleave+1","Whirlwind"],"picked":"Battle Trance+1","floor":40},{"not_picked":["Anger+1","Impervious"],"picked":"Shrug It Off+1","floor":42},{"not_picked":["Infernal Blade+1","Thunderclap"],"picked":"Spot Weakness+1","floor":45},{"not_picked":["Heavy Blade+1","Cleave","Wild Strike+1"],"picked":"SKIP","floor":47},{"not_picked":["Havoc+1","Battle Trance+1"],"picked":"Disarm+1","floor":48},{"not_picked":["Thunderclap","Flex+1"],"picked":"Shrug It Off+1","floor":54}],"player_experience":183673,"relics_obtained":[{"floor":6,"key":"Blue Candle"},{"floor":12,"key":"Bag of Preparation"},{"floor":23,"key":"Meat on the Bone"},{"floor":26,"key":"Thread and Needle"},{"floor":28,"key":"Oddly Smooth Stone"},{"floor":40,"key":"Ice Cream"},{"floor":41,"key":"StoneCalendar"},{"floor":42,"key":"Bottled Tornado"},{"floor":43,"key":"Toxic Egg 2"},{"floor":45,"key":"Bottled Flame"},{"floor":47,"key":"Art of War"},{"floor":54,"key":"Bag of Marbles"}],"event_choices":[{"cards_removed":["Clumsy"],"damage_healed":0,"gold_gain":0,"player_choice":"Forget","damage_taken":0,"max_hp_gain":0,"max_hp_loss":0,"event_name":"Living Wall","floor":3,"gold_loss":0},{"damage_healed":0,"gold_gain":0,"player_choice":"2 cards matched","damage_taken":0,"max_hp_gain":0,"max_hp_loss":0,"event_name":"Match and Keep!","floor":4,"gold_loss":0,"cards_obtained":["Feed","Anger"]},{"damage_healed":0,"gold_gain":0,"player_choice":"Fight","damage_taken":0,"max_hp_gain":0,"max_hp_loss":0,"event_name":"MindBloom","floor":41,"gold_loss":0},{"cards_removed":["Cleave"],"damage_healed":0,"gold_gain":0,"player_choice":"Removed Attack","damage_taken":0,"max_hp_gain":0,"max_hp_loss":0,"event_name":"Falling","floor":46,"gold_loss":0}],"is_beta":false,"boss_relics":[{"not_picked":["Philosopher\u0027s Stone","Mark of Pain"],"picked":"Runic Pyramid"},{"not_picked":["Cursed Key","Tiny House"],"picked":"Sozu"}],"items_purged_floors":[19,25,38,53],"is_endless":false,"potions_floor_spawned":[1,2,6,14,16,18,28,31,33,35,37,41,45,47],"killed_by":"The Heart","ascension_level":1}