{"gold_per_floor":[110,35,35,52,63,63,98,98,121,121,121,137,37,37,37,138,138,138,138,108,108,108,108,108,108,108,108,108,108,108,108,108,108],"floor_reached":33,"playtime":1796,"items_purged":["Strike_G","Defend_G"],"score":299,"play_id":"c4f8a55d-b3cf-4383-9733-24ba029ce817","local_time":"20181225222300","is_ascension_mode":true,"campfire_choices":[{"data":"Neutralize","floor":6.0,"key":"SMITH"},{"data":"Survivor","floor":15,"key":"SMITH"},{"data":"Catalyst","floor":23,"key":"SMITH"},{"data":"Corpse Explosion","floor":25,"key":"SMITH"},{"floor":27,"key":"REST"},{"floor":32,"key":"REST"}],"neow_cost":"NONE","seed_source_timestamp":37706299819269,"circlet_count":0,"master_deck":["Defend_G","Defend_G","Defend_G","Defend_G","Strike_G","Strike_G","Strike_G","Survivor+1","Neutralize+1","Poisoned Stab","Unload","Prepared","Parasite","Corpse Explosion+1","Deadly Poison+1","Heel Hook+1","Catalyst+1"],"special_seed":0,"relics":["Ring of the Snake","Bag of Preparation","Kunai","Snake Skull","Ectoplasm","Happy Flower"],"potions_floor_usage":[18,21,24,28,29],"damage_taken":[{"damage":0.0,"enemies":"2 Louse","floor":1.0,"turns":4.0},{"damage":6.0,"enemies":"Small Slimes","floor":4.0,"turns":4.0},{"damage":3.0,"enemies":"Jaw Worm","floor":5.0,"turns":5.0},{"damage":35.0,"enemies":"3 Sentries","floor":7.0,"turns":15.0},{"damage":0,"enemies":"Large Slime","floor":12,"turns":6},{"damage":5,"enemies":"The Guardian","floor":16,"turns":15},{"damage":8,"enemies":"3 Byrds","floor":18,"turns":4},{"damage":11,"enemies":"2 Thieves","floor":20,"turns":2},{"damage":16,"enemies":"Centurion and Healer","floor":21,"turns":4},{"damage":10,"enemies":"Snake Plant","floor":22,"turns":3},{"damage":0,"enemies":"Chosen and Byrds","floor":24,"turns":2},{"damage":3,"enemies":"Snecko","floor":28,"turns":3},{"damage":27,"enemies":"Colosseum Slavers","floor":29,"turns":2},{"damage":7,"enemies":"Snake Plant","floor":31,"turns":2},{"damage":46,"enemies":"Collector","floor":33,"turns":5}],"seed_played":"-2012902278836176128","potions_obtained":[{"floor":4.0,"key":"Fruit Juice"},{"floor":7.0,"key":"GamblersBrew"},{"floor":16,"key":"Block Potion"},{"floor":20,"key":"Regen Potion"},{"floor":22,"key":"SkillPotion"},{"floor":24,"key":"FearPotion"}],"is_trial":false,"path_per_floor":["M","$","?","M","M","R","E","$","T","?","?","M","$","?","R","B",null,"M","?","M","M","M","R","M","R","T","R","M","?","$","M","R","B"],"character_chosen":"THE_SILENT","items_purchased":[],"campfire_rested":2,"item_purchase_floors":[],"current_hp_per_floor":[70,70,70,64,66,66,31,31,31,31,24,24,24,42,42,37,75,67,60,49,47,37,37,37,37,37,59,56,29,29,22,44,0],"gold":108,"neow_bonus":"REMOVE_CARD","is_prod":false,"is_daily":false,"chose_seed":false,"campfire_upgraded":4,"win_rate":0,"timestamp":1545747780,"path_taken":["M","$","?","M","M","R","E","$","T","?","?","?","$","?","R","BOSS","M","?","M","M","?","R","M","R","T","R","M","?","?","M","R","BOSS"],"build_version":"2018-12-20","purchased_purges":2,"victory":false,"max_hp_per_floor":[70,70,70,70,75,75,75,75,75,75,75,75,75,75,75,75,75,75,75,75,75,75,75,75,75,75,75,75,75,75,75,75,75],"card_choices":[{"not_picked":["Dagger Spray","Catalyst"],"picked":"Poisoned Stab","floor":1.0},{"not_picked":["Blade Dance","Eviscerate","Backflip"],"picked":"SKIP","floor":4.0},{"not_picked":["Deflect","PiercingWail","Quick Slash"],"picked":"SKIP","floor":5.0},{"not_picked":["Acrobatics","Dagger Throw"],"picked":"Unload","floor":7.0},{"not_picked":["Setup","Dodge and Roll"],"picked":"Prepared","floor":12},{"not_picked":["Phantasmal Killer","Night Terror"],"picked":"Corpse Explosion","floor":16},{"not_picked":["Escape Plan","Blur"],"picked":"Deadly Poison+1","floor":18},{"not_picked":["PiercingWail","Leg Sweep+1"],"picked":"Heel Hook+1","floor":20},{"not_picked":["Sucker Punch","Flying Knee","Cloak And Dagger"],"picked":"SKIP","floor":21},{"not_picked":["Endless Agony+1","Dagger Spray+1"],"picked":"Catalyst","floor":22},{"not_picked":["Skewer","Concentrate","Sucker Punch"],"picked":"SKIP","floor":24},{"not_picked":["Expertise","Poisoned Stab","Endless Agony+1"],"picked":"SKIP","floor":28},{"not_picked":["Finisher+1","Quick Slash","Heel Hook"],"picked":"SKIP","floor":31}],"player_experience":362700,"relics_obtained":[{"floor":7.0,"key":"Kunai"},{"floor":9.0,"key":"Snake Skull"},{"floor":26,"key":"Happy Flower"}],"event_choices":[{"damage_healed":0.0,"max_hp_gain":0.0,"max_hp_loss":0.0,"gold_gain":0.0,"event_name":"Big Fish","player_choice":"Box","floor":3.0,"gold_loss":0.0,"damage_taken":0.0,"relics_obtained":["Bag of Preparation"],"cards_obtained":["Regret"]},{"damage_healed":0,"gold_gain":0,"player_choice":"Searched \u00270\u0027 times","damage_taken":0,"max_hp_gain":0,"max_hp_loss":0,"event_name":"Dead Adventurer","floor":10,"gold_loss":0},{"cards_removed":["Regret"],"damage_healed":0,"gold_gain":0,"player_choice":"Card Removal","damage_taken":7,"max_hp_gain":0,"max_hp_loss":0,"event_name":"Golden Wing","floor":11,"gold_loss":0},{"damage_healed":18,"gold_gain":0,"player_choice":"Healed and dodged fight","damage_taken":0,"max_hp_gain":0,"max_hp_loss":0,"event_name":"Mushrooms","floor":14,"gold_loss":0,"cards_obtained":["Parasite"]},{"damage_healed":0,"gold_gain":0,"player_choice":"Damaged","damage_taken":7,"max_hp_gain":0,"max_hp_loss":0,"event_name":"Wheel of Change","floor":19,"gold_loss":0},{"damage_healed":0,"gold_gain":0,"player_choice":"Fight","damage_taken":0,"max_hp_gain":0,"max_hp_loss":0,"event_name":"Colosseum","floor":29,"gold_loss":0},{"damage_healed":0,"gold_gain":0,"player_choice":"Fled From Nobs","damage_taken":0,"max_hp_gain":0,"max_hp_loss":0,"event_name":"Colosseum","floor":29,"gold_loss":0}],"is_beta":false,"boss_relics":[{"not_picked":["Calling Bell","Black Star"],"picked":"Ectoplasm"}],"items_purged_floors":[2,13],"is_endless":false,"potions_floor_spawned":[4,7,16,20,22,24],"killed_by":"Collector","ascension_level":2}