{"gold_per_floor":[115,115,115,129,143,143,96,96],"floor_reached":8,"playtime":197,"items_purged":[],"score":94,"play_id":"9e652ff8-9b72-4964-b77b-f8815af9ef38","local_time":"20190320230536","is_ascension_mode":true,"campfire_choices":[{"floor":6,"key":"REST"}],"neow_cost":"PERCENT_DAMAGE","seed_source_timestamp":611446639737700,"circlet_count":0,"master_deck":["AscendersBane","Strike_R","Strike_R","Strike_R+1","Strike_R","Strike_R","Defend_R","Defend_R","Defend_R","Bash","Offering","Shrug It Off+1","Shrug It Off","Burning Pact","Uppercut"],"relics":["Burning Blood"],"potions_floor_usage":[8],"damage_taken":[{"damage":2,"enemies":"2 Louse","floor":1,"turns":4},{"damage":8,"enemies":"Jaw Worm","floor":4,"turns":5},{"damage":6,"enemies":"Cultist","floor":5,"turns":3},{"damage":25,"enemies":"Exordium Thugs","floor":7,"turns":5},{"damage":40,"enemies":"Gremlin Nob","floor":8,"turns":4}],"seed_played":"1831916767049277921","potions_obtained":[{"floor":4,"key":"FearPotion"},{"floor":7,"key":"EssenceOfSteel"}],"is_trial":false,"path_per_floor":["M","?","?","M","M","R","M","E"],"character_chosen":"IRONCLAD","items_purchased":[],"campfire_rested":1,"item_purchase_floors":[],"current_hp_per_floor":[54,47,24,22,22,44,25,0],"gold":96,"neow_bonus":"THREE_RARE_CARDS","is_prod":false,"is_daily":false,"chose_seed":false,"campfire_upgraded":0,"win_rate":0,"timestamp":1553119536,"path_taken":["M","?","?","M","?","R","M","E"],"build_version":"2019-01-23","purchased_purges":0,"victory":false,"max_hp_per_floor":[75,75,75,75,75,75,75,75],"card_choices":[{"not_picked":["Berserk","Dark Embrace"],"picked":"Offering","floor":0},{"not_picked":["Dual Wield","Warcry"],"picked":"Shrug It Off","floor":1},{"not_picked":["Thunderclap","Body Slam"],"picked":"Shrug It Off","floor":4},{"not_picked":["Heavy Blade","Hemokinesis"],"picked":"Burning Pact","floor":5},{"not_picked":["Wild Strike","Hemokinesis"],"picked":"Uppercut","floor":7}],"player_experience":496597,"relics_obtained":[],"event_choices":[{"cards_removed":["Defend_R"],"damage_healed":0,"gold_gain":0,"player_choice":"Card Removal","damage_taken":7,"max_hp_gain":0,"max_hp_loss":0,"event_name":"Golden Wing","floor":2,"gold_loss":0},{"damage_healed":0,"gold_gain":0,"player_choice":"Entered Light","damage_taken":23,"max_hp_gain":0,"max_hp_loss":0,"event_name":"Shining Light","floor":3,"gold_loss":0,"cards_upgraded":["Strike_R","Shrug It Off"]}],"is_beta":false,"boss_relics":[],"items_purged_floors":[],"is_endless":false,"potions_floor_spawned":[4,7],"killed_by":"Gremlin Nob","ascension_level":19}