{"gold_per_floor":[119,132,150,150,160,160,190,190,190,190,190,205,205],"floor_reached":13,"playtime":407,"items_purged":[],"score":170,"play_id":"75f22977-355b-46db-8689-28812ea33ef9","local_time":"20190510220916","is_ascension_mode":true,"campfire_choices":[{"data":"All Out Attack","floor":6,"key":"SMITH"},{"floor":11,"key":"REST"}],"neow_cost":"NONE","seed_source_timestamp":389392952613400,"circlet_count":0,"master_deck":["AscendersBane","Defend_G","Defend_G","Defend_G","Defend_G","Defend_G","Strike_G","Strike_G","Strike_G","Survivor","Neutralize","Crippling Poison","All Out Attack+1","Poisoned Stab","Cloak And Dagger","PiercingWail","Terror","Endless Agony"],"relics":["Ring of the Snake","NeowsBlessing","Question Card","Golden Idol","Shuriken"],"potions_floor_usage":[7,13,13],"damage_taken":[{"damage":0,"enemies":"Jaw Worm","floor":1,"turns":1},{"damage":0,"enemies":"Small Slimes","floor":2,"turns":1},{"damage":0,"enemies":"Cultist","floor":3,"turns":1},{"damage":11,"enemies":"3 Louse","floor":5,"turns":2},{"damage":30,"enemies":"Lagavulin","floor":7,"turns":7},{"damage":10,"enemies":"Red Slaver","floor":12,"turns":4},{"damage":20,"enemies":"Gremlin Nob","floor":13,"turns":4}],"seed_played":"-6202402612873744190","potions_obtained":[{"floor":2,"key":"SteroidPotion"},{"floor":7,"key":"SpeedPotion"},{"floor":12,"key":"Ancient Potion"}],"is_trial":false,"path_per_floor":["M","M","M","?","M","R","E","?","T","?","R","M","E"],"character_chosen":"THE_SILENT","items_purchased":[],"campfire_rested":1,"item_purchase_floors":[],"current_hp_per_floor":[59,59,59,52,41,41,11,11,11,11,29,19,0],"gold":205,"neow_bonus":"THREE_ENEMY_KILL","is_prod":false,"is_daily":false,"chose_seed":false,"campfire_upgraded":1,"win_rate":0,"timestamp":1557493756,"path_taken":["M","M","M","?","M","R","E","?","T","?","R","?","E"],"build_version":"2019-01-23","purchased_purges":0,"victory":false,"max_hp_per_floor":[66,66,66,66,66,66,66,60,60,60,60,60,60],"card_choices":[{"not_picked":["Dagger Spray","Bane"],"picked":"Crippling Poison","floor":1},{"not_picked":["Deadly Poison","Calculated Gamble"],"picked":"All Out Attack","floor":2},{"not_picked":["Backstab","Sucker Punch"],"picked":"Poisoned Stab","floor":3},{"not_picked":["Catalyst","Dagger Spray"],"picked":"Cloak And Dagger","floor":5},{"not_picked":["Concentrate","Riddle With Holes"],"picked":"PiercingWail","floor":7},{"not_picked":["Bane","Cloak And Dagger","Dagger Throw"],"picked":"Endless Agony","floor":12}],"player_experience":1333090,"relics_obtained":[{"floor":7,"key":"Question Card"},{"floor":9,"key":"Shuriken"}],"event_choices":[{"cards_removed":["Strike_G"],"damage_healed":0,"gold_gain":0,"player_choice":"Card Removal","damage_taken":7,"max_hp_gain":0,"max_hp_loss":0,"event_name":"Golden Wing","floor":4,"gold_loss":0},{"damage_healed":0,"gold_gain":0,"player_choice":"Lose Max HP","damage_taken":0,"relics_obtained":["Golden Idol"],"max_hp_gain":0,"max_hp_loss":6,"event_name":"Golden Idol","floor":8,"gold_loss":0},{"damage_healed":0,"gold_gain":0,"cards_transformed":["Strike_G"],"player_choice":"Transformed","damage_taken":0,"max_hp_gain":0,"max_hp_loss":0,"event_name":"Transmorgrifier","floor":10,"gold_loss":0,"cards_obtained":["Terror"]}],"is_beta":false,"boss_relics":[],"items_purged_floors":[],"is_endless":false,"potions_floor_spawned":[2,7,12],"killed_by":"Gremlin Nob","ascension_level":20}