{"gold_per_floor":[113,126,201,219,232,232,258,258,309,321,47,58,89,109,109,109],"floor_reached":16,"playtime":549,"items_purged":[],"score":228,"play_id":"ad7a5b22-78bb-4ff2-93cc-f06419fefe6e","local_time":"20190503204949","is_ascension_mode":true,"campfire_choices":[{"data":"Neutralize","floor":6,"key":"SMITH"},{"floor":8,"key":"REST"},{"data":"Apotheosis","floor":15,"key":"SMITH"}],"neow_cost":"NONE","seed_source_timestamp":402389614831100,"circlet_count":0,"master_deck":["AscendersBane","Defend_G","Defend_G","Defend_G","Defend_G","Defend_G","Strike_G","Strike_G","Strike_G","Strike_G","Strike_G","Survivor","Neutralize+1","Poisoned Stab","Sucker Punch","Noxious Fumes","Dagger Spray","Escape Plan","Apotheosis+1","All Out Attack","Terror","Masterful Stab"],"relics":["Ring of the Snake","NeowsBlessing","Blue Candle","Bronze Scales","Boot"],"potions_floor_usage":[13,14],"damage_taken":[{"damage":0,"enemies":"2 Louse","floor":1,"turns":1},{"damage":0,"enemies":"Small Slimes","floor":2,"turns":1},{"damage":0,"enemies":"Jaw Worm","floor":4,"turns":1},{"damage":3,"enemies":"Looter","floor":5,"turns":4},{"damage":26,"enemies":"Gremlin Nob","floor":7,"turns":4},{"damage":9,"enemies":"Exordium Wildlife","floor":10,"turns":4},{"damage":2,"enemies":"Red Slaver","floor":12,"turns":3},{"damage":7,"enemies":"Lagavulin","floor":13,"turns":8},{"damage":8,"enemies":"3 Louse","floor":14,"turns":3},{"damage":14,"enemies":"Slime Boss","floor":16,"turns":4}],"seed_played":"-1824056325342468890","potions_obtained":[{"floor":1,"key":"Swift Potion"},{"floor":5,"key":"LiquidBronze"},{"floor":13,"key":"SpeedPotion"}],"is_trial":false,"path_per_floor":["M","M","?","M","M","R","E","R","T","M","$","M","E","M","R","B"],"character_chosen":"THE_SILENT","items_purchased":["Apotheosis","All Out Attack"],"campfire_rested":1,"item_purchase_floors":[11,11],"current_hp_per_floor":[59,59,48,48,45,45,19,38,38,29,29,27,20,12,12,0],"gold":109,"neow_bonus":"THREE_ENEMY_KILL","is_prod":false,"is_daily":false,"chose_seed":false,"campfire_upgraded":2,"win_rate":0,"timestamp":1556884189,"path_taken":["M","M","?","M","M","R","E","R","T","M","$","M","E","M","R","BOSS"],"build_version":"2019-01-23","purchased_purges":0,"victory":false,"max_hp_per_floor":[66,66,66,66,66,66,66,66,66,66,66,66,66,66,66,66],"card_choices":[{"not_picked":["Concentrate","Finisher"],"picked":"Poisoned Stab","floor":1},{"not_picked":["Deflect","Acrobatics"],"picked":"Sucker Punch","floor":2},{"not_picked":["Terror","Choke"],"picked":"Noxious Fumes","floor":4},{"not_picked":["Underhanded Strike","Flying Knee"],"picked":"Dagger Spray","floor":5},{"not_picked":["Eviscerate","Setup"],"picked":"Escape Plan","floor":7},{"not_picked":["Slice","Underhanded Strike","Flying Knee"],"picked":"SKIP","floor":10},{"not_picked":["Bane","Underhanded Strike","Blade Dance"],"picked":"SKIP","floor":12},{"not_picked":["Acrobatics","Bane"],"picked":"Terror","floor":13},{"not_picked":["After Image","Deflect"],"picked":"Masterful Stab","floor":14}],"player_experience":1204416,"relics_obtained":[{"floor":7,"key":"Blue Candle"},{"floor":9,"key":"Bronze Scales"},{"floor":13,"key":"Boot"}],"event_choices":[{"damage_healed":0,"gold_gain":75,"player_choice":"Gather Gold","damage_taken":11,"max_hp_gain":0,"max_hp_loss":0,"event_name":"World of Goop","floor":3,"gold_loss":0}],"is_beta":false,"boss_relics":[],"items_purged_floors":[],"is_endless":false,"potions_floor_spawned":[1,5,12,13],"killed_by":"Slime Boss","ascension_level":20}