{"gold_per_floor":[116,41,59,71,71,71,15,45,45,120,136,136,146,166,166,166],"floor_reached":16,"playtime":628,"items_purged":[],"score":204,"play_id":"1f71077b-4174-475b-bc30-5e47f2c21ca6","local_time":"20190426085226","is_ascension_mode":true,"campfire_choices":[{"floor":6,"key":"REST"},{"data":"Self Repair","floor":12,"key":"SMITH"},{"data":"Barrage","floor":15,"key":"SMITH"}],"neow_cost":"NONE","seed_source_timestamp":122050794938428,"circlet_count":0,"master_deck":["AscendersBane","Strike_B","Strike_B","Strike_B","Strike_B","Defend_B","Defend_B","Defend_B","Zap","Dualcast","Leap","Steam","Glacier","Hologram","Self Repair+1","Electrodynamics","Steam","Barrage+1"],"relics":["Cracked Core","Omamori","Dodecahedron","FossilizedHelix","Cables"],"potions_floor_usage":[8,16],"damage_taken":[{"damage":0,"enemies":"Small Slimes","floor":1,"turns":3},{"damage":2,"enemies":"Jaw Worm","floor":3,"turns":3},{"damage":0,"enemies":"2 Louse","floor":4,"turns":2},{"damage":27,"enemies":"Lagavulin","floor":8,"turns":10},{"damage":6,"enemies":"Lots of Slimes","floor":11,"turns":7},{"damage":0,"enemies":"Red Slaver","floor":13,"turns":4},{"damage":0,"enemies":"2 Fungi Beasts","floor":14,"turns":4},{"damage":46,"enemies":"Hexaghost","floor":16,"turns":14}],"seed_played":"3372949561498046250","potions_obtained":[{"floor":3,"key":"SteroidPotion"},{"floor":13,"key":"Poison Potion"},{"floor":14,"key":"Fire Potion"}],"is_trial":false,"path_per_floor":["M","?","M","M","?","R","$","E","T","?","M","R","M","M","R","B"],"character_chosen":"DEFECT","items_purchased":["Hologram"],"campfire_rested":1,"item_purchase_floors":[7],"current_hp_per_floor":[64,64,62,62,36,57,57,30,30,19,20,20,30,40,40,0],"gold":166,"neow_bonus":"RANDOM_COMMON_RELIC","is_prod":false,"is_daily":false,"chose_seed":false,"campfire_upgraded":2,"win_rate":0,"timestamp":1556261546,"path_taken":["M","?","M","M","?","R","?","E","T","?","M","R","M","M","R","BOSS"],"build_version":"2019-01-23","purchased_purges":0,"victory":false,"max_hp_per_floor":[71,71,71,71,71,71,71,71,71,71,71,71,71,71,71,71],"card_choices":[{"not_picked":["Stack","Hologram"],"picked":"Leap","floor":1},{"not_picked":["Gash","Scrape"],"picked":"Steam","floor":3},{"not_picked":["Chaos","Conserve Battery"],"picked":"Glacier","floor":4},{"not_picked":["Hello World","Redo"],"picked":"Self Repair","floor":8},{"not_picked":["Lockon","Auto Shields"],"picked":"Electrodynamics","floor":11},{"not_picked":["White Noise","Sweeping Beam"],"picked":"Steam","floor":13},{"not_picked":["Steam","Reinforced Body"],"picked":"Barrage","floor":14}],"player_experience":723450,"relics_obtained":[{"floor":8,"key":"FossilizedHelix"},{"floor":9,"key":"Cables"}],"event_choices":[{"cards_removed":["Defend_B"],"damage_healed":0,"gold_gain":0,"player_choice":"Card Removal","damage_taken":0,"max_hp_gain":0,"max_hp_loss":0,"event_name":"The Cleric","floor":2,"gold_loss":75},{"damage_healed":0,"gold_gain":0,"player_choice":"Success","damage_taken":26,"relics_obtained":["Dodecahedron"],"max_hp_gain":0,"max_hp_loss":0,"event_name":"Scrap Ooze","floor":5,"gold_loss":0},{"damage_healed":0,"gold_gain":75,"player_choice":"Gather Gold","damage_taken":11,"max_hp_gain":0,"max_hp_loss":0,"event_name":"World of Goop","floor":10,"gold_loss":0}],"is_beta":false,"boss_relics":[],"items_purged_floors":[],"is_endless":false,"potions_floor_spawned":[3,13,14],"killed_by":"Hexaghost","ascension_level":20}