{"gold_per_floor":[112,124,124,134,150,150,181,181,181,181],"floor_reached":10,"playtime":363,"items_purged":[],"score":136,"play_id":"c9608658-feef-488c-b026-f46525269519","local_time":"20190512205412","is_ascension_mode":true,"campfire_choices":[{"data":"Neutralize","floor":6,"key":"SMITH"},{"data":"Deadly Poison","floor":8,"key":"SMITH"}],"neow_cost":"NONE","seed_source_timestamp":0,"circlet_count":0,"master_deck":["AscendersBane","Defend_G","Defend_G","Defend_G","Defend_G","Defend_G","Strike_G","Strike_G","Strike_G","Strike_G","Survivor","Neutralize+1","Quick Slash","Backflip","Tools of the Trade","Acrobatics","Deadly Poison+1"],"special_seed":0,"relics":["Ring of the Snake","Bag of Marbles","Juzu Bracelet","Strawberry"],"potions_floor_usage":[7,7],"damage_taken":[{"damage":0.0,"enemies":"Jaw Worm","floor":1.0,"turns":4.0},{"damage":0,"enemies":"Cultist","floor":2,"turns":3},{"damage":1,"enemies":"2 Louse","floor":4,"turns":3},{"damage":1,"enemies":"Blue Slaver","floor":5,"turns":7},{"damage":33,"enemies":"Lagavulin","floor":7,"turns":11},{"damage":57,"enemies":"Gremlin Nob","floor":10,"turns":4}],"seed_played":"4346008342929357890","potions_obtained":[{"floor":2,"key":"GhostInAJar"},{"floor":5,"key":"FearPotion"}],"is_trial":false,"path_per_floor":["M","M","?","M","M","R","E","R","T","E"],"character_chosen":"THE_SILENT","items_purchased":[],"campfire_rested":0,"item_purchase_floors":[],"current_hp_per_floor":[59,59,59,58,57,57,24,24,31,0],"gold":181,"neow_bonus":"RANDOM_COMMON_RELIC","is_prod":false,"is_daily":false,"chose_seed":false,"campfire_upgraded":2,"win_rate":0,"timestamp":1557687252,"path_taken":["M","M","?","?","M","R","E","R","T","E"],"build_version":"2019-01-23","purchased_purges":0,"victory":false,"max_hp_per_floor":[66,66,66,66,66,66,66,66,73,73],"card_choices":[{"not_picked":["Deflect","Outmaneuver"],"picked":"Quick Slash","floor":1},{"not_picked":["Cloak And Dagger","Flying Knee"],"picked":"Backflip","floor":2},{"not_picked":["Leg Sweep","Heel Hook"],"picked":"Tools of the Trade","floor":4},{"not_picked":["Sucker Punch","Choke"],"picked":"Acrobatics","floor":5},{"not_picked":["Heel Hook","Blade Dance"],"picked":"Deadly Poison","floor":7}],"player_experience":662153,"relics_obtained":[{"floor":7,"key":"Juzu Bracelet"},{"floor":9,"key":"Strawberry"}],"event_choices":[{"cards_removed":["Strike_G"],"damage_healed":0,"gold_gain":0,"player_choice":"Offered Basic","damage_taken":0,"max_hp_gain":0,"max_hp_loss":0,"event_name":"Bonfire Elementals","floor":3,"gold_loss":0}],"is_beta":false,"boss_relics":[],"items_purged_floors":[],"is_endless":false,"potions_floor_spawned":[2,5],"killed_by":"Gremlin Nob","ascension_level":20}