{"gold_per_floor":[113,33,33,33,44,76,76,1,75,75,101,111,261,261,261,261],"floor_reached":16,"playtime":352,"items_purged":["Regret"],"score":255,"play_id":"eff07987-497e-4ae2-819f-af121de0aaa3","local_time":"20190314210207","is_ascension_mode":true,"campfire_choices":[{"data":"Carnage","floor":7,"key":"SMITH"},{"data":"Warcry","floor":10,"key":"SMITH"},{"floor":15,"key":"REST"}],"neow_cost":"NONE","seed_source_timestamp":85475617481700,"circlet_count":0,"master_deck":["AscendersBane","Strike_R","Strike_R","Strike_R+1","Strike_R+1","Strike_R","Defend_R","Defend_R","Defend_R","Defend_R","Bash","Warcry+1","Carnage+1","Burning Pact","Corruption","Warcry"],"relics":["Burning Blood","NeowsBlessing","Matryoshka","Oddly Smooth Stone","Potion Belt","Letter Opener","Juzu Bracelet"],"potions_floor_usage":[16],"damage_taken":[{"damage":0,"enemies":"2 Louse","floor":1,"turns":1},{"damage":0,"enemies":"Jaw Worm","floor":5,"turns":1},{"damage":0,"enemies":"Gremlin Nob","floor":6,"turns":1},{"damage":22,"enemies":"3 Sentries","floor":11,"turns":8},{"damage":6,"enemies":"Cultist","floor":12,"turns":3},{"damage":66,"enemies":"Hexaghost","floor":16,"turns":9}],"seed_played":"3376988553833717820","potions_obtained":[{"floor":5,"key":"FearPotion"},{"floor":6,"key":"Block Potion"}],"is_trial":false,"path_per_floor":["M","$","?","?","M","E","R","$","T","R","E","M","?","?","R","B"],"character_chosen":"IRONCLAD","items_purchased":["Carnage"],"campfire_rested":1,"item_purchase_floors":[2],"current_hp_per_floor":[74,74,51,51,57,63,63,63,63,63,47,47,47,40,62,0],"gold":261,"neow_bonus":"THREE_ENEMY_KILL","is_prod":false,"is_daily":false,"chose_seed":false,"campfire_upgraded":2,"win_rate":0,"timestamp":1552593727,"path_taken":["M","$","?","?","M","E","R","?","T","R","E","M","?","?","R","BOSS"],"build_version":"2019-01-23","purchased_purges":1,"victory":false,"max_hp_per_floor":[75,75,75,75,75,75,75,75,75,75,75,75,75,75,75,75],"card_choices":[{"not_picked":["Spot Weakness","Reckless Charge"],"picked":"Warcry","floor":1},{"not_picked":["Reckless Charge","Rage"],"picked":"Burning Pact","floor":5},{"not_picked":["Bloodletting","Iron Wave"],"picked":"Corruption","floor":6},{"not_picked":["Armaments","Pommel Strike","Flex"],"picked":"SKIP","floor":11},{"not_picked":["Clothesline","Havoc"],"picked":"Warcry","floor":12}],"player_experience":481509,"relics_obtained":[{"floor":6,"key":"Oddly Smooth Stone"},{"floor":9,"key":"Potion Belt"},{"floor":9,"key":"Letter Opener"},{"floor":11,"key":"Juzu Bracelet"}],"event_choices":[{"damage_healed":0,"gold_gain":0,"player_choice":"Entered Light","damage_taken":23,"max_hp_gain":0,"max_hp_loss":0,"event_name":"Shining Light","floor":3,"gold_loss":0,"cards_upgraded":["Strike_R","Strike_R"]},{"damage_healed":0,"gold_gain":0,"player_choice":"Box","damage_taken":0,"relics_obtained":["Matryoshka"],"max_hp_gain":0,"max_hp_loss":0,"event_name":"Big Fish","floor":4,"gold_loss":0,"cards_obtained":["Regret"]},{"damage_healed":0,"gold_gain":150,"player_choice":"AGREE","damage_taken":0,"max_hp_gain":0,"max_hp_loss":0,"event_name":"Liars Game","floor":13,"gold_loss":0,"cards_obtained":["Doubt"]},{"cards_removed":["Doubt"],"damage_healed":0,"gold_gain":0,"player_choice":"Card Removal","damage_taken":7,"max_hp_gain":0,"max_hp_loss":0,"event_name":"Golden Wing","floor":14,"gold_loss":0}],"is_beta":false,"boss_relics":[],"items_purged_floors":[8],"is_endless":false,"potions_floor_spawned":[5,6],"killed_by":"Hexaghost","ascension_level":19}