{"gold_per_floor":[110,81,81,97,117,117,117,147,147,165,183,333,333],"floor_reached":13,"playtime":338,"items_purged":[],"score":170,"play_id":"0894faed-5870-4ddc-bb7d-d9788a2b41d1","local_time":"20190505164854","is_ascension_mode":true,"campfire_choices":[{"data":"Deadly Poison","floor":6,"key":"SMITH"}],"neow_cost":"NONE","seed_source_timestamp":0,"circlet_count":0,"master_deck":["AscendersBane","Defend_G","Defend_G","Defend_G","Defend_G","Defend_G","Strike_G+1","Strike_G+1","Strike_G","Strike_G","Strike_G","Survivor","Neutralize","Backflip","Dagger Throw","Pain","Infinite Blades","Deadly Poison+1","Dagger Spray","Backflip","Prepared","Doubt"],"special_seed":0,"relics":["Ring of the Snake","NeowsBlessing","WarpedTongs","FossilizedHelix","Whetstone","Nunchaku"],"potions_floor_usage":[],"damage_taken":[{"damage":0,"enemies":"2 Louse","floor":1,"turns":1},{"damage":0,"enemies":"Cultist","floor":4,"turns":1},{"damage":0,"enemies":"Small Slimes","floor":5,"turns":1},{"damage":21,"enemies":"3 Sentries","floor":8,"turns":10},{"damage":9,"enemies":"Looter","floor":10,"turns":4},{"damage":2,"enemies":"Exordium Wildlife","floor":11,"turns":4},{"damage":1,"enemies":"Large Slime","floor":13,"turns":6}],"seed_played":"-4142164307299684655","potions_obtained":[{"floor":8,"key":"Swift Potion"},{"floor":11,"key":"SteroidPotion"}],"is_trial":false,"path_per_floor":["M","$","?","M","M","R","?","E","T","M","M","?","M"],"character_chosen":"THE_SILENT","items_purchased":["Dagger Throw"],"campfire_rested":0,"item_purchase_floors":[2],"current_hp_per_floor":[59,59,59,59,59,59,33,12,12,3,1,1,0],"gold":333,"neow_bonus":"THREE_ENEMY_KILL","is_prod":false,"is_daily":false,"chose_seed":false,"campfire_upgraded":1,"win_rate":0,"timestamp":1557067734,"path_taken":["M","$","?","?","M","R","?","E","T","M","M","?","M"],"build_version":"2019-01-23","purchased_purges":0,"victory":false,"max_hp_per_floor":[66,66,66,66,66,66,66,66,66,66,66,66,66],"card_choices":[{"not_picked":["Dagger Spray","Outmaneuver"],"picked":"Backflip","floor":1},{"not_picked":["Predator","Heel Hook"],"picked":"Infinite Blades","floor":4},{"not_picked":["Accuracy","Dodge and Roll"],"picked":"Deadly Poison","floor":5},{"not_picked":["Quick Slash","Tactician"],"picked":"Dagger Spray","floor":8},{"not_picked":["Predator","Slice"],"picked":"Backflip","floor":10},{"not_picked":["Underhanded Strike","Acrobatics"],"picked":"Prepared","floor":11}],"player_experience":636462,"relics_obtained":[{"floor":8,"key":"Whetstone"},{"floor":9,"key":"Nunchaku"}],"event_choices":[{"damage_healed":0,"gold_gain":0,"player_choice":"Rummage","damage_taken":0,"relics_obtained":["WarpedTongs"],"max_hp_gain":0,"max_hp_loss":0,"event_name":"Accursed Blacksmith","floor":3,"gold_loss":0,"cards_obtained":["Pain"]},{"damage_healed":0,"gold_gain":0,"player_choice":"Success","damage_taken":26,"relics_obtained":["FossilizedHelix"],"max_hp_gain":0,"max_hp_loss":0,"event_name":"Scrap Ooze","floor":7,"gold_loss":0},{"damage_healed":0,"gold_gain":150,"player_choice":"AGREE","damage_taken":0,"max_hp_gain":0,"max_hp_loss":0,"event_name":"Liars Game","floor":12,"gold_loss":0,"cards_obtained":["Doubt"]}],"is_beta":false,"boss_relics":[],"items_purged_floors":[],"is_endless":false,"potions_floor_spawned":[8,11],"killed_by":"Large Slime","ascension_level":20}