{"gold_per_floor":[116,127,146,160,160,160,190,207,207,207,233,183,183,183,183,183],"floor_reached":16,"playtime":694,"items_purged":[],"score":220,"play_id":"2cf32dca-9c4c-4937-874c-ad92fc0376fb","local_time":"20190508210741","is_ascension_mode":true,"campfire_choices":[{"data":"Twin Strike","floor":6,"key":"SMITH"},{"data":"Whirlwind","floor":10,"key":"SMITH"},{"floor":13,"key":"REST"},{"data":"Iron Wave","floor":15,"key":"SMITH"}],"neow_cost":"NONE","seed_source_timestamp":212610476485400,"circlet_count":0,"master_deck":["AscendersBane","Strike_R","Strike_R","Strike_R","Strike_R","Strike_R","Defend_R","Defend_R","Defend_R","Defend_R","Bash+1","Headbutt","Iron Wave+1","Shrug It Off","Twin Strike+1","Whirlwind+1","Sword Boomerang"],"relics":["Burning Blood","Juzu Bracelet","Ornamental Fan","Meat on the Bone"],"potions_floor_usage":[8,11,11,16],"damage_taken":[{"damage":4,"enemies":"Jaw Worm","floor":1,"turns":7},{"damage":1,"enemies":"Cultist","floor":2,"turns":3},{"damage":1,"enemies":"2 Louse","floor":3,"turns":4},{"damage":6,"enemies":"Large Slime","floor":4,"turns":8},{"damage":47,"enemies":"3 Sentries","floor":7,"turns":10},{"damage":1,"enemies":"Blue Slaver","floor":8,"turns":4},{"damage":34,"enemies":"Lagavulin","floor":11,"turns":9},{"damage":64,"enemies":"The Guardian","floor":16,"turns":7}],"seed_played":"-3909350252610481983","potions_obtained":[{"floor":1,"key":"EssenceOfSteel"},{"floor":7,"key":"Ancient Potion"},{"floor":8,"key":"EssenceOfSteel"},{"floor":14,"key":"Fire Potion"},{"floor":14,"key":"SmokeBomb"}],"is_trial":false,"path_per_floor":["M","M","M","M","?","R","E","M","T","R","E","?","R","?","R","B"],"character_chosen":"IRONCLAD","items_purchased":[],"campfire_rested":1,"item_purchase_floors":[],"current_hp_per_floor":[70,75,75,75,75,75,34,39,39,39,11,11,33,33,33,0],"gold":183,"neow_bonus":"RANDOM_COMMON_RELIC","is_prod":false,"is_daily":false,"chose_seed":false,"campfire_upgraded":3,"win_rate":0,"timestamp":1557317261,"path_taken":["M","M","M","M","?","R","E","M","T","R","E","?","R","?","R","BOSS"],"build_version":"2019-01-23","purchased_purges":0,"victory":false,"max_hp_per_floor":[75,75,75,75,75,75,75,75,75,75,75,75,75,75,75,75],"card_choices":[{"not_picked":["Sever Soul","Pummel"],"picked":"Headbutt","floor":1},{"not_picked":["Dual Wield","Armaments"],"picked":"Iron Wave","floor":2},{"not_picked":["Bloodletting","Second Wind"],"picked":"Shrug It Off","floor":3},{"not_picked":["Armaments","Heavy Blade"],"picked":"Twin Strike","floor":4},{"not_picked":["Armaments","Exhume","Sever Soul"],"picked":"SKIP","floor":7},{"not_picked":["Clash","Warcry"],"picked":"Whirlwind","floor":8},{"not_picked":["Anger","Havoc"],"picked":"Sword Boomerang","floor":11}],"player_experience":1292020,"relics_obtained":[{"floor":7,"key":"Ornamental Fan"},{"floor":11,"key":"Meat on the Bone"}],"event_choices":[{"damage_healed":0,"gold_gain":0,"player_choice":"Grow","damage_taken":0,"max_hp_gain":0,"max_hp_loss":0,"event_name":"Living Wall","floor":5,"gold_loss":0,"cards_upgraded":["Bash"]},{"damage_healed":0,"gold_gain":0,"player_choice":"Left Gold","damage_taken":0,"max_hp_gain":0,"max_hp_loss":0,"event_name":"World of Goop","floor":12,"gold_loss":50},{"damage_healed":0,"gold_gain":0,"player_choice":"Got Potions","damage_taken":0,"max_hp_gain":0,"max_hp_loss":0,"event_name":"Lab","floor":14,"gold_loss":0}],"is_beta":false,"boss_relics":[],"items_purged_floors":[],"is_endless":false,"potions_floor_spawned":[1,7,8],"killed_by":"The Guardian","ascension_level":20}