{"path_per_floor":["M","M","M","M","?","E","R","M","T","?","M","R","M","E","R","B",null,"M","$","?","$","?","R","E","M","T","R","M","M","E","M","R","B",null,"M","$","M","M","?","R","?","E","T","R","$","M","$","M","R","B"],"character_chosen":"IRONCLAD","items_purchased":["Explosive Potion","Apotheosis","Bag of Marbles","Shuriken","Anchor","Mango"],"gold_per_floor":[119,134,146,158,158,194,194,212,238,413,438,438,462,501,501,624,624,638,512,437,109,142,142,176,195,195,195,210,233,267,288,288,408,408,431,32,48,61,283,283,283,321,373,373,74,99,99,117,117,117],"floor_reached":51,"campfire_rested":0,"playtime":2944,"item_purchase_floors":[19,21,21,36,36,45],"current_hp_per_floor":[80,80,80,78,78,74,74,80,80,80,63,63,63,41,41,25,80,73,73,73,73,80,80,77,80,80,80,83,87,78,79,79,67,87,70,70,78,82,82,82,87,81,81,81,95,78,78,89,89,68],"items_purged":["Doubt"],"gold":117,"score":814,"play_id":"f8b86289-e594-48a7-b4d1-a5fb08a81a4b","local_time":"20180609222443","is_prod":false,"is_daily":false,"chose_seed":false,"is_ascension_mode":true,"campfire_upgraded":6,"win_rate":0,"timestamp":1528601083,"campfire_choices":[{"data":"Shockwave","floor":7,"key":"SMITH"},{"data":"Double Tap","floor":12,"key":"SMITH"},{"data":"Perfected Strike","floor":15,"key":"SMITH"},{"data":"Apotheosis","floor":23,"key":"SMITH"},{"data":"Demon Form","floor":27,"key":"SMITH"},{"data":"1","floor":32,"key":"LIFT"},{"data":"2","floor":40,"key":"LIFT"},{"data":"Demon Form","floor":44,"key":"SMITH"},{"data":"3","floor":49,"key":"LIFT"}],"path_taken":["M","M","M","M","?","E","R","M","T","?","M","R","M","E","R","BOSS","M","$","?","$","?","R","E","M","T","R","M","M","E","M","R","BOSS","M","$","M","M","?","R","?","E","T","R","$","M","$","?","R","BOSS"],"build_version":"2018-06-07v3","seed_source_timestamp":262096045429028,"purchased_purges":1,"victory":true,"master_deck":["Strike_R","Strike_R","Strike_R","Strike_R","Strike_R","Defend_R","Defend_R","Defend_R","Defend_R","Bash","Perfected Strike+1","Shockwave+1","Wild Strike","Twin Strike","Inflame","Double Tap+1","Demon Form+1","Perfected Strike+1","Apotheosis+1","Feed","Heavy Blade","Fire Breathing+1","Clash+1","Heavy Blade+1","Demon Form+1","Flex+1","Writhe","Perfected Strike+1"],"max_hp_per_floor":[80,80,80,80,80,80,80,80,80,80,80,80,80,80,80,80,80,80,80,80,80,80,80,83,83,83,83,83,87,87,87,87,87,87,87,87,87,87,87,87,87,87,87,87,101,104,104,107,107,107],"relics":["Burning Blood","NeowsBlessing","Golden Idol","Ancient Tea Set","Blood Vial","Orichalcum","Velvet Choker","Bag of Marbles","Red Mask","Vajra","Champion Belt","Girya","Sozu","Shuriken","Anchor","Dead Branch","Pen Nib","Mango"],"card_choices":[{"not_picked":["Reckless Charge","Headbutt"],"picked":"Perfected Strike","floor":1},{"not_picked":["Armaments","Flex"],"picked":"Shockwave","floor":2},{"not_picked":["Intimidate","Havoc","Carnage"],"picked":"SKIP","floor":3},{"not_picked":["Thunderclap","Clash"],"picked":"Wild Strike","floor":4},{"not_picked":["Whirlwind","Heavy Blade"],"picked":"Twin Strike","floor":6},{"not_picked":["Heavy Blade","Corruption"],"picked":"Inflame","floor":8},{"not_picked":["Sword Boomerang","Havoc"],"picked":"Double Tap","floor":11},{"not_picked":["Dual Wield","Armaments","Clash"],"picked":"SKIP","floor":13},{"not_picked":["Warcry","Clothesline","Juggernaut"],"picked":"SKIP","floor":14},{"not_picked":["Double Tap","Juggernaut"],"picked":"Demon Form","floor":16},{"not_picked":["Flame Barrier+1","Pommel Strike+1"],"picked":"Perfected Strike+1","floor":18},{"not_picked":["Body Slam","Havoc"],"picked":"Feed","floor":22},{"not_picked":["Sentinel","Intimidate"],"picked":"Heavy Blade","floor":24},{"not_picked":["Flex","Headbutt"],"picked":"Fire Breathing+1","floor":25},{"not_picked":["Shockwave","Armaments+1"],"picked":"Clash+1","floor":28},{"not_picked":["True Grit","Carnage"],"picked":"Heavy Blade+1","floor":29},{"not_picked":["Entrench","Juggernaut","Fiend Fire"],"picked":"SKIP","floor":30},{"not_picked":["Wild Strike","Warcry","Second Wind"],"picked":"SKIP","floor":31},{"not_picked":["Bludgeon","Impervious"],"picked":"Demon Form","floor":33},{"not_picked":["True Grit","Flex","Seeing Red"],"picked":"SKIP","floor":35},{"not_picked":["Clothesline","Fire Breathing","Armaments"],"picked":"SKIP","floor":37},{"not_picked":["Metallicize+1","Hemokinesis"],"picked":"Flex+1","floor":38},{"not_picked":["Double Tap","Intimidate+1","Iron Wave"],"picked":"SKIP","floor":42},{"not_picked":["Dropkick","Pommel Strike"],"picked":"Perfected Strike+1","floor":46},{"not_picked":["Feel No Pain","Cleave+1","Clothesline"],"picked":"SKIP","floor":48}],"player_experience":99177,"potions_floor_usage":[4,6,11,14,18,22,29,33,33,38],"damage_taken":[{"damage":0,"enemies":"Cultist","floor":1,"turns":1},{"damage":0,"enemies":"Jaw Worm","floor":2,"turns":1},{"damage":0,"enemies":"2 Louse","floor":3,"turns":1},{"damage":8,"enemies":"Exordium Wildlife","floor":4,"turns":3},{"damage":10,"enemies":"Gremlin Nob","floor":6,"turns":4},{"damage":0,"enemies":"Looter","floor":8,"turns":2},{"damage":23,"enemies":"Lots of Slimes","floor":11,"turns":4},{"damage":8,"enemies":"Exordium Wildlife","floor":13,"turns":3},{"damage":30,"enemies":"3 Sentries","floor":14,"turns":8},{"damage":24,"enemies":"The Guardian","floor":16,"turns":8},{"damage":13,"enemies":"3 Byrds","floor":18,"turns":5},{"damage":1,"floor":22,"turns":3},{"damage":12,"enemies":"Book of Stabbing","floor":24,"turns":3},{"damage":5,"enemies":"Spheric Guardian","floor":25,"turns":3},{"damage":0,"enemies":"Centurion and Healer","floor":28,"turns":2},{"damage":0,"enemies":"Cultist and Chosen","floor":29,"turns":3},{"damage":15,"enemies":"Gremlin Leader","floor":30,"turns":4},{"damage":7,"enemies":"Sentry and Sphere","floor":31,"turns":3},{"damage":20,"enemies":"Automaton","floor":33,"turns":6},{"damage":23,"enemies":"3 Darklings","floor":35,"turns":5},{"damage":0,"enemies":"3 Shapes","floor":37,"turns":2},{"damage":16,"enemies":"3 Darklings","floor":38,"turns":4},{"damage":12,"enemies":"Nemesis","floor":42,"turns":5},{"damage":28,"enemies":"Sphere and 2 Shapes","floor":46,"turns":4},{"damage":0,"enemies":"4 Shapes","floor":48,"turns":3},{"damage":29,"enemies":"Time Eater","floor":50,"turns":4}],"relics_obtained":[{"floor":6,"key":"Ancient Tea Set"},{"floor":9,"key":"Blood Vial"},{"floor":14,"key":"Orichalcum"},{"floor":22,"key":"Red Mask"},{"floor":24,"key":"Vajra"},{"floor":26,"key":"Champion Belt"},{"floor":30,"key":"Girya"},{"floor":42,"key":"Dead Branch"},{"floor":43,"key":"Pen Nib"}],"event_choices":[{"event_name":"Golden Idol","player_choice":"Take Wound","floor":5,"damage_taken":0},{"event_name":"Liars Game","player_choice":"agreed","floor":10,"damage_taken":0},{"event_name":"Beggar","player_choice":"Gave Gold","floor":20,"damage_taken":0},{"event_name":"Masked Bandits","player_choice":"Fought over 109 gold","floor":22,"damage_taken":0},{"event_name":"Tomb of Lord Red Mask","player_choice":"Wore Mask","floor":39,"damage_taken":0},{"event_name":"Winding Halls","player_choice":"Writhe","floor":41,"damage_taken":0}],"boss_relics":[{"not_picked":["Black Star","Runic Cube"],"picked":"Velvet Choker"},{"not_picked":["Calling Bell","Tiny House"],"picked":"Sozu"}],"items_purged_floors":[19],"potions_floor_spawned":[3,4,6,8,13,28,30,31,33,35,37,38,48],"seed_played":"5177767159152885628","ascension_level":1,"potions_obtained":[{"floor":3,"key":"Energy Potion"},{"floor":4,"key":"Block Potion"},{"floor":6,"key":"Energy Potion"},{"floor":8,"key":"GamblersBrew"},{"floor":13,"key":"SpeedPotion"},{"floor":28,"key":"Swift Potion"},{"floor":30,"key":"Strength Potion"},{"floor":31,"key":"SteroidPotion"},{"floor":33,"key":"Regen Potion"}],"is_trial":false}