{"gold_per_floor":[110,125,125,125,140,158,193,193,193,193,193,213,213,10,10,109,109,126,13,33,45,65,65,80,100,145,145,145,145,145,155,155,155],"floor_reached":33,"playtime":1357,"items_purged":[],"score":324,"play_id":"2fb3a481-3b94-4702-bc2e-cd2ee3fb7c91","local_time":"20190103082022","is_ascension_mode":true,"campfire_choices":[{"data":"Streamline","floor":8,"key":"SMITH"},{"data":"White Noise","floor":10,"key":"SMITH"},{"data":"Dualcast","floor":13,"key":"SMITH"},{"data":"Sweeping Beam","floor":15,"key":"SMITH"},{"data":"Glacier","floor":23,"key":"SMITH"},{"data":"Conserve Battery","floor":28,"key":"SMITH"},{"floor":32,"key":"REST"}],"neow_cost":"NONE","seed_source_timestamp":115292715573445,"circlet_count":0,"master_deck":["Strike_B","Strike_B","Defend_B+1","Defend_B+1","Zap+1","Dualcast+1","Self Repair","Sweeping Beam+1","Streamline+1","Leap+1","White Noise+1","Ball Lightning","Thunder Strike","Stack+1","Electrodynamics+1","Sunder+1","Ball Lightning+1","Glacier+1","Reinforced Body","Hologram","Conserve Battery+1","Machine Learning+1","Leap+1"],"relics":["Cracked Core","DataDisk","Frozen Egg 2","Membership Card","Astrolabe","Happy Flower","Anchor","Prayer Wheel","Molten Egg 2"],"potions_floor_usage":[7,16,22,33,33,33],"damage_taken":[{"damage":1,"enemies":"2 Louse","floor":1,"turns":2},{"damage":1,"enemies":"Cultist","floor":2,"turns":3},{"damage":0,"enemies":"Small Slimes","floor":5,"turns":3},{"damage":8,"enemies":"Blue Slaver","floor":6,"turns":4},{"damage":10,"enemies":"3 Sentries","floor":7,"turns":6},{"damage":20,"enemies":"Exordium Wildlife","floor":12,"turns":4},{"damage":7,"enemies":"Hexaghost","floor":16,"turns":8},{"damage":1,"enemies":"Spheric Guardian","floor":18,"turns":3},{"damage":6,"enemies":"3 Byrds","floor":20,"turns":4},{"damage":21,"enemies":"Snecko","floor":21,"turns":5},{"damage":18,"enemies":"Snake Plant","floor":22,"turns":3},{"damage":31,"enemies":"Shelled Parasite and Fungi","floor":24,"turns":4},{"damage":0,"enemies":"Centurion and Healer","floor":25,"turns":5},{"damage":0,"enemies":"Snecko","floor":31,"turns":5},{"damage":95,"enemies":"Champ","floor":33,"turns":8}],"seed_played":"386253114104115949","potions_obtained":[{"floor":5,"key":"SteroidPotion"},{"floor":12,"key":"Block Potion"},{"floor":18,"key":"Regen Potion"},{"floor":20,"key":"LiquidBronze"},{"floor":21,"key":"EssenceOfSteel"},{"floor":31,"key":"Poison Potion"}],"is_trial":false,"path_per_floor":["M","M","?","?","M","M","E","R","T","R","?","M","R","$","R","B",null,"M","$","M","M","M","R","M","M","T","?","R","?","T","M","R","B"],"character_chosen":"DEFECT","items_purchased":["Membership Card","Happy Flower","Glacier"],"campfire_rested":1,"item_purchase_floors":[14,19,19],"current_hp_per_floor":[67,73,58,63,70,69,59,59,59,59,59,46,46,46,46,46,72,78,78,79,65,56,56,32,39,39,39,39,39,39,39,63,0],"gold":155,"neow_bonus":"UPGRADE_CARD","is_prod":false,"is_daily":false,"chose_seed":false,"campfire_upgraded":6,"win_rate":0,"timestamp":1546471222,"path_taken":["M","M","?","?","M","M","E","R","T","R","?","M","R","$","R","BOSS","M","$","M","?","M","R","M","M","T","?","R","?","?","?","R","BOSS"],"build_version":"2018-12-20","purchased_purges":0,"victory":false,"max_hp_per_floor":[75,75,75,80,80,80,80,80,80,80,80,80,80,80,80,80,80,80,80,80,80,80,80,80,80,80,80,80,80,80,80,80,80],"card_choices":[{"not_picked":["Rebound","Turbo"],"picked":"Self Repair","floor":1},{"not_picked":["Steam","Tempest"],"picked":"Sweeping Beam","floor":2},{"not_picked":["Rebound","Sweeping Beam"],"picked":"Streamline","floor":5},{"not_picked":["Darkness","Turbo"],"picked":"Leap","floor":6},{"not_picked":["Double Energy","Force Field"],"picked":"White Noise","floor":7},{"not_picked":["Coolheaded","Leap"],"picked":"Ball Lightning","floor":12},{"not_picked":["Fission","Core Surge"],"picked":"Thunder Strike","floor":16},{"not_picked":["Barrage","Streamline"],"picked":"Ball Lightning+1","floor":18},{"not_picked":["Melter","Aggregate"],"picked":"Reinforced Body","floor":20},{"not_picked":["Beam Cell","Stack","Sunder"],"picked":"SKIP","floor":21},{"not_picked":["Melter","Fusion+1","Rip and Tear"],"picked":"SKIP","floor":22},{"not_picked":["Gash","Storm+1"],"picked":"Hologram","floor":24},{"not_picked":["Beam Cell","Streamline"],"picked":"Conserve Battery","floor":25},{"not_picked":["Conserve Battery","Gash+1"],"picked":"Machine Learning+1","floor":31},{"not_picked":["Force Field","Self Repair+1"],"picked":"Leap+1","floor":31}],"player_experience":316171,"relics_obtained":[{"floor":7,"key":"DataDisk"},{"floor":9,"key":"Frozen Egg 2"},{"floor":26,"key":"Anchor"},{"floor":30,"key":"Molten Egg 2"}],"event_choices":[{"damage_healed":0,"gold_gain":0,"player_choice":"Entered Light","damage_taken":15,"max_hp_gain":0,"max_hp_loss":0,"event_name":"Shining Light","floor":3,"gold_loss":0,"cards_upgraded":["Defend_B","Defend_B"]},{"damage_healed":0,"gold_gain":0,"player_choice":"Donut","damage_taken":0,"max_hp_gain":5,"max_hp_loss":0,"event_name":"Big Fish","floor":4,"gold_loss":0},{"damage_healed":0,"gold_gain":0,"player_choice":"Upgraded","damage_taken":0,"max_hp_gain":0,"max_hp_loss":0,"event_name":"Upgrade Shrine","floor":11,"gold_loss":0,"cards_upgraded":["Leap"]},{"cards_removed":["Defend_B"],"damage_healed":0,"gold_gain":0,"player_choice":"Elegance","damage_taken":0,"max_hp_gain":0,"max_hp_loss":0,"event_name":"Back to Basics","floor":27,"gold_loss":0},{"damage_healed":0,"gold_gain":0,"player_choice":"Opened","damage_taken":0,"relics_obtained":["Prayer Wheel"],"max_hp_gain":0,"max_hp_loss":0,"event_name":"The Mausoleum","floor":29,"gold_loss":0}],"is_beta":false,"boss_relics":[{"not_picked":["Pandora\u0027s Box","Calling Bell"],"picked":"Astrolabe"}],"items_purged_floors":[],"is_endless":false,"potions_floor_spawned":[5,12,18,20,21,31],"killed_by":"Champ","ascension_level":6}