{"gold_per_floor":[113,126,146,146,146,175,175,175,229,229,72,72,97,111,111,213,213,223,236,236,236,0,33,33,33,84,84,84,103,103,138,138,234,234,252,269,269,269,281,281,294,219,219,219,219,219,238,238,238,238],"floor_reached":51,"playtime":3826,"items_purged":["Strike_B"],"score":689,"play_id":"4e18786b-a1eb-4a6a-a858-ee22a79508ef","local_time":"20190325235031","is_ascension_mode":false,"campfire_choices":[{"floor":8,"key":"REST"},{"data":"Self Repair","floor":12,"key":"SMITH"},{"floor":15,"key":"REST"},{"data":"Defragment","floor":24,"key":"SMITH"},{"floor":28,"key":"REST"},{"data":"Dualcast","floor":30,"key":"SMITH"},{"data":"Capacitor","floor":32,"key":"SMITH"},{"data":"Redo","floor":40,"key":"SMITH"},{"data":"Consume","floor":44,"key":"SMITH"},{"data":"Electrodynamics","floor":46,"key":"SMITH"},{"data":"Loop","floor":49,"key":"SMITH"}],"neow_cost":"TEN_PERCENT_HP_LOSS","seed_source_timestamp":90382976399037,"circlet_count":0,"master_deck":["Strike_B","Strike_B","Defend_B","Defend_B","Defend_B+1","Zap+1","Dualcast+1","Coolheaded","Go for the Eyes+1","Gash","Leap","Electrodynamics+1","Defragment+1","Consume+1","Compile Driver","Capacitor+1","Sweeping Beam","Loop+1","Beam Cell+1","Seek","Conserve Battery+1","Redo+1","Writhe","Conserve Battery+1","Loop+1"],"relics":["FrozenCore","WingedGreaves","Juzu Bracelet","Bronze Scales","Singing Bowl","FossilizedHelix","ClockworkSouvenir","Mummified Hand","Anchor","Bag of Preparation","Empty Cage","Calipers"],"potions_floor_usage":[31],"damage_taken":[{"damage":1,"enemies":"Cultist","floor":1,"turns":4},{"damage":3,"enemies":"Jaw Worm","floor":2,"turns":4},{"damage":0,"enemies":"2 Louse","floor":3,"turns":2},{"damage":11,"enemies":"Lagavulin","floor":6,"turns":10},{"damage":27,"enemies":"Gremlin Nob","floor":13,"turns":4},{"damage":0,"enemies":"2 Fungi Beasts","floor":14,"turns":3},{"damage":2,"enemies":"Slime Boss","floor":16,"turns":9},{"damage":0,"enemies":"Chosen","floor":18,"turns":6},{"damage":0,"enemies":"3 Byrds","floor":19,"turns":2},{"damage":34,"enemies":"Gremlin Leader","floor":23,"turns":8},{"damage":17,"enemies":"Colosseum Slavers","floor":27,"turns":4},{"damage":0,"enemies":"Shelled Parasite and Fungi","floor":29,"turns":5},{"damage":4,"enemies":"Book of Stabbing","floor":31,"turns":5},{"damage":21,"enemies":"Automaton","floor":33,"turns":15},{"damage":0,"enemies":"Orb Walker","floor":35,"turns":4},{"damage":0,"enemies":"3 Shapes","floor":36,"turns":3},{"damage":0,"enemies":"Spire Growth","floor":39,"turns":6},{"damage":0,"enemies":"Maw","floor":41,"turns":9},{"damage":0,"enemies":"Jaw Worm Horde","floor":47,"turns":5},{"damage":0,"enemies":"Time Eater","floor":50,"turns":26}],"seed_played":"6284872387835030839","potions_obtained":[{"floor":3,"key":"PowerPotion"},{"floor":6,"key":"AttackPotion"},{"floor":18,"key":"Ancient Potion"},{"floor":31,"key":"SpeedPotion"},{"floor":33,"key":"Strength Potion"}],"is_trial":false,"path_per_floor":["M","M","M","?","?","E","?","R","T","?","$","R","E","M","R","B",null,"M","M","?","?","$","E","R","$","T","?","R","M","R","E","R","B",null,"M","M","?","?","M","R","M","$","T","R","T","R","M","?","R","B",null],"character_chosen":"DEFECT","items_purchased":["Self Repair","Regen Potion","ClockworkSouvenir","Sweeping Beam"],"campfire_rested":3,"item_purchase_floors":[11,11,22,22],"current_hp_per_floor":[67,64,64,64,50,39,39,59,59,52,52,52,35,35,55,65,70,70,70,70,70,70,46,46,46,46,39,60,72,72,72,72,61,72,72,72,72,72,72,72,72,72,72,72,72,72,74,74,74,74],"gold":238,"neow_bonus":"ONE_RARE_RELIC","is_prod":false,"is_daily":false,"chose_seed":false,"campfire_upgraded":8,"win_rate":0,"timestamp":1553572231,"path_taken":["M","M","?","?","?","E","?","R","T","?","$","R","E","M","R","BOSS","M","M","?","?","?","E","R","$","T","?","R","M","R","E","R","BOSS","M","M","?","?","M","R","M","$","T","R","?","R","M","?","R","BOSS"],"build_version":"2019-01-23","purchased_purges":1,"victory":true,"max_hp_per_floor":[68,68,68,68,68,68,68,68,68,68,68,68,68,68,68,70,70,70,70,70,70,70,70,70,70,70,70,70,72,72,72,72,72,72,72,72,72,72,72,72,72,72,72,72,72,72,74,74,74,74],"card_choices":[{"not_picked":["Undo","Stack"],"picked":"Coolheaded","floor":1},{"not_picked":["Skim","Static Discharge"],"picked":"Go for the Eyes","floor":2},{"not_picked":["Darkness","Stack"],"picked":"Gash","floor":3},{"not_picked":["Aggregate","Genetic Algorithm"],"picked":"Leap","floor":6},{"not_picked":["Redo","Self Repair"],"picked":"Electrodynamics","floor":13},{"not_picked":["Turbo","Double Energy"],"picked":"Defragment","floor":14},{"not_picked":["Core Surge","Creative AI","Multi-Cast"],"picked":"Singing Bowl","floor":16},{"not_picked":["Streamline+1","Tempest"],"picked":"Consume","floor":18},{"not_picked":["Coolheaded","Chaos"],"picked":"Compile Driver","floor":19},{"not_picked":["Undo","Rebound"],"picked":"Loop+1","floor":23},{"not_picked":["Rebound+1","Sweeping Beam","Double Energy+1"],"picked":"Singing Bowl","floor":29},{"not_picked":["Hyperbeam","All For One"],"picked":"Beam Cell+1","floor":31},{"not_picked":["Rainbow","All For One"],"picked":"Seek","floor":33},{"not_picked":["Recycle+1","Barrage"],"picked":"Conserve Battery+1","floor":35},{"not_picked":["Chaos","Turbo"],"picked":"Redo","floor":36},{"not_picked":["Sweeping Beam","Auto Shields"],"picked":"Conserve Battery+1","floor":39},{"not_picked":["Reinforced Body","Compile Driver"],"picked":"Loop","floor":41},{"not_picked":["Barrage","Compile Driver+1","Hyperbeam"],"picked":"Singing Bowl","floor":47}],"player_experience":95971,"relics_obtained":[{"floor":6,"key":"Juzu Bracelet"},{"floor":9,"key":"Bronze Scales"},{"floor":13,"key":"FossilizedHelix"},{"floor":23,"key":"Mummified Hand"},{"floor":26,"key":"Anchor"},{"floor":31,"key":"Bag of Preparation"},{"floor":45,"key":"Calipers"}],"event_choices":[{"damage_healed":0,"gold_gain":0,"player_choice":"Leave","damage_taken":0,"max_hp_gain":0,"max_hp_loss":0,"event_name":"The Cleric","floor":4,"gold_loss":0},{"damage_healed":0,"gold_gain":0,"player_choice":"Entered Light","damage_taken":14,"max_hp_gain":0,"max_hp_loss":0,"event_name":"Shining Light","floor":5,"gold_loss":0,"cards_upgraded":["Defend_B","Go for the Eyes"]},{"damage_healed":0,"gold_gain":0,"player_choice":"Grow","damage_taken":0,"max_hp_gain":0,"max_hp_loss":0,"event_name":"Living Wall","floor":7,"gold_loss":0,"cards_upgraded":["Zap"]},{"damage_healed":0,"gold_gain":0,"player_choice":"Success","damage_taken":7,"relics_obtained":["Singing Bowl"],"max_hp_gain":0,"max_hp_loss":0,"event_name":"Scrap Ooze","floor":10,"gold_loss":0},{"damage_healed":0,"gold_gain":0,"player_choice":"Ignored","damage_taken":0,"max_hp_gain":0,"max_hp_loss":0,"event_name":"Vampires","floor":20,"gold_loss":0},{"damage_healed":0,"gold_gain":0,"player_choice":"Read","damage_taken":0,"max_hp_gain":0,"max_hp_loss":0,"event_name":"The Library","floor":21,"gold_loss":0,"cards_obtained":["Capacitor"]},{"damage_healed":0,"gold_gain":0,"player_choice":"Fight","damage_taken":0,"max_hp_gain":0,"max_hp_loss":0,"event_name":"Colosseum","floor":27,"gold_loss":0},{"damage_healed":0,"gold_gain":0,"player_choice":"Fled From Nobs","damage_taken":0,"max_hp_gain":0,"max_hp_loss":0,"event_name":"Colosseum","floor":27,"gold_loss":0},{"damage_healed":0,"gold_gain":0,"player_choice":"Ignored","damage_taken":0,"max_hp_gain":0,"max_hp_loss":0,"event_name":"Tomb of Lord Red Mask","floor":37,"gold_loss":0},{"damage_healed":18,"gold_gain":0,"player_choice":"Writhe","damage_taken":0,"max_hp_gain":0,"max_hp_loss":0,"event_name":"Winding Halls","floor":38,"gold_loss":0,"cards_obtained":["Writhe"]},{"cards_removed":["Self Repair"],"damage_healed":0,"gold_gain":0,"player_choice":"Removed Power","damage_taken":0,"max_hp_gain":0,"max_hp_loss":0,"event_name":"Falling","floor":48,"gold_loss":0}],"is_beta":false,"boss_relics":[{"not_picked":["Nuclear Battery","Sozu"],"picked":"FrozenCore"},{"not_picked":["Calling Bell","Runic Dome"],"picked":"Empty Cage"}],"items_purged_floors":[42],"is_endless":false,"potions_floor_spawned":[3,6,13,18,27,31,33,36,39],"ascension_level":0}