{"gold_per_floor":[110,40,51,61,61,87,87,52,52,52,84,107,135,167,179,265,277,304,316,104,124,135,135,163,163,163,163,163,163,173,186,186,265,265,281,300,300,310,75,100,100,129,129,129,0,15,15,34,34,34,34,34,34,34,34],"floor_reached":55,"playtime":3727,"items_purged":["Injury","Normality"],"score":1910,"play_id":"4aa4fe61-7570-492a-a3fe-9db04529ecad","local_time":"20190427230734","is_ascension_mode":true,"campfire_choices":[{"data":"Zap","floor":7,"key":"SMITH"},{"data":"Barrage","floor":10,"key":"SMITH"},{"data":"Tempest","floor":15,"key":"SMITH"},{"data":"Sweeping Beam","floor":23,"key":"SMITH"},{"floor":25,"key":"REST"},{"data":"Hologram","floor":27,"key":"SMITH"},{"data":"Reinforced Body","floor":29,"key":"SMITH"},{"data":"Coolheaded","floor":32,"key":"SMITH"},{"floor":41,"key":"REST"},{"floor":44,"key":"REST"},{"floor":49,"key":"RECALL"},{"data":"Defragment","floor":53,"key":"SMITH"}],"neow_cost":"NONE","seed_source_timestamp":51650682189227,"circlet_count":0,"master_deck":["AscendersBane","Strike_B+1","Defend_B+1","Defend_B+1","Defend_B+1","Defend_B+1","Zap+1","Barrage+1","Ball Lightning","Echo Form","Cold Snap","Compile Driver","Tempest+1","Hologram+1","Fission+1","Cold Snap","Self Repair","Sweeping Beam+1","Ball Lightning","Coolheaded+1","Turbo","Reinforced Body+1","Consume+1","Reboot","Loop","Capacitor","Dark Shackles","Conserve Battery+1","Defragment+1"],"relics":["Cracked Core","NeowsBlessing","Ginger","Symbiotic Virus","Matryoshka","Vajra","MawBank","Smiling Mask","Cursed Key","War Paint","Dream Catcher","Dodecahedron","Shuriken","Sozu","Molten Egg 2","Centennial Puzzle"],"potions_floor_usage":[11,16,18,24,42,42],"damage_taken":[{"damage":0,"enemies":"2 Louse","floor":1,"turns":1},{"damage":0,"enemies":"Cultist","floor":3,"turns":1},{"damage":0,"enemies":"Jaw Worm","floor":4,"turns":1},{"damage":20,"enemies":"Lagavulin","floor":6,"turns":7},{"damage":8,"enemies":"Gremlin Nob","floor":11,"turns":3},{"damage":8,"enemies":"Large Slime","floor":13,"turns":3},{"damage":8,"enemies":"Blue Slaver","floor":14,"turns":2},{"damage":0,"enemies":"Slime Boss","floor":16,"turns":4},{"damage":17,"enemies":"2 Thieves","floor":18,"turns":3},{"damage":0,"enemies":"3 Byrds","floor":21,"turns":3},{"damage":4,"enemies":"Centurion and Healer","floor":22,"turns":7},{"damage":35,"enemies":"Book of Stabbing","floor":24,"turns":4},{"damage":2,"enemies":"Snecko","floor":30,"turns":5},{"damage":0,"enemies":"Cultist and Chosen","floor":31,"turns":4},{"damage":20,"enemies":"Champ","floor":33,"turns":9},{"damage":6,"enemies":"Orb Walker","floor":35,"turns":3},{"damage":2,"enemies":"3 Shapes","floor":36,"turns":8},{"damage":19,"enemies":"Jaw Worm Horde","floor":38,"turns":5},{"damage":43,"enemies":"Nemesis","floor":40,"turns":8},{"damage":61,"enemies":"Reptomancer","floor":42,"turns":8},{"damage":17,"enemies":"4 Shapes","floor":46,"turns":11},{"damage":0,"enemies":"Spire Growth","floor":48,"turns":8},{"damage":18,"enemies":"Time Eater","floor":50,"turns":18},{"damage":15,"enemies":"Donu and Deca","floor":51,"turns":11},{"damage":60,"enemies":"Shield and Spear","floor":55,"turns":4}],"seed_played":"-2240140878082682038","potions_obtained":[{"floor":6,"key":"Weak Potion"},{"floor":13,"key":"AttackPotion"},{"floor":14,"key":"Block Potion"},{"floor":18,"key":"Swift Potion"},{"floor":24,"key":"Regen Potion"},{"floor":33,"key":"FearPotion"}],"is_trial":false,"path_per_floor":["M","?","M","M","?","E","R","?","T","R","E","T","M","M","R","B",null,"M","?","$","M","M","R","E","R","T","R","?","R","M","M","R","B",null,"M","M","T","M","$","E","R","E","T","R","$","M","?","M","R","B","B",null,"R","$","E"],"character_chosen":"DEFECT","items_purchased":["War Paint","Cold Snap","Capacitor","Dark Shackles","Defragment"],"campfire_rested":3,"item_purchase_floors":[20,20,39,39,45],"current_hp_per_floor":[64,64,64,64,57,37,37,54,54,54,46,46,38,30,30,30,61,44,44,44,44,54,54,33,54,54,54,54,54,66,71,71,65,70,64,71,71,59,59,30,51,5,5,26,26,23,23,37,37,33,25,60,60,60,0],"gold":34,"neow_bonus":"THREE_ENEMY_KILL","is_prod":false,"is_daily":false,"chose_seed":false,"campfire_upgraded":8,"win_rate":0,"timestamp":1556374054,"path_taken":["M","?","?","M","?","E","R","?","T","R","E","?","M","M","R","BOSS","M","?","$","M","M","R","E","R","T","R","?","R","M","?","R","BOSS","M","M","?","M","$","E","R","E","T","R","$","?","?","M","R","BOSS","BOSS","R","$","E"],"build_version":"2019-01-23","purchased_purges":2,"victory":false,"max_hp_per_floor":[71,71,71,71,71,71,71,71,71,71,71,71,71,71,71,71,71,71,71,71,71,71,71,71,71,71,71,71,71,71,71,71,71,71,71,71,71,71,71,71,71,71,71,71,71,71,71,71,71,71,71,71,71,71,71],"card_choices":[{"not_picked":["Gash","Melter"],"picked":"Barrage","floor":1},{"not_picked":["Scrape","Steam"],"picked":"Ball Lightning","floor":3},{"not_picked":["Redo","Go for the Eyes"],"picked":"Echo Form","floor":4},{"not_picked":["Conserve Battery","Gash"],"picked":"Cold Snap","floor":6},{"not_picked":["Aggregate","Thunder Strike"],"picked":"Compile Driver","floor":11},{"not_picked":["Sunder","Melter"],"picked":"Tempest","floor":13},{"not_picked":["Turbo","Sunder"],"picked":"Hologram","floor":14},{"not_picked":["Rainbow","Reboot"],"picked":"Fission","floor":16},{"not_picked":["Blizzard","Chaos","Gash"],"picked":"SKIP","floor":18},{"not_picked":["Skim","Leap"],"picked":"Self Repair","floor":21},{"not_picked":["Streamline","FTL"],"picked":"Sweeping Beam","floor":22},{"not_picked":["Sweeping Beam","Hologram"],"picked":"Ball Lightning","floor":24},{"not_picked":["Sweeping Beam+1","Meteor Strike"],"picked":"Coolheaded","floor":25},{"not_picked":["Steam","Leap","Chaos"],"picked":"SKIP","floor":30},{"not_picked":["Redo","Go for the Eyes"],"picked":"Consume+1","floor":31},{"not_picked":["Hyperbeam","Amplify"],"picked":"Reboot","floor":33},{"not_picked":["Compile Driver","Gash"],"picked":"Loop","floor":35},{"not_picked":["Turbo","Stack","Rebound"],"picked":"SKIP","floor":36},{"not_picked":["Redo","Chaos","Steam"],"picked":"SKIP","floor":38},{"not_picked":["Sweeping Beam","Thunder Strike"],"picked":"Conserve Battery+1","floor":40},{"not_picked":["Beam Cell+1","Hologram","Compile Driver+1"],"picked":"SKIP","floor":42},{"not_picked":["FTL+1","Turbo","Leap"],"picked":"SKIP","floor":46},{"not_picked":["Streamline+1","Fusion","Hologram+1"],"picked":"SKIP","floor":48}],"player_experience":1116902,"relics_obtained":[{"floor":6,"key":"Symbiotic Virus"},{"floor":9,"key":"Matryoshka"},{"floor":11,"key":"Vajra"},{"floor":12,"key":"MawBank"},{"floor":12,"key":"Smiling Mask"},{"floor":24,"key":"Dream Catcher"},{"floor":26,"key":"Dodecahedron"},{"floor":26,"key":"Shuriken"},{"floor":40,"key":"Molten Egg 2"},{"floor":42,"key":"Centennial Puzzle"}],"event_choices":[{"damage_healed":0,"gold_gain":0,"player_choice":"Paid Gold","damage_taken":0,"relics_obtained":["Ginger"],"max_hp_gain":0,"max_hp_loss":0,"event_name":"WeMeetAgain","floor":2,"gold_loss":70},{"cards_removed":["Strike_B"],"damage_healed":0,"gold_gain":0,"player_choice":"Card Removal","damage_taken":7,"max_hp_gain":0,"max_hp_loss":0,"event_name":"Golden Wing","floor":5,"gold_loss":0},{"damage_healed":17,"gold_gain":0,"player_choice":"Healed","damage_taken":0,"max_hp_gain":0,"max_hp_loss":0,"event_name":"The Cleric","floor":8,"gold_loss":35},{"damage_healed":0,"gold_gain":0,"player_choice":"Simplicity","damage_taken":0,"max_hp_gain":0,"max_hp_loss":0,"event_name":"Back to Basics","floor":19,"gold_loss":0,"cards_upgraded":["Strike_B","Strike_B","Strike_B","Defend_B","Defend_B","Defend_B","Defend_B"]},{"damage_healed":0,"gold_gain":0,"cards_transformed":["Strike_B","Strike_B"],"player_choice":"Became Test Subject","damage_taken":0,"max_hp_gain":0,"max_hp_loss":0,"event_name":"Drug Dealer","floor":28,"gold_loss":0,"cards_obtained":["Turbo","Reinforced Body"]},{"cards_removed":["Dualcast"],"damage_healed":0,"gold_gain":0,"player_choice":"Removed Skill","damage_taken":0,"max_hp_gain":0,"max_hp_loss":0,"event_name":"Falling","floor":47,"gold_loss":0}],"is_beta":false,"boss_relics":[{"not_picked":["Tiny House","Philosopher\u0027s Stone"],"picked":"Cursed Key"},{"not_picked":["Astrolabe","Runic Dome"],"picked":"Sozu"}],"items_purged_floors":[39,45],"is_endless":false,"potions_floor_spawned":[6,13,14,18,24,33,38,42,48],"killed_by":"Shield and Spear","ascension_level":20}