{"gold_per_floor":[112,112,130,150,150,150,166,186,186,196,196,121,137,87,87,187,237,255,255,0,11,11,41,41,54,125,142,142,17,17,35,35,35],"floor_reached":33,"playtime":2125,"items_purged":["Strike_G","Strike_G","Strike_G"],"score":388,"play_id":"f92e3284-575f-4058-aa75-728d9eb66725","local_time":"20190130201733","is_ascension_mode":true,"campfire_choices":[{"data":"Deadly Poison","floor":6,"key":"SMITH"},{"data":"Neutralize","floor":11,"key":"SMITH"},{"data":"Dodge and Roll","floor":15,"key":"SMITH"},{"floor":24,"key":"REST"},{"data":"Noxious Fumes","floor":28,"key":"SMITH"},{"floor":30,"key":"REST"},{"data":"Deadly Poison","floor":32,"key":"SMITH"}],"neow_cost":"NONE","seed_source_timestamp":263535289562820,"circlet_count":0,"master_deck":["Defend_G","Defend_G","Defend_G+1","Defend_G","Defend_G","Strike_G","Survivor","Neutralize+1","Deadly Poison+1","Escape Plan","Dagger Spray","Leg Sweep","Dodge and Roll+1","Burst","Noxious Fumes+1","Bandage Up","Backstab+1","Poisoned Stab+1","After Image","Deadly Poison+1"],"relics":["Ring of the Snake","Lantern","Juzu Bracelet","Tiny House","Paper Crane","Pear"],"potions_floor_usage":[13,16,18,23,25,27,33],"damage_taken":[{"damage":4,"enemies":"2 Louse","floor":1,"turns":3},{"damage":5,"enemies":"Cultist","floor":3,"turns":5},{"damage":1,"enemies":"Jaw Worm","floor":4,"turns":3},{"damage":0,"enemies":"3 Louse","floor":7,"turns":4},{"damage":16,"enemies":"Exordium Thugs","floor":8,"turns":5},{"damage":0,"enemies":"2 Fungi Beasts","floor":10,"turns":5},{"damage":0,"enemies":"3 Louse","floor":13,"turns":2},{"damage":12,"enemies":"The Guardian","floor":16,"turns":12},{"damage":7,"enemies":"Chosen","floor":18,"turns":7},{"damage":9,"enemies":"3 Byrds","floor":21,"turns":5},{"damage":51,"enemies":"Gremlin Leader","floor":23,"turns":7},{"damage":12,"enemies":"3 Cultists","floor":25,"turns":7},{"damage":13,"enemies":"Shelled Parasite and Fungi","floor":27,"turns":6},{"damage":4,"enemies":"Centurion and Healer","floor":31,"turns":8},{"damage":70,"enemies":"Collector","floor":33,"turns":7}],"seed_played":"-1105267240102623085","potions_obtained":[{"floor":7,"key":"Swift Potion"},{"floor":8,"key":"Regen Potion"},{"floor":10,"key":"Explosive Potion"},{"floor":16,"key":"SteroidPotion"},{"floor":21,"key":"SkillPotion"},{"floor":23,"key":"Swift Potion"},{"floor":27,"key":"GhostInAJar"}],"is_trial":false,"path_per_floor":["M","?","M","M","?","R","M","M","T","M","R","$","M","?","R","B",null,"M","?","$","M","?","E","R","M","T","M","R","$","R","M","R","B"],"character_chosen":"THE_SILENT","items_purchased":["Noxious Fumes","Bandage Up"],"campfire_rested":2,"item_purchase_floors":[20,20],"current_hp_per_floor":[66,66,61,60,60,60,60,44,44,44,44,44,44,44,44,47,75,68,68,68,63,55,8,32,24,34,25,25,25,52,52,52,0],"gold":35,"neow_bonus":"TEN_PERCENT_HP_BONUS","is_prod":false,"is_daily":false,"chose_seed":false,"campfire_upgraded":5,"win_rate":0,"timestamp":1548875853,"path_taken":["M","?","M","?","?","R","M","M","T","M","R","$","M","?","R","BOSS","M","?","$","M","?","E","R","M","T","M","R","$","R","M","R","BOSS"],"build_version":"2019-01-23","purchased_purges":3,"victory":false,"max_hp_per_floor":[77,77,77,77,77,77,77,77,77,77,77,77,77,77,77,77,82,82,82,82,82,82,82,82,82,92,92,92,92,92,92,92,92],"card_choices":[{"not_picked":["Slice","Underhanded Strike"],"picked":"Backflip","floor":1},{"not_picked":["Leg Sweep","Finisher"],"picked":"Deadly Poison","floor":3},{"not_picked":["Acrobatics","Predator"],"picked":"Escape Plan","floor":4},{"not_picked":["Prepared","Flying Knee"],"picked":"Dagger Spray","floor":7},{"not_picked":["Riddle With Holes","Choke"],"picked":"Leg Sweep","floor":8},{"not_picked":["Reflex","Bouncing Flask","Grand Finale"],"picked":"SKIP","floor":10},{"not_picked":["Prepared","Catalyst"],"picked":"Dodge and Roll","floor":13},{"not_picked":["Tools of the Trade","Grand Finale"],"picked":"Burst","floor":16},{"not_picked":["PiercingWail","Backflip","Quick Slash"],"picked":"SKIP","floor":18},{"not_picked":["Flechettes","Distraction","Dagger Spray"],"picked":"SKIP","floor":21},{"not_picked":["Setup","Reflex"],"picked":"Backstab+1","floor":23},{"not_picked":["Quick Slash","Heel Hook"],"picked":"Poisoned Stab+1","floor":25},{"not_picked":["PiercingWail","Bane"],"picked":"After Image","floor":27},{"not_picked":["PiercingWail","Setup"],"picked":"Deadly Poison","floor":31}],"player_experience":308090,"relics_obtained":[{"floor":9,"key":"Juzu Bracelet"},{"floor":23,"key":"Paper Crane"},{"floor":26,"key":"Pear"}],"event_choices":[{"cards_removed":["Backflip"],"damage_healed":0,"gold_gain":0,"player_choice":"Gave Card","damage_taken":0,"relics_obtained":["Lantern"],"max_hp_gain":0,"max_hp_loss":0,"event_name":"WeMeetAgain","floor":2,"gold_loss":0},{"damage_healed":0,"gold_gain":0,"player_choice":"Bought 0 Potions","damage_taken":0,"max_hp_gain":0,"max_hp_loss":0,"event_name":"The Woman in Blue","floor":5,"gold_loss":0},{"cards_removed":["Strike_G"],"damage_healed":0,"gold_gain":0,"player_choice":"Card Removal","damage_taken":0,"max_hp_gain":0,"max_hp_loss":0,"event_name":"The Cleric","floor":14,"gold_loss":50},{"damage_healed":0,"gold_gain":0,"player_choice":"Ignored","damage_taken":0,"max_hp_gain":0,"max_hp_loss":0,"event_name":"Ghosts","floor":19,"gold_loss":0},{"damage_healed":0,"gold_gain":0,"player_choice":"","damage_taken":8,"max_hp_gain":0,"max_hp_loss":0,"event_name":"Knowing Skull","floor":22,"potions_obtained":[],"gold_loss":0,"cards_obtained":[]}],"is_beta":false,"boss_relics":[{"not_picked":["Coffee Dripper","Runic Pyramid"],"picked":"Tiny House"}],"items_purged_floors":[12,20,29],"is_endless":false,"potions_floor_spawned":[7,8,10,16,21,23,27],"killed_by":"Collector","ascension_level":8}