{"gold_per_floor":[110,130,10,28,28,28,38,49,95,95,123,23,23,34,34,34],"floor_reached":16,"playtime":681,"items_purged":["Defend_B","Strike_B"],"score":112,"play_id":"99a83f3a-e26a-463d-9a16-b9f80714c7ea","local_time":"20181008232848","is_ascension_mode":true,"campfire_choices":[{"data":"Conserve Battery","floor":6,"key":"SMITH"},{"data":"Conserve Battery","floor":10,"key":"SMITH"},{"data":"Dualcast","floor":13,"key":"SMITH"},{"data":"Stack","floor":15,"key":"SMITH"}],"neow_cost":"NONE","seed_source_timestamp":791143660039081,"circlet_count":0,"master_deck":["Strike_B","Strike_B","Strike_B","Defend_B","Defend_B","Defend_B","Zap","Dualcast+1","Conserve Battery+1","Conserve Battery+1","Cold Snap","Leap","Stack+1","Cold Snap"],"relics":["Cracked Core","NeowsBlessing","Orichalcum","Shuriken"],"potions_floor_usage":[],"damage_taken":[{"damage":0,"enemies":"Cultist","floor":1,"turns":1},{"damage":0,"enemies":"Small Slimes","floor":2,"turns":1},{"damage":0,"enemies":"2 Louse","floor":4,"turns":1},{"damage":0,"enemies":"Red Slaver","floor":7,"turns":4},{"damage":13,"enemies":"Exordium Thugs","floor":8,"turns":6},{"damage":8,"enemies":"Gremlin Nob","floor":11,"turns":5},{"damage":0,"enemies":"2 Fungi Beasts","floor":14,"turns":4},{"damage":58,"enemies":"Hexaghost","floor":16,"turns":16}],"seed_played":"7381314258236130280","potions_obtained":[{"floor":2,"key":"SneckoOil"}],"is_trial":false,"path_per_floor":["M","M","$","M","$","R","M","M","T","R","E","$","R","M","R"],"character_chosen":"DEFECT","items_purchased":["Cold Snap"],"campfire_rested":0,"item_purchase_floors":[3],"current_hp_per_floor":[75,75,75,75,75,75,75,62,62,62,54,54,54,54,54,0],"gold":34,"neow_bonus":"THREE_ENEMY_KILL","is_prod":false,"is_daily":false,"chose_seed":false,"campfire_upgraded":4,"win_rate":0,"timestamp":1539034128,"path_taken":["M","M","$","M","$","R","M","M","T","R","E","$","R","M","R","BOSS"],"build_version":"2018-10-04v2","purchased_purges":2,"victory":false,"max_hp_per_floor":[75,75,75,75,75,75,75,75,75,75,75,75,75,75,75,75],"card_choices":[{"not_picked":["Beam Cell","BootSequence"],"picked":"Conserve Battery","floor":1},{"not_picked":["Rip and Tear","Recycle"],"picked":"Conserve Battery","floor":2},{"not_picked":["Rip and Tear","Sweeping Beam"],"picked":"Leap","floor":4},{"not_picked":["Steam","Turbo"],"picked":"Stack","floor":7},{"not_picked":["Redo","White Noise"],"picked":"Cold Snap","floor":8},{"not_picked":["Storm","Hologram","Buffer"],"picked":"SKIP","floor":11},{"not_picked":["Rebound","Sweeping Beam","Coolheaded"],"picked":"SKIP","floor":14}],"player_experience":156458,"relics_obtained":[{"floor":9,"key":"Orichalcum"},{"floor":11,"key":"Shuriken"}],"event_choices":[],"is_beta":false,"boss_relics":[],"items_purged_floors":[3,12],"is_endless":false,"potions_floor_spawned":[2],"killed_by":"Hexaghost","ascension_level":2}