{"gold_per_floor":[114,114,39,56,75,75,95,129,129,129,129,29,43,63,63,166,166,186,186,186,199,210,210,238,251,303,178,192,192,212,226,226,226],"floor_reached":33,"playtime":1647,"items_purged":["Clumsy","Strike_B","Strike_B"],"score":336,"play_id":"1a5b7b8b-8f42-403f-8083-a00661ac83af","local_time":"20190103164311","is_ascension_mode":true,"campfire_choices":[{"data":"Zap","floor":6,"key":"SMITH"},{"data":"Dualcast","floor":10,"key":"SMITH"},{"floor":15,"key":"REST"},{"data":"Streamline","floor":23,"key":"SMITH"},{"floor":32,"key":"REST"}],"neow_cost":"CURSE","seed_source_timestamp":16744462915959,"circlet_count":0,"master_deck":["Strike_B","Defend_B+1","Defend_B","Defend_B+1","Defend_B","Zap+1","Dualcast+1","Stack","Streamline+1","Go for the Eyes+1","Coolheaded","Seek","Beam Cell+1","Glacier+1","Coolheaded+1","Coolheaded+1"],"relics":["Cracked Core","StoneCalendar","Odd Mushroom","Molten Egg 2","Bag of Preparation","Sozu","Enchiridion","Matryoshka","Bottled Lightning","Centennial Puzzle","MutagenicStrength"],"potions_floor_usage":[8,8,14,16,16],"damage_taken":[{"damage":0,"enemies":"2 Louse","floor":1,"turns":1},{"damage":0,"enemies":"Jaw Worm","floor":4,"turns":3},{"damage":0,"enemies":"Cultist","floor":5,"turns":4},{"damage":15,"enemies":"The Mushroom Lair","floor":7,"turns":4},{"damage":16,"enemies":"Gremlin Nob","floor":8,"turns":3},{"damage":1,"enemies":"Blue Slaver","floor":13,"turns":2},{"damage":0,"enemies":"Large Slime","floor":14,"turns":4},{"damage":16,"enemies":"Hexaghost","floor":16,"turns":8},{"damage":5,"enemies":"Spheric Guardian","floor":18,"turns":4},{"damage":1,"enemies":"3 Byrds","floor":21,"turns":4},{"damage":0,"enemies":"Shelled Parasite and Fungi","floor":22,"turns":7},{"damage":17,"enemies":"Gremlin Leader","floor":24,"turns":9},{"damage":4,"enemies":"Snake Plant","floor":25,"turns":4},{"damage":0,"enemies":"Centurion and Healer","floor":28,"turns":4},{"damage":1,"enemies":"Sentry and Sphere","floor":30,"turns":5},{"damage":0,"enemies":"3 Cultists","floor":31,"turns":5},{"damage":51,"enemies":"Automaton","floor":33,"turns":10}],"seed_played":"4608762047552972965","potions_obtained":[{"floor":5,"key":"Energy Potion"},{"floor":7,"key":"Swift Potion"},{"floor":11,"key":"LiquidBronze"},{"floor":11,"key":"SteroidPotion"},{"floor":11,"key":"AttackPotion"},{"floor":13,"key":"Block Potion"}],"is_trial":false,"path_per_floor":["M","?","$","M","M","R","?","E","T","R","?","$","M","M","R","B",null,"M","?","?","M","M","R","E","M","T","$","M","?","M","M","R","B"],"character_chosen":"DEFECT","items_purchased":[],"campfire_rested":2,"item_purchase_floors":[],"current_hp_per_floor":[75,60,60,60,60,60,45,29,29,29,29,29,28,28,50,34,65,60,60,44,43,43,43,26,22,22,22,22,22,21,21,43,0],"gold":226,"neow_bonus":"ONE_RARE_RELIC","is_prod":false,"is_daily":false,"chose_seed":false,"campfire_upgraded":3,"win_rate":0,"timestamp":1546504991,"path_taken":["M","?","$","M","M","R","?","E","T","R","?","$","?","M","R","BOSS","M","?","?","?","M","R","E","M","T","$","M","?","M","M","R","BOSS"],"build_version":"2018-12-20","purchased_purges":3,"victory":false,"max_hp_per_floor":[75,75,75,75,75,75,75,75,75,75,75,75,75,75,75,75,75,75,75,75,75,75,75,75,75,75,75,75,75,75,75,75,75],"card_choices":[{"not_picked":["Auto Shields","Capacitor","Streamline"],"picked":"SKIP","floor":1},{"not_picked":["Genetic Algorithm","Sweeping Beam"],"picked":"Stack","floor":4},{"not_picked":["Sweeping Beam","Compile Driver"],"picked":"Streamline","floor":5},{"not_picked":["Conserve Battery","Machine Learning"],"picked":"Go for the Eyes","floor":8},{"not_picked":["Blizzard+1","Conserve Battery","Capacitor"],"picked":"SKIP","floor":13},{"not_picked":["Force Field","Auto Shields"],"picked":"Coolheaded","floor":14},{"not_picked":["Fission","Reboot"],"picked":"Seek","floor":16},{"not_picked":["Redo","Darkness"],"picked":"Beam Cell+1","floor":18},{"not_picked":["Sunder+1","Self Repair+1"],"picked":"Glacier+1","floor":21},{"not_picked":["Stack","Cold Snap+1","Rip and Tear+1"],"picked":"SKIP","floor":22},{"not_picked":["Hologram","Skim"],"picked":"Coolheaded+1","floor":24},{"not_picked":["Barrage+1","Compile Driver+1"],"picked":"Coolheaded+1","floor":25},{"not_picked":["Coolheaded","Static Discharge+1","Skim"],"picked":"SKIP","floor":28},{"not_picked":["Hello World","Barrage+1","Beam Cell+1"],"picked":"SKIP","floor":30},{"not_picked":["Leap+1","Meteor Strike+1","Beam Cell+1"],"picked":"SKIP","floor":31}],"player_experience":376433,"relics_obtained":[{"floor":7,"key":"Odd Mushroom"},{"floor":8,"key":"Molten Egg 2"},{"floor":9,"key":"Bag of Preparation"},{"floor":20,"key":"Enchiridion"},{"floor":24,"key":"Matryoshka"},{"floor":26,"key":"Bottled Lightning"},{"floor":26,"key":"Centennial Puzzle"}],"event_choices":[{"damage_healed":0,"gold_gain":0,"player_choice":"Entered Light","damage_taken":15,"max_hp_gain":0,"max_hp_loss":0,"event_name":"Shining Light","floor":2,"gold_loss":0,"cards_upgraded":["Defend_B","Defend_B"]},{"damage_healed":0,"gold_gain":0,"player_choice":"Fought Mushrooms","damage_taken":0,"max_hp_gain":0,"max_hp_loss":0,"event_name":"Mushrooms","floor":7,"gold_loss":0},{"damage_healed":0,"gold_gain":0,"player_choice":"Got Potions","damage_taken":0,"max_hp_gain":0,"max_hp_loss":0,"event_name":"Lab","floor":11,"gold_loss":0},{"cards_removed":["Strike_B"],"damage_healed":0,"gold_gain":0,"player_choice":"Elegance","damage_taken":0,"max_hp_gain":0,"max_hp_loss":0,"event_name":"Back to Basics","floor":19,"gold_loss":0},{"damage_healed":0,"gold_gain":0,"player_choice":"Obtained Book","damage_taken":16,"max_hp_gain":0,"max_hp_loss":0,"event_name":"Cursed Tome","floor":20,"gold_loss":0},{"damage_healed":0,"gold_gain":0,"player_choice":"Inject Mutagens","damage_taken":0,"relics_obtained":["MutagenicStrength"],"max_hp_gain":0,"max_hp_loss":0,"event_name":"Drug Dealer","floor":29,"gold_loss":0}],"is_beta":false,"boss_relics":[{"not_picked":["White Beast Statue","Cursed Key"],"picked":"Sozu"}],"items_purged_floors":[3,12,27],"is_endless":false,"potions_floor_spawned":[5,7,13,21,22,25,30,31],"killed_by":"Automaton","ascension_level":5}