{"gold_per_floor":[119,44,55,55,73,73,91,91,91,119,294,307,333,333,333,333],"floor_reached":16,"playtime":771,"items_purged":["Defend_R"],"score":100,"play_id":"50c99fb1-e284-4f9f-b1dd-65f8a4d49423","local_time":"20180810010956","is_ascension_mode":false,"campfire_choices":[{"data":"Thunderclap","floor":6.0,"key":"SMITH"},{"data":"Bash","floor":8.0,"key":"SMITH"},{"data":"Thunderclap","floor":15.0,"key":"SMITH"}],"neow_cost":"NONE","seed_source_timestamp":94790349636313,"circlet_count":0,"master_deck":["Strike_R","Strike_R","Strike_R","Strike_R","Defend_R","Defend_R","Defend_R","Bash+1","Thunderclap+1","Doubt","Thunderclap+1"],"special_seed":0,"relics":["Burning Blood","Du-Vu Doll","Odd Mushroom","Gambling Chip"],"potions_floor_usage":[16,16],"damage_taken":[{"damage":7.0,"enemies":"2 Louse","floor":1.0,"turns":3.0},{"damage":8.0,"enemies":"Small Slimes","floor":3.0,"turns":4.0},{"damage":8.0,"enemies":"Jaw Worm","floor":5.0,"turns":3.0},{"damage":8.0,"enemies":"2 Fungi Beasts","floor":7.0,"turns":4.0},{"damage":27.0,"floor":10.0,"turns":4.0},{"damage":19.0,"enemies":"Exordium Wildlife","floor":12.0,"turns":4.0},{"damage":26.0,"enemies":"3 Sentries","floor":13.0,"turns":7.0},{"damage":45,"enemies":"The Guardian","floor":16,"turns":8}],"seed_played":"-5009628772484602593","potions_obtained":[{"floor":5.0,"key":"SkillPotion"},{"floor":12.0,"key":"SneckoOil"},{"floor":13.0,"key":"GamblersBrew"}],"is_trial":false,"path_per_floor":["M","$","M","$","M","R","M","R","T","?","?","M","E","?","R"],"character_chosen":"IRONCLAD","items_purchased":[],"campfire_rested":0,"item_purchase_floors":[],"current_hp_per_floor":[79,79,77,77,75,75,73,73,73,52,52,39,19,45,45,0],"gold":333,"neow_bonus":"REMOVE_CARD","is_prod":false,"is_daily":false,"chose_seed":false,"campfire_upgraded":3,"win_rate":0,"timestamp":1533834596,"path_taken":["M","$","M","$","M","R","M","R","T","?","?","?","E","?","R","BOSS"],"build_version":"2018-08-02","purchased_purges":1,"victory":false,"max_hp_per_floor":[80,80,80,80,80,80,80,80,80,80,80,80,80,80,80,80],"card_choices":[{"not_picked":["Iron Wave","Infernal Blade","Clothesline"],"picked":"SKIP","floor":1.0},{"not_picked":["Reckless Charge","Body Slam"],"picked":"Thunderclap","floor":3.0},{"not_picked":["Inflame","Corruption","Perfected Strike"],"picked":"SKIP","floor":5.0},{"not_picked":["Heavy Blade","Dual Wield","Iron Wave"],"picked":"SKIP","floor":7.0},{"not_picked":["Warcry","Iron Wave","Headbutt"],"picked":"SKIP","floor":12.0},{"not_picked":["Seeing Red","Demon Form"],"picked":"Thunderclap","floor":13.0}],"player_experience":298168,"relics_obtained":[{"floor":9.0,"key":"Du-Vu Doll"},{"floor":10.0,"key":"Odd Mushroom"},{"floor":13.0,"key":"Gambling Chip"}],"event_choices":[{"event_name":"Mushrooms","player_choice":"Fought Mushrooms","floor":10.0,"damage_taken":0.0},{"event_name":"Liars Game","player_choice":"agreed","floor":11.0,"damage_taken":0.0},{"event_name":"Big Fish","player_choice":"Banana","floor":14.0,"damage_taken":0.0}],"is_beta":false,"boss_relics":[],"items_purged_floors":[2],"is_endless":false,"potions_floor_spawned":[5,12,13],"killed_by":"The Guardian","ascension_level":0}