{"path_per_floor":["M","?","$","?","?","R","E","M","T","M","M","R","E","M","R","B",null,"M","M","$","M","M","M","?","E","T","?","R","E","M","$","R","B",null,"M","?","$","?","M","R","E","R","T","E","T","M","M","M","R","B"],"character_chosen":"IRONCLAD","items_purchased":["Mind Blast","Vajra","Inflame","Happy Flower","Master of Strategy"],"gold_per_floor":[115,115,22,22,22,22,47,63,63,74,94,94,125,125,125,228,228,238,248,21,41,55,68,68,124,194,194,194,223,236,83,83,185,185,202,202,6,6,19,19,48,48,103,132,132,147,162,172,172,172],"floor_reached":51,"campfire_rested":1,"playtime":2374,"item_purchase_floors":[],"current_hp_per_floor":[80,80,80,80,80,80,80,80,80,80,80,80,62,64,64,29,80,80,78,78,80,80,80,80,59,59,59,59,61,67,67,67,58,80,80,80,80,80,80,80,80,80,80,69,69,67,52,56,80,30],"items_purged":[],"gold":172,"score":910,"play_id":"14b23eaa-67be-4d41-8c63-1773172cfe9f","local_time":"20180616225545","is_prod":false,"is_daily":false,"chose_seed":false,"is_ascension_mode":true,"campfire_upgraded":7,"win_rate":0,"timestamp":1529207745,"campfire_choices":[{"data":"Mind Blast","floor":6.0,"key":"SMITH"},{"data":"Offering","floor":12.0,"key":"SMITH"},{"data":"Perfected Strike","floor":15.0,"key":"SMITH"},{"data":"Shockwave","floor":28.0,"key":"SMITH"},{"data":"Rampage","floor":32,"key":"SMITH"},{"data":"Limit Break","floor":40,"key":"SMITH"},{"data":"Rampage","floor":42,"key":"SMITH"},{"floor":49,"key":"REST"}],"path_taken":["M","?","$","?","?","R","E","M","T","M","?","R","E","M","R","BOSS","M","M","?","M","M","M","?","E","T","?","R","E","?","?","R","BOSS","M","?","$","?","M","R","E","R","T","E","?","?","M","M","R","BOSS"],"build_version":"2018-06-14v2","seed_source_timestamp":0,"purchased_purges":0,"victory":true,"master_deck":["Strike_R","Strike_R","Strike_R","Strike_R","Strike_R","Defend_R+1","Defend_R+1","Defend_R","Defend_R","Bash","Perfected Strike+1","Mind Blast+1","Offering+1","Rampage+1","Inflame","Heavy Blade","Perfected Strike+1","Armaments","Demon Form+1","Inflame","Shockwave+1","Cleave","Mind Blast+1","Clash+1","Limit Break+1","Rampage+1","Master of Strategy","Cleave+1","Wild Strike","Clash+1","Uppercut+1","Twin Strike+1"],"max_hp_per_floor":[80,80,80,80,80,80,80,80,80,80,80,80,80,80,80,80,80,80,80,80,80,80,80,80,80,80,80,80,80,80,80,80,80,80,80,80,80,80,80,80,80,80,80,80,80,80,80,80,80,80],"special_seed":0,"relics":["Burning Blood","NeowsBlessing","War Paint","Letter Opener","Mercury Hourglass","Pen Nib","Busted Crown","Vajra","Tiny Chest","Bottled Lightning","Ancient Tea Set","Happy Flower","Sozu","Regal Pillow","Blood Vial","Bag of Marbles","Matryoshka"],"card_choices":[{"not_picked":["Pummel","Wild Strike"],"picked":"Perfected Strike","floor":1.0},{"not_picked":["Armaments","Sword Boomerang"],"picked":"Rampage","floor":7.0},{"not_picked":["Headbutt","Armaments"],"picked":"Inflame","floor":8.0},{"not_picked":["Sword Boomerang","Bloodletting"],"picked":"Heavy Blade","floor":10.0},{"not_picked":["Body Slam","Heavy Blade","Sentinel"],"picked":"SKIP","floor":11.0},{"not_picked":["Body Slam","Heavy Blade","Sentinel"],"picked":"SKIP","floor":11.0},{"not_picked":["Body Slam","Heavy Blade","Sentinel"],"picked":"SKIP","floor":11.0},{"not_picked":["Second Wind","Clothesline"],"picked":"Perfected Strike","floor":13.0},{"not_picked":["Juggernaut","Sever Soul"],"picked":"Armaments","floor":14.0},{"not_picked":["Fiend Fire","Brutality"],"picked":"Demon Form","floor":16.0},{"not_picked":[],"picked":"Inflame","floor":18.0},{"not_picked":["Body Slam"],"picked":"SKIP","floor":19.0},{"not_picked":["Blood for Blood"],"picked":"SKIP","floor":21.0},{"not_picked":[],"picked":"Shockwave","floor":22.0},{"not_picked":[],"picked":"Cleave","floor":23.0},{"not_picked":[],"picked":"Clash+1","floor":25.0},{"not_picked":["Blood for Blood"],"picked":"SKIP","floor":29},{"not_picked":["Hemokinesis"],"picked":"SKIP","floor":30},{"not_picked":[],"picked":"Limit Break","floor":33},{"not_picked":[],"picked":"Rampage","floor":35},{"not_picked":[],"picked":"Cleave+1","floor":39},{"not_picked":["Cleave"],"picked":"SKIP","floor":41},{"not_picked":[],"picked":"Wild Strike","floor":44},{"not_picked":[],"picked":"Clash+1","floor":46},{"not_picked":[],"picked":"Uppercut+1","floor":47},{"not_picked":[],"picked":"Twin Strike+1","floor":48}],"player_experience":125402,"potions_floor_usage":[29,33,47,48],"damage_taken":[{"damage":0.0,"enemies":"Jaw Worm","floor":1.0,"turns":1.0},{"damage":0.0,"enemies":"3 Sentries","floor":7.0,"turns":1.0},{"damage":0.0,"enemies":"Small Slimes","floor":8.0,"turns":1.0},{"damage":4.0,"enemies":"Cultist","floor":10.0,"turns":2.0},{"damage":6.0,"enemies":"Exordium Thugs","floor":11.0,"turns":3.0},{"damage":24.0,"enemies":"Lagavulin","floor":13.0,"turns":4.0},{"damage":4.0,"enemies":"Large Slime","floor":14.0,"turns":2.0},{"damage":41.0,"enemies":"The Guardian","floor":16.0,"turns":9.0},{"damage":0.0,"enemies":"Chosen","floor":18.0,"turns":2.0},{"damage":8.0,"enemies":"Shell Parasite","floor":19.0,"turns":3.0},{"damage":4.0,"enemies":"Centurion and Healer","floor":21.0,"turns":3.0},{"damage":0.0,"enemies":"Snake Plant","floor":22.0,"turns":1.0},{"damage":4.0,"enemies":"Snecko","floor":23.0,"turns":2.0},{"damage":27.0,"enemies":"Gremlin Leader","floor":25.0,"turns":4.0},{"damage":4,"enemies":"Slavers","floor":29,"turns":3},{"damage":0,"enemies":"Cultist and Chosen","floor":30,"turns":3},{"damage":15,"enemies":"Collector","floor":33,"turns":4},{"damage":0,"enemies":"3 Darklings","floor":35,"turns":2},{"damage":0,"enemies":"Orb Walker","floor":39,"turns":1},{"damage":0,"enemies":"Nemesis","floor":41,"turns":1},{"damage":17,"enemies":"Giant Head","floor":44,"turns":5},{"damage":10,"enemies":"3 Darklings","floor":46,"turns":3},{"damage":23,"enemies":"Maw","floor":47,"turns":4},{"damage":4,"enemies":"Sphere and 2 Shapes","floor":48,"turns":1},{"damage":56,"enemies":"Donu and Deca","floor":50,"turns":5}],"relics_obtained":[{"floor":7.0,"key":"Letter Opener"},{"floor":9.0,"key":"Mercury Hourglass"},{"floor":13.0,"key":"Pen Nib"},{"floor":25.0,"key":"Tiny Chest"},{"floor":26.0,"key":"Bottled Lightning"},{"floor":29,"key":"Ancient Tea Set"},{"floor":41,"key":"Regal Pillow"},{"floor":43,"key":"Blood Vial"},{"floor":44,"key":"Bag of Marbles"},{"floor":45,"key":"Matryoshka"}],"event_choices":[{"event_name":"Living Wall","player_choice":"Grow","floor":2.0,"damage_taken":0.0},{"event_name":"Match and Keep!","player_choice":"1 cards matched","floor":4.0,"damage_taken":0.0},{"event_name":"Wheel of Change","player_choice":"Relic","floor":5.0,"damage_taken":0.0},{"event_name":"Duplicator","player_choice":"One dupe","floor":24.0,"damage_taken":0.0},{"event_name":"Accursed Blacksmith","player_choice":"Forge","floor":27.0,"damage_taken":0.0},{"event_name":"SecretPortal","player_choice":"Rejected Portal.","floor":36,"damage_taken":0},{"event_name":"Falling","player_choice":"Removed Power","floor":38,"damage_taken":0}],"boss_relics":[{"not_picked":["Runic Cube","Black Star"],"picked":"Busted Crown"},{"not_picked":["Velvet Choker","Empty Cage"],"picked":"Sozu"}],"items_purged_floors":[],"is_endless":false,"potions_floor_spawned":[1,8,10,13,23,25,29,30,33,39,41,44,48],"seed_played":"-2108715818264974006","ascension_level":2,"potions_obtained":[{"floor":1.0,"key":"Energy Potion"},{"floor":8.0,"key":"AttackPotion"},{"floor":10.0,"key":"Weak Potion"},{"floor":13.0,"key":"Poison Potion"},{"floor":23.0,"key":"Weak Potion"},{"floor":25.0,"key":"Block Potion"},{"floor":29,"key":"EssenceOfSteel"},{"floor":30,"key":"FearPotion"},{"floor":33,"key":"Fire Potion"}],"is_trial":false}