{"gold_per_floor":[119,119,119,138,138,151,151,151,175,191,191,0,0,16,16,114,114,131,149,15,34,34,34,51,51,127,127,127,15,29,44,44,145,145,163,49,0,0,15,15,35,35,35,50,50,62,85,98,98,98],"floor_reached":50,"playtime":2529,"items_purged":["Defend_G"],"score":459,"play_id":"2a5f40a5-6400-47ef-9fc1-6712377ff0be","local_time":"20181215225431","is_ascension_mode":false,"campfire_choices":[{"data":"Neutralize","floor":7.0,"key":"SMITH"},{"data":"Concentrate","floor":11.0,"key":"SMITH"},{"data":"Dodge and Roll","floor":13.0,"key":"SMITH"},{"data":"Poisoned Stab","floor":15.0,"key":"SMITH"},{"data":"Blade Dance","floor":23.0,"key":"SMITH"},{"data":"Backstab","floor":25.0,"key":"SMITH"},{"data":"Survivor","floor":27.0,"key":"SMITH"},{"data":"J.A.X.","floor":32,"key":"SMITH"},{"data":"Choke","floor":40,"key":"SMITH"},{"floor":45,"key":"REST"},{"floor":49,"key":"REST"}],"neow_cost":"NONE","seed_source_timestamp":0,"circlet_count":0,"master_deck":["Defend_G","Survivor+1","Neutralize+1","Dodge and Roll+1","Poisoned Stab+1","Cloak And Dagger+1","Concentrate+1","Backstab+1","Bullet Time","Blade Dance+1","Bullet Time","Storm of Steel","Bite","Bite","Bite","Bite","Bite","J.A.X.+1","Crippling Poison","Outmaneuver+1","Envenom","Finisher+1","Choke+1","Well Laid Plans","Malaise"],"special_seed":0,"relics":["Runic Dome","Membership Card","Snecko Eye","DollysMirror","Tiny Chest","Snake Skull","Empty Cage","Anchor","Red Mask","Mango","Pantograph","Blood Vial"],"potions_floor_usage":[33,33,41,50,50],"damage_taken":[{"damage":1.0,"enemies":"Jaw Worm","floor":1.0,"turns":4.0},{"damage":0.0,"enemies":"2 Louse","floor":4.0,"turns":2.0},{"damage":5.0,"enemies":"Small Slimes","floor":6.0,"turns":3.0},{"damage":9.0,"enemies":"Red Slaver","floor":10.0,"turns":3.0},{"damage":2.0,"enemies":"Blue Slaver","floor":14.0,"turns":4.0},{"damage":15.0,"enemies":"The Guardian","floor":16.0,"turns":16.0},{"damage":6.0,"enemies":"Chosen","floor":18.0,"turns":5.0},{"damage":5.0,"enemies":"Shell Parasite","floor":19.0,"turns":5.0},{"damage":26.0,"enemies":"Snake Plant","floor":21.0,"turns":6.0},{"damage":2.0,"enemies":"3 Cultists","floor":24.0,"turns":5.0},{"damage":11.0,"enemies":"Chosen and Byrds","floor":30.0,"turns":6.0},{"damage":7.0,"enemies":"Snake Plant","floor":31.0,"turns":5.0},{"damage":46,"enemies":"Champ","floor":33,"turns":10},{"damage":7,"enemies":"Orb Walker","floor":35,"turns":2},{"damage":36,"enemies":"3 Darklings","floor":39,"turns":5},{"damage":19,"enemies":"Spire Growth","floor":41,"turns":3},{"damage":17,"enemies":"Maw","floor":44,"turns":7},{"damage":8,"enemies":"3 Darklings","floor":46,"turns":4},{"damage":18,"enemies":"4 Shapes","floor":48,"turns":7},{"damage":78,"enemies":"Time Eater","floor":50,"turns":9}],"seed_played":"5106803862403016786","potions_obtained":[{"floor":1.0,"key":"GhostInAJar"},{"floor":4.0,"key":"AttackPotion"},{"floor":10.0,"key":"Explosive Potion"},{"floor":31.0,"key":"LiquidBronze"},{"floor":39,"key":"SneckoOil"},{"floor":48,"key":"Poison Potion"}],"is_trial":false,"path_per_floor":["M","?","?","M","?","M","R","?","T","M","R","$","R","M","R","B",null,"M","M","$","M","?","R","M","R","T","R","?","$","M","M","R","B",null,"M","$","?","T","M","R","M","?","T","M","R","M","T","M","R","B"],"character_chosen":"THE_SILENT","items_purchased":["Membership Card","DollysMirror","Snake Skull","Crippling Poison","Anchor","Choke"],"campfire_rested":2,"item_purchase_floors":[12,20,29,29,36,36],"current_hp_per_floor":[69,62,67,67,67,62,62,47,47,38,38,38,38,36,36,21,75,69,64,64,38,38,38,52,52,52,52,52,52,43,52,52,29,52,45,45,45,59,33,33,18,18,18,23,41,43,43,33,51,0],"gold":98,"neow_bonus":"BOSS_RELIC","is_prod":false,"is_daily":false,"chose_seed":false,"campfire_upgraded":9,"win_rate":0,"timestamp":1544882071,"path_taken":["M","?","?","M","?","?","R","?","T","M","R","$","R","M","R","BOSS","M","M","$","M","?","R","M","R","T","R","?","?","M","?","R","BOSS","M","$","?","?","M","R","M","?","T","M","R","M","?","M","R","BOSS"],"build_version":"2018-12-13","purchased_purges":1,"victory":false,"max_hp_per_floor":[70,70,75,75,75,75,75,75,75,75,75,75,75,75,75,75,75,75,75,75,75,52,52,52,52,52,52,52,52,52,52,52,52,52,52,52,52,66,66,66,66,63,63,63,63,63,63,63,63,63],"card_choices":[{"not_picked":["Endless Agony","Caltrops"],"picked":"Dodge and Roll","floor":1.0},{"not_picked":["Reflex","Skewer"],"picked":"Poisoned Stab","floor":4.0},{"not_picked":["Outmaneuver","Slice"],"picked":"Cloak And Dagger","floor":6.0},{"not_picked":["Deflect","Dodge and Roll"],"picked":"Concentrate","floor":10.0},{"not_picked":["Quick Slash","Slice"],"picked":"Backstab","floor":14.0},{"not_picked":["Tools of the Trade","Unload"],"picked":"Bullet Time","floor":16.0},{"not_picked":["Acrobatics","Dagger Throw"],"picked":"Blade Dance","floor":18.0},{"not_picked":["Dagger Throw","Slice+1","Poisoned Stab+1"],"picked":"SKIP","floor":19.0},{"not_picked":["Cloak And Dagger","Dagger Throw+1"],"picked":"Storm of Steel","floor":21.0},{"not_picked":["Acrobatics","Tactician","Backflip"],"picked":"SKIP","floor":24.0},{"not_picked":["Slice","Escape Plan","Sucker Punch+1"],"picked":"SKIP","floor":30.0},{"not_picked":["Underhanded Strike+1","Concentrate"],"picked":"Outmaneuver+1","floor":31.0},{"not_picked":["Malaise","Glass Knife"],"picked":"Envenom","floor":33},{"not_picked":["Distraction","Blade Dance"],"picked":"Finisher+1","floor":35},{"not_picked":["Finisher","Sucker Punch"],"picked":"Well Laid Plans","floor":39},{"not_picked":["Sucker Punch+1","Deadly Poison"],"picked":"Malaise","floor":41},{"not_picked":["Crippling Poison+1","Poisoned Stab","Underhanded Strike+1"],"picked":"SKIP","floor":44},{"not_picked":["Bane","Acrobatics+1","Dodge and Roll"],"picked":"SKIP","floor":46},{"not_picked":["PiercingWail","All Out Attack+1","Dodge and Roll"],"picked":"SKIP","floor":48}],"player_experience":211543,"relics_obtained":[{"floor":26.0,"key":"Tiny Chest"},{"floor":38,"key":"Mango"},{"floor":43,"key":"Pantograph"},{"floor":47,"key":"Blood Vial"}],"event_choices":[{"cards_removed":["Defend_G"],"damage_healed":0.0,"max_hp_gain":0.0,"max_hp_loss":0.0,"gold_gain":0.0,"event_name":"Golden Wing","player_choice":"Card Removal","floor":2.0,"gold_loss":0.0,"damage_taken":7.0},{"damage_healed":0.0,"max_hp_gain":5.0,"max_hp_loss":0.0,"gold_gain":0.0,"event_name":"Big Fish","player_choice":"Donut","floor":3.0,"gold_loss":0.0,"damage_taken":0.0},{"cards_removed":["Strike_G"],"damage_healed":0.0,"max_hp_gain":0.0,"max_hp_loss":0.0,"gold_gain":0.0,"event_name":"Bonfire Elementals","player_choice":"Offered Basic","floor":5.0,"gold_loss":0.0,"damage_taken":0.0},{"damage_healed":0.0,"max_hp_gain":0.0,"max_hp_loss":0.0,"gold_gain":0.0,"event_name":"Shining Light","player_choice":"Entered Light","floor":8.0,"gold_loss":0.0,"damage_taken":15.0,"cards_upgraded":["Strike_G","Cloak And Dagger"]},{"damage_healed":0.0,"max_hp_gain":0.0,"max_hp_loss":23.0,"gold_gain":0.0,"event_name":"Vampires","player_choice":"Became a vampire","floor":22.0,"gold_loss":0.0,"damage_taken":0.0,"cards_obtained":["Bite","Bite","Bite","Bite","Bite"]},{"damage_healed":0.0,"max_hp_gain":0.0,"max_hp_loss":0.0,"gold_gain":0.0,"event_name":"Drug Dealer","player_choice":"Obtain J.A.X.","floor":28.0,"gold_loss":0.0,"damage_taken":0.0,"cards_obtained":["J.A.X."]},{"damage_healed":0,"gold_gain":0,"player_choice":"Paid","damage_taken":0,"relics_obtained":["Red Mask"],"max_hp_gain":0,"max_hp_loss":0,"event_name":"Tomb of Lord Red Mask","floor":37,"gold_loss":49},{"damage_healed":0,"gold_gain":0,"player_choice":"Max HP","damage_taken":0,"max_hp_gain":0,"max_hp_loss":3,"event_name":"Winding Halls","floor":42,"gold_loss":0}],"is_beta":false,"boss_relics":[{"not_picked":["Tiny House","Velvet Choker"],"picked":"Snecko Eye"},{"not_picked":["Busted Crown","Sozu"],"picked":"Empty Cage"}],"items_purged_floors":[20],"is_endless":false,"potions_floor_spawned":[1,4,10,14,18,21,31,39,48],"killed_by":"Time Eater","ascension_level":0}