{"gold_per_floor":[209,223,138,138,63,80,114,114,114,264,264,41,41,67,67,146,146,162,174,207,207,63,63,63,163,237,237,76,96,116,129,129,206,206,226,226,226,244,244,244,275,275,275,275,275,295,308,308,308,308],"floor_reached":50,"playtime":1817,"items_purged":["Strike_B","Doubt"],"score":973,"play_id":"b6e25fef-777f-4c9f-a45e-5c1aaf3484a2","local_time":"20190401014650","is_ascension_mode":true,"campfire_choices":[{"data":"Defragment","floor":8,"key":"SMITH"},{"data":"Defragment","floor":11,"key":"SMITH"},{"data":"Zap","floor":13,"key":"SMITH"},{"floor":15,"key":"REST"},{"data":"Capacitor","floor":23,"key":"SMITH"},{"floor":27,"key":"REST"},{"floor":32,"key":"REST"},{"data":"Defragment","floor":40,"key":"SMITH"},{"data":"Blizzard","floor":42,"key":"SMITH"},{"data":"Buffer","floor":44,"key":"SMITH"},{"floor":49,"key":"DIG"}],"neow_cost":"NONE","seed_source_timestamp":94081622115300,"circlet_count":0,"master_deck":["AscendersBane","Strike_B+1","Strike_B+1","Defend_B+1","Defend_B+1","Defend_B+1","Defend_B+1","Zap+1","Dualcast+1","Defragment+1","Go for the Eyes+1","Capacitor+1","Defragment+1","Rebound+1","Blizzard+1","Conserve Battery+1","Buffer+1","Glacier+1","Defragment+1","Electrodynamics+1","Self Repair+1","Madness+1","Madness+1","Leap+1","Magnetism+1","Loop+1","Parasite","Scrape+1"],"relics":["FrozenCore","Incense Burner","Juzu Bracelet","Mercury Hourglass","Lee\u0027s Waffle","Oddly Smooth Stone","Red Mask","PreservedInsect","Shovel","Dodecahedron","Singing Bowl","Regal Pillow","Cursed Key","The Courier","Shuriken","Mark of the Bloom","Bronze Scales"],"potions_floor_usage":[7,20,25,47,50],"damage_taken":[{"damage":7,"enemies":"Cultist","floor":1,"turns":4},{"damage":11,"enemies":"Small Slimes","floor":2,"turns":3},{"damage":9,"enemies":"2 Louse","floor":6,"turns":3},{"damage":22,"enemies":"Lagavulin","floor":7,"turns":7},{"damage":60,"enemies":"Gremlin Nob","floor":14,"turns":5},{"damage":24,"enemies":"Slime Boss","floor":16,"turns":9},{"damage":0,"enemies":"Spheric Guardian","floor":18,"turns":7},{"damage":11,"enemies":"Shell Parasite","floor":19,"turns":9},{"damage":19,"enemies":"Masked Bandits","floor":20,"turns":7},{"damage":1,"enemies":"Colosseum Slavers","floor":25,"turns":6},{"damage":23,"enemies":"Colosseum Nobs","floor":25,"turns":5},{"damage":12,"enemies":"Chosen and Byrds","floor":29,"turns":7},{"damage":0,"enemies":"Snake Plant","floor":30,"turns":6},{"damage":8,"enemies":"Cultist and Chosen","floor":31,"turns":8},{"damage":10,"enemies":"Automaton","floor":33,"turns":16},{"damage":0,"enemies":"Orb Walker","floor":35,"turns":5},{"damage":1,"enemies":"3 Shapes","floor":38,"turns":4},{"damage":0,"enemies":"Giant Head","floor":41,"turns":10},{"damage":0,"enemies":"Maw","floor":46,"turns":10},{"damage":0,"enemies":"Transient","floor":47,"turns":6},{"damage":83,"enemies":"Awakened One","floor":50,"turns":6}],"seed_played":"6199885125349242348","potions_obtained":[{"floor":1,"key":"Regen Potion"},{"floor":6,"key":"EssenceOfSteel"},{"floor":18,"key":"SteroidPotion"},{"floor":20,"key":"Regen Potion"},{"floor":29,"key":"Strength Potion"},{"floor":31,"key":"SpeedPotion"},{"floor":35,"key":"LiquidBronze"},{"floor":36,"key":"Fire Potion"},{"floor":38,"key":"Swift Potion"}],"is_trial":false,"path_per_floor":["M","M","$","?","$","M","E","R","T","?","R","$","R","E","R","B",null,"M","M","?","?","$","R","T","?","T","R","$","M","M","M","R","B",null,"M","?","?","M","?","R","E","R","T","R","?","M","M","?","R","B"],"character_chosen":"DEFECT","items_purchased":["Capacitor","Lee\u0027s Waffle","Blizzard","Regal Pillow"],"campfire_rested":3,"item_purchase_floors":[3,12,22,28],"current_hp_per_floor":[57,46,46,46,46,37,15,15,15,15,15,78,78,18,41,17,63,63,52,33,33,33,33,33,23,23,46,46,34,34,26,64,54,72,72,72,58,57,54,54,64,64,64,64,64,74,82,82,82,0],"gold":308,"neow_bonus":"HUNDRED_GOLD","is_prod":false,"is_daily":false,"chose_seed":false,"campfire_upgraded":7,"win_rate":0,"timestamp":1554076010,"path_taken":["M","M","$","?","$","?","E","R","T","?","R","$","R","E","R","BOSS","M","M","?","?","?","R","?","?","T","R","$","M","M","M","R","BOSS","M","?","?","M","?","R","E","R","T","R","?","M","M","?","R","BOSS"],"build_version":"2019-01-23","purchased_purges":2,"victory":false,"max_hp_per_floor":[71,71,71,71,71,71,71,71,71,71,71,78,78,78,78,78,78,78,78,78,78,78,78,78,78,78,78,78,78,78,78,78,78,78,78,78,78,78,80,80,80,80,80,80,80,80,82,82,82,82],"card_choices":[{"not_picked":["Storm","Rebound"],"picked":"Defragment","floor":1},{"not_picked":["Ball Lightning","Streamline"],"picked":"Go for the Eyes","floor":2},{"not_picked":["Ball Lightning","Redo"],"picked":"Defragment","floor":6},{"not_picked":["Steam","Stack","Sweeping Beam"],"picked":"SKIP","floor":7},{"not_picked":["Steam","Gash","Sweeping Beam"],"picked":"SKIP","floor":14},{"not_picked":["Storm","Sweeping Beam","Redo"],"picked":"SKIP","floor":18},{"not_picked":["Cold Snap","Compile Driver","Rip and Tear"],"picked":"SKIP","floor":19},{"not_picked":["Doom and Gloom","Hologram"],"picked":"Rebound","floor":20},{"not_picked":["Heatsinks","Reinforced Body"],"picked":"Conserve Battery","floor":25},{"not_picked":["Double Energy","Stack"],"picked":"Buffer","floor":29},{"not_picked":["Sweeping Beam","Lockon"],"picked":"Glacier+1","floor":30},{"not_picked":["Sunder","Rip and Tear"],"picked":"Defragment","floor":31},{"not_picked":["Machine Learning","Thunder Strike"],"picked":"Electrodynamics","floor":33},{"not_picked":["Gash","Lockon"],"picked":"Self Repair+1","floor":35},{"not_picked":["Steam","Recycle"],"picked":"Leap+1","floor":38},{"not_picked":["Blind","Purity","PanicButton"],"picked":"Singing Bowl","floor":39},{"not_picked":["Mayhem","Enlightenment"],"picked":"Magnetism","floor":39},{"not_picked":["Skim+1","Go for the Eyes"],"picked":"Loop+1","floor":41},{"not_picked":["Leap+1","Storm+1"],"picked":"Scrape+1","floor":46},{"not_picked":["Ball Lightning","Rebound","Compile Driver"],"picked":"Singing Bowl","floor":47}],"player_experience":507486,"relics_obtained":[{"floor":7,"key":"Juzu Bracelet"},{"floor":9,"key":"Mercury Hourglass"},{"floor":14,"key":"Oddly Smooth Stone"},{"floor":20,"key":"Red Mask"},{"floor":24,"key":"PreservedInsect"},{"floor":25,"key":"Shovel"},{"floor":25,"key":"Dodecahedron"},{"floor":26,"key":"Singing Bowl"},{"floor":41,"key":"The Courier"},{"floor":43,"key":"Shuriken"},{"floor":49,"key":"Bronze Scales"}],"event_choices":[{"damage_healed":0,"gold_gain":0,"player_choice":"Gave Potion","damage_taken":0,"relics_obtained":["Incense Burner"],"max_hp_gain":0,"max_hp_loss":0,"event_name":"WeMeetAgain","floor":4,"gold_loss":0},{"damage_healed":0,"gold_gain":150,"player_choice":"AGREE","damage_taken":0,"max_hp_gain":0,"max_hp_loss":0,"event_name":"Liars Game","floor":10,"gold_loss":0,"cards_obtained":["Doubt"]},{"damage_healed":0,"gold_gain":0,"player_choice":"Fought Bandits","damage_taken":0,"max_hp_gain":0,"max_hp_loss":0,"event_name":"Masked Bandits","floor":20,"gold_loss":0},{"damage_healed":0,"gold_gain":0,"player_choice":"Simplicity","damage_taken":0,"max_hp_gain":0,"max_hp_loss":0,"event_name":"Back to Basics","floor":21,"gold_loss":0,"cards_upgraded":["Strike_B","Strike_B","Strike_B","Defend_B","Defend_B","Defend_B","Defend_B"]},{"damage_healed":0,"gold_gain":0,"player_choice":"Fight","damage_taken":0,"max_hp_gain":0,"max_hp_loss":0,"event_name":"Colosseum","floor":25,"gold_loss":0},{"damage_healed":0,"gold_gain":0,"player_choice":"Fought Nobs","damage_taken":0,"max_hp_gain":0,"max_hp_loss":0,"event_name":"Colosseum","floor":25,"gold_loss":0},{"damage_healed":0,"gold_gain":0,"player_choice":"Got Potions","damage_taken":0,"max_hp_gain":0,"max_hp_loss":0,"event_name":"Lab","floor":36,"gold_loss":0},{"damage_healed":0,"gold_gain":0,"player_choice":"Embrace Madness","damage_taken":14,"max_hp_gain":0,"max_hp_loss":0,"event_name":"Winding Halls","floor":37,"gold_loss":0,"cards_obtained":["Madness","Madness"]},{"damage_healed":0,"gold_gain":0,"player_choice":"Memory 2","damage_taken":5,"max_hp_gain":0,"max_hp_loss":0,"event_name":"SensoryStone","floor":39,"gold_loss":0},{"cards_removed":["Strike_B"],"damage_healed":0,"gold_gain":0,"player_choice":"Removed Attack","damage_taken":0,"max_hp_gain":0,"max_hp_loss":0,"event_name":"Falling","floor":45,"gold_loss":0},{"damage_healed":0,"gold_gain":0,"player_choice":"Upgrade","damage_taken":0,"relics_obtained":["Mark of the Bloom"],"max_hp_gain":0,"max_hp_loss":0,"event_name":"MindBloom","floor":48,"gold_loss":0,"cards_upgraded":["Dualcast","Go for the Eyes","Rebound","Conserve Battery","Electrodynamics","Madness","Madness","Magnetism"]}],"is_beta":false,"boss_relics":[{"not_picked":["Nuclear Battery","Runic Dome"],"picked":"FrozenCore"},{"not_picked":["Lizard Tail","Fusion Hammer"],"picked":"Cursed Key"}],"items_purged_floors":[5,22],"is_endless":false,"potions_floor_spawned":[1,6,18,20,29,31,35,38],"killed_by":"Awakened One","ascension_level":19}