{"gold_per_floor":[118,43,43,43,62,62,62,14,14,30,30,54,90,109,109,230,230,250,13,33,33,58,58,58,78,78,78,78,97,121,154,154,274,274,293,418,751,767,138,138,138,138,193,68,68,91,91,111,111,111],"floor_reached":51,"playtime":2323,"items_purged":["Strike_B","Strike_B","Strike_B"],"score":836,"play_id":"12a0f7ff-8e6e-4f8a-92e9-5c4d9b7c733f","local_time":"20181231123825","is_ascension_mode":true,"campfire_choices":[{"data":"Madness","floor":7,"key":"SMITH"},{"data":"Redo","floor":15,"key":"SMITH"},{"data":"Mayhem","floor":24,"key":"SMITH"},{"floor":32,"key":"REST"},{"data":"Blizzard","floor":40,"key":"SMITH"},{"data":"White Noise","floor":42,"key":"SMITH"},{"floor":45,"key":"REST"},{"data":"Glacier","floor":47,"key":"SMITH"},{"floor":49,"key":"REST"}],"neow_cost":"NONE","seed_source_timestamp":473157145085662,"circlet_count":0,"master_deck":["Defend_B","Defend_B","Defend_B","Zap+1","Dualcast","Madness+1","Ball Lightning","Steam Power","Leap","Cold Snap","Cold Snap","Rebound","Redo+1","Machine Learning","Barrage+1","Defragment+1","Mayhem+1","Ball Lightning","Glacier+1","Hologram","Amplify","Go for the Eyes+1","Blizzard+1","White Noise+1","Capacitor"],"relics":["Cracked Core","Omamori","Mercury Hourglass","Nuclear Battery","Gremlin Horn","Singing Bowl","Pocketwatch","Bottled Flame","Runic Dome","Peace Pipe","WingedGreaves","Tiny Chest","Pen Nib","Blood Vial"],"potions_floor_usage":[29,30,33,33,50,50,50],"damage_taken":[{"damage":1,"enemies":"Cultist","floor":1,"turns":3},{"damage":0,"enemies":"Small Slimes","floor":5,"turns":2},{"damage":6,"enemies":"2 Louse","floor":10,"turns":3},{"damage":4,"enemies":"Lots of Slimes","floor":12,"turns":3},{"damage":15,"enemies":"Lagavulin","floor":13,"turns":6},{"damage":11,"enemies":"Exordium Thugs","floor":14,"turns":3},{"damage":15,"enemies":"The Guardian","floor":16,"turns":10},{"damage":0,"enemies":"Spheric Guardian","floor":18,"turns":3},{"damage":9,"enemies":"Shell Parasite","floor":20,"turns":4},{"damage":10,"enemies":"Sentry and Sphere","floor":22,"turns":4},{"damage":19,"enemies":"Snecko","floor":25,"turns":4},{"damage":23,"enemies":"Shelled Parasite and Fungi","floor":29,"turns":5},{"damage":0,"enemies":"3 Cultists","floor":30,"turns":5},{"damage":3,"enemies":"Book of Stabbing","floor":31,"turns":7},{"damage":37,"enemies":"Champ","floor":33,"turns":11},{"damage":0,"enemies":"Orb Walker","floor":35,"turns":4},{"damage":19,"enemies":"Mind Bloom Boss Battle","floor":36,"turns":7},{"damage":24,"enemies":"3 Shapes","floor":38,"turns":5},{"damage":13,"enemies":"Sphere and 2 Shapes","floor":48,"turns":4},{"damage":70,"enemies":"Donu and Deca","floor":50,"turns":9}],"seed_played":"-8203218477446243997","potions_obtained":[{"floor":10,"key":"Energy Potion"},{"floor":12,"key":"FairyPotion"},{"floor":13,"key":"GamblersBrew"},{"floor":25,"key":"SpeedPotion"},{"floor":29,"key":"Energy Potion"},{"floor":31,"key":"Poison Potion"},{"floor":33,"key":"Ancient Potion"},{"floor":35,"key":"Explosive Potion"},{"floor":36,"key":"Weak Potion"}],"is_trial":false,"path_per_floor":["M","$","?","?","M","?","R","$","T","M","?","M","E","M","R","B",null,"M","$","M","?","M","T","R","M","T","?","$","M","M","E","R","B",null,"M","?","?","M","$","R","?","R","T","$","R","T","R","M","R","B",null],"character_chosen":"DEFECT","items_purchased":["Leap","Defragment","Mayhem","WingedGreaves","Tiny Chest","Blizzard","White Noise"],"campfire_rested":3,"item_purchase_floors":[8,19,19,39,39,39,39],"current_hp_per_floor":[74,74,67,67,67,67,67,67,67,61,61,57,42,31,31,16,69,69,69,60,60,50,50,50,33,33,33,33,12,12,11,33,7,75,77,58,58,36,36,36,36,36,36,36,59,59,59,48,71,3],"gold":111,"neow_bonus":"RANDOM_COLORLESS","is_prod":false,"is_daily":false,"chose_seed":false,"campfire_upgraded":6,"win_rate":0,"timestamp":1546227505,"path_taken":["M","?","?","?","M","?","R","$","T","?","?","M","E","M","R","BOSS","M","$","M","?","?","?","R","M","T","?","$","M","?","E","R","BOSS","M","?","?","M","$","R","?","R","T","?","R","?","R","M","R","BOSS"],"build_version":"2018-12-20","purchased_purges":3,"victory":true,"max_hp_per_floor":[75,75,75,75,75,75,75,75,75,75,69,69,69,69,69,69,69,69,69,69,69,69,69,69,71,71,71,71,73,73,75,75,75,75,77,77,77,79,79,79,79,79,79,79,79,79,79,79,79,79],"card_choices":[{"not_picked":["Leap","Steam"],"picked":"Ball Lightning","floor":1},{"not_picked":["Lockon","Steam"],"picked":"Coolheaded","floor":5},{"not_picked":["Storm","Chaos"],"picked":"Cold Snap","floor":10},{"not_picked":["Hello World","Tempest"],"picked":"Cold Snap","floor":12},{"not_picked":["Ball Lightning","Cold Snap"],"picked":"Rebound","floor":13},{"not_picked":["Recycle","Cold Snap"],"picked":"Redo","floor":14},{"not_picked":["Buffer","Meteor Strike"],"picked":"Machine Learning","floor":16},{"not_picked":["Conserve Battery","Beam Cell"],"picked":"Barrage+1","floor":18},{"not_picked":["Barrage","Reprogram"],"picked":"Ball Lightning","floor":20},{"not_picked":["Go for the Eyes","Chaos"],"picked":"Glacier","floor":22},{"not_picked":["Reinforced Body","Coolheaded","Reprogram"],"picked":"Singing Bowl","floor":25},{"not_picked":["Machine Learning","Chill","Loop"],"picked":"Singing Bowl","floor":29},{"not_picked":["Sunder+1","Streamline+1"],"picked":"Hologram","floor":30},{"not_picked":["Beam Cell+1","Loop","Streamline"],"picked":"Singing Bowl","floor":31},{"not_picked":["Echo Form","Reboot"],"picked":"Amplify","floor":33},{"not_picked":["Rebound","Sweeping Beam","Barrage"],"picked":"Singing Bowl","floor":35},{"not_picked":["Compile Driver","Cold Snap"],"picked":"Go for the Eyes+1","floor":36},{"not_picked":["Turbo","Storm","Sunder"],"picked":"Singing Bowl","floor":38},{"not_picked":["Gash+1","Turbo+1"],"picked":"Capacitor","floor":48}],"player_experience":283592,"relics_obtained":[{"floor":9,"key":"Omamori"},{"floor":13,"key":"Mercury Hourglass"},{"floor":23,"key":"Singing Bowl"},{"floor":26,"key":"Pocketwatch"},{"floor":31,"key":"Bottled Flame"},{"floor":36,"key":"Peace Pipe"},{"floor":43,"key":"Pen Nib"},{"floor":46,"key":"Blood Vial"}],"event_choices":[{"cards_removed":["Defend_B"],"damage_healed":0,"gold_gain":0,"player_choice":"Card Removal","damage_taken":7,"max_hp_gain":0,"max_hp_loss":0,"event_name":"Golden Wing","floor":3,"gold_loss":0},{"damage_healed":0,"gold_gain":0,"player_choice":"Grow","damage_taken":0,"max_hp_gain":0,"max_hp_loss":0,"event_name":"Living Wall","floor":4,"gold_loss":0,"cards_upgraded":["Zap"]},{"damage_healed":0,"gold_gain":0,"cards_transformed":["Strike_B"],"player_choice":"Transformed","damage_taken":0,"max_hp_gain":0,"max_hp_loss":0,"event_name":"Transmorgrifier","floor":6,"gold_loss":0,"cards_obtained":["Steam Power"]},{"damage_healed":0,"gold_gain":0,"player_choice":"Lose Max HP","damage_taken":0,"relics_obtained":["Golden Idol"],"max_hp_gain":0,"max_hp_loss":6,"event_name":"Golden Idol","floor":11,"gold_loss":0},{"damage_healed":0,"gold_gain":0,"player_choice":"Gave Potion","damage_taken":0,"relics_obtained":["Gremlin Horn"],"max_hp_gain":0,"max_hp_loss":0,"event_name":"WeMeetAgain","floor":21,"gold_loss":0},{"damage_healed":0,"gold_gain":0,"player_choice":"Forge","damage_taken":0,"max_hp_gain":0,"max_hp_loss":0,"event_name":"Accursed Blacksmith","floor":27,"gold_loss":0,"cards_upgraded":["Defragment"]},{"damage_healed":0,"gold_gain":0,"player_choice":"Fight","damage_taken":0,"max_hp_gain":0,"max_hp_loss":0,"event_name":"MindBloom","floor":36,"gold_loss":0},{"damage_healed":0,"gold_gain":333,"player_choice":"Gave Idol","damage_taken":0,"max_hp_gain":0,"max_hp_loss":0,"event_name":"The Moai Head","floor":37,"relics_lost":["Golden Idol"],"gold_loss":0},{"cards_removed":["Coolheaded"],"damage_healed":0,"gold_gain":0,"player_choice":"Removed Skill","damage_taken":0,"max_hp_gain":0,"max_hp_loss":0,"event_name":"Falling","floor":41,"gold_loss":0}],"is_beta":false,"boss_relics":[{"not_picked":["Coffee Dripper","Calling Bell"],"picked":"Nuclear Battery"},{"not_picked":["White Beast Statue","FrozenCore"],"picked":"Runic Dome"}],"items_purged_floors":[2,39,44],"is_endless":false,"potions_floor_spawned":[10,12,13,25,29,31,33,35,36],"ascension_level":4}