{"gold_per_floor":[111,111,27,40,60,60,121,121,144,144,164,199,4,17,17,95,95,110,130,130,80,95,95,127,127],"floor_reached":25,"playtime":808,"items_purged":["Strike_R"],"score":458,"play_id":"6eea3d56-ceb5-44c2-b3bd-2cdf73a7bfcf","local_time":"20190512101748","is_ascension_mode":true,"campfire_choices":[{"data":"Whirlwind","floor":6,"key":"SMITH"},{"data":"Demon Form","floor":8,"key":"SMITH"},{"data":"Shockwave","floor":10,"key":"SMITH"},{"data":"True Grit","floor":15,"key":"SMITH"},{"data":"Disarm","floor":23,"key":"SMITH"}],"neow_cost":"NONE","seed_source_timestamp":519104782307500,"circlet_count":0,"master_deck":["AscendersBane","Strike_R","Strike_R","Strike_R","Strike_R","Defend_R","Defend_R","Defend_R","Defend_R","Bash","Anger","Whirlwind+1","Shockwave+1","Demon Form+1","Iron Wave","Limit Break","Disarm+1","Pummel","True Grit+1","Exhume","Heavy Blade+1","Writhe","True Grit+1"],"relics":["Burning Blood","NeowsBlessing","Tiny Chest","Bag of Preparation","Odd Mushroom","Boot","Philosopher\u0027s Stone","Mummified Hand","Art of War"],"potions_floor_usage":[7,7,16,18,24],"damage_taken":[{"damage":0,"enemies":"2 Louse","floor":1,"turns":1},{"damage":0,"enemies":"Cultist","floor":4,"turns":1},{"damage":0,"enemies":"Small Slimes","floor":5,"turns":1},{"damage":20,"enemies":"Gremlin Nob","floor":7,"turns":4},{"damage":14,"enemies":"The Mushroom Lair","floor":11,"turns":3},{"damage":15,"enemies":"Lagavulin","floor":12,"turns":6},{"damage":9,"enemies":"Looter","floor":14,"turns":3},{"damage":11,"enemies":"The Guardian","floor":16,"turns":6},{"damage":15,"enemies":"Shell Parasite","floor":18,"turns":5},{"damage":13,"enemies":"Chosen","floor":19,"turns":6},{"damage":11,"enemies":"Snecko","floor":22,"turns":5},{"damage":40,"enemies":"Book of Stabbing","floor":24,"turns":5},{"damage":15,"enemies":"Shelled Parasite and Fungi","floor":25,"turns":1}],"seed_played":"-7887955429172923730","potions_obtained":[{"floor":2,"key":"BloodPotion"},{"floor":2,"key":"Weak Potion"},{"floor":5,"key":"FearPotion"},{"floor":11,"key":"Block Potion"},{"floor":12,"key":"Weak Potion"},{"floor":16,"key":"Poison Potion"},{"floor":19,"key":"LiquidBronze"}],"is_trial":false,"path_per_floor":["M","?","$","M","M","R","E","R","T","R","?","E","$","M","R","B",null,"M","M","?","?","M","R","E","M"],"character_chosen":"IRONCLAD","items_purchased":["Whirlwind","Disarm","Pummel"],"campfire_rested":0,"item_purchase_floors":[3,13,13],"current_hp_per_floor":[74,74,74,75,75,75,61,61,61,61,53,44,44,41,41,36,65,56,49,49,49,44,44,10,0],"gold":127,"neow_bonus":"THREE_ENEMY_KILL","is_prod":false,"is_daily":false,"chose_seed":false,"campfire_upgraded":5,"win_rate":0,"timestamp":1557623868,"path_taken":["M","?","$","M","?","R","E","R","T","R","?","E","$","M","R","BOSS","M","M","?","?","M","R","E","M"],"build_version":"2019-01-23","purchased_purges":1,"victory":false,"max_hp_per_floor":[75,75,75,75,75,75,75,75,75,75,75,75,75,75,75,75,75,75,75,75,75,75,75,75,75],"card_choices":[{"not_picked":["Clash","Wild Strike"],"picked":"Anger","floor":1},{"not_picked":["Clash","Shrug It Off"],"picked":"Shockwave","floor":4},{"not_picked":["Twin Strike","Thunderclap"],"picked":"Demon Form","floor":5},{"not_picked":["Bludgeon","Clash"],"picked":"Iron Wave","floor":7},{"not_picked":["Body Slam","Sword Boomerang"],"picked":"Limit Break","floor":12},{"not_picked":["Body Slam","Perfected Strike"],"picked":"True Grit","floor":14},{"not_picked":["Brutality","Juggernaut"],"picked":"Exhume","floor":16},{"not_picked":["Cleave","Warcry","Iron Wave"],"picked":"SKIP","floor":18},{"not_picked":["Twin Strike","Intimidate"],"picked":"Heavy Blade+1","floor":19},{"not_picked":["Clash","Combust"],"picked":"True Grit+1","floor":22},{"not_picked":["Dual Wield","Intimidate","Heavy Blade"],"picked":"SKIP","floor":24}],"player_experience":1343974,"relics_obtained":[{"floor":7,"key":"Tiny Chest"},{"floor":9,"key":"Bag of Preparation"},{"floor":11,"key":"Odd Mushroom"},{"floor":12,"key":"Boot"},{"floor":24,"key":"Art of War"}],"event_choices":[{"damage_healed":0,"gold_gain":0,"player_choice":"Got Potions","damage_taken":0,"max_hp_gain":0,"max_hp_loss":0,"event_name":"Lab","floor":2,"gold_loss":0},{"damage_healed":0,"gold_gain":0,"player_choice":"Fought Mushrooms","damage_taken":0,"max_hp_gain":0,"max_hp_loss":0,"event_name":"Mushrooms","floor":11,"gold_loss":0},{"damage_healed":0,"gold_gain":0,"player_choice":"Opened","damage_taken":0,"relics_obtained":["Mummified Hand"],"max_hp_gain":0,"max_hp_loss":0,"event_name":"The Mausoleum","floor":20,"gold_loss":0,"cards_obtained":["Writhe"]},{"damage_healed":0,"gold_gain":0,"player_choice":"Bet on Murderer","damage_taken":0,"max_hp_gain":0,"max_hp_loss":0,"event_name":"The Joust","floor":21,"gold_loss":50}],"is_beta":false,"boss_relics":[{"not_picked":["Coffee Dripper","Mark of Pain"],"picked":"Philosopher\u0027s Stone"}],"items_purged_floors":[13],"is_endless":false,"potions_floor_spawned":[5,11,12,14,16,19],"killed_by":"Shelled Parasite and Fungi","ascension_level":20}