{"gold_per_floor":[111,111,261,12,12,46,46,72,72,72,72,97,111,123,123,201,201,219,229,179,190,190],"floor_reached":22,"playtime":1079,"items_purged":["Doubt"],"score":579,"play_id":"b93e51aa-98ac-4588-ad65-d666378af0e5","local_time":"20190416115830","is_ascension_mode":true,"campfire_choices":[{"floor":11,"key":"REST"},{"data":"Catalyst","floor":15,"key":"SMITH"}],"neow_cost":"NONE","seed_source_timestamp":1567054201818815,"circlet_count":0,"master_deck":["AscendersBane","Defend_G","Defend_G","Defend_G","Defend_G+1","Defend_G","Strike_G","Survivor","Neutralize+1","PiercingWail+1","Venomology","Poisoned Stab","After Image","Deadly Poison","Catalyst+1","Corpse Explosion","Choke+1","Unload+1","Concentrate+1","Escape Plan","Escape Plan"],"relics":["Ring of the Snake","NeowsBlessing","Dodecahedron","FossilizedHelix","Unceasing Top","Incense Burner","Mango","Astrolabe"],"potions_floor_usage":[12,12,12,16,16,19,21,21],"damage_taken":[{"damage":0,"enemies":"Cultist","floor":1,"turns":1},{"damage":0,"enemies":"Lagavulin","floor":6,"turns":1},{"damage":0,"enemies":"Gremlin Nob","floor":8,"turns":1},{"damage":0,"enemies":"3 Sentries","floor":12,"turns":13},{"damage":0,"enemies":"Jaw Worm","floor":13,"turns":7},{"damage":0,"enemies":"Small Slimes","floor":14,"turns":4},{"damage":30,"enemies":"Slime Boss","floor":16,"turns":16},{"damage":4,"enemies":"3 Byrds","floor":18,"turns":4},{"damage":0,"enemies":"2 Thieves","floor":19,"turns":4},{"damage":36,"enemies":"Cultist and Chosen","floor":21,"turns":8},{"damage":37,"enemies":"Snecko","floor":22,"turns":5}],"seed_played":"-1913927266292388751","potions_obtained":[{"floor":12,"key":"Strength Potion"},{"floor":19,"key":"SneckoOil"}],"is_trial":false,"path_per_floor":["M","?","?","$","?","E","?","E","T","T","R","E","M","M","R","B",null,"M","M","?","M","M"],"character_chosen":"THE_SILENT","items_purchased":["Venomology"],"campfire_rested":1,"item_purchase_floors":[4],"current_hp_per_floor":[59,52,52,52,32,32,37,37,37,37,58,72,72,72,72,42,74,70,70,70,34,0],"gold":190,"neow_bonus":"THREE_ENEMY_KILL","is_prod":false,"is_daily":false,"chose_seed":false,"campfire_upgraded":1,"win_rate":0,"timestamp":1555383510,"path_taken":["M","?","?","$","?","E","?","E","T","?","R","E","M","?","R","BOSS","M","M","?","?","M"],"build_version":"2019-01-23","purchased_purges":1,"victory":false,"max_hp_per_floor":[66,66,66,66,66,66,71,71,71,71,71,85,85,85,85,85,85,85,85,85,85,85],"card_choices":[{"not_picked":["Heel Hook","Acrobatics"],"picked":"PiercingWail","floor":1},{"not_picked":["Bouncing Flask","PiercingWail"],"picked":"Poisoned Stab","floor":6},{"not_picked":["Eviscerate","Outmaneuver","Slice"],"picked":"SKIP","floor":8},{"not_picked":["Eviscerate","Poisoned Stab"],"picked":"After Image","floor":12},{"not_picked":["Accuracy","Cloak And Dagger"],"picked":"Deadly Poison","floor":13},{"not_picked":["Underhanded Strike","Deflect"],"picked":"Catalyst","floor":14},{"not_picked":["Bullet Time","Wraith Form v2"],"picked":"Corpse Explosion","floor":16},{"not_picked":["Prepared","Bane"],"picked":"Escape Plan","floor":18},{"not_picked":["Dagger Throw","Acrobatics"],"picked":"Escape Plan","floor":19},{"not_picked":["Blade Dance","Outmaneuver","Sucker Punch"],"picked":"SKIP","floor":21}],"player_experience":940809,"relics_obtained":[{"floor":6,"key":"Dodecahedron"},{"floor":8,"key":"FossilizedHelix"},{"floor":9,"key":"Unceasing Top"},{"floor":10,"key":"Incense Burner"},{"floor":12,"key":"Mango"}],"event_choices":[{"cards_removed":["Strike_G"],"damage_healed":0,"gold_gain":0,"player_choice":"Card Removal","damage_taken":7,"max_hp_gain":0,"max_hp_loss":0,"event_name":"Golden Wing","floor":2,"gold_loss":0},{"damage_healed":0,"gold_gain":150,"player_choice":"AGREE","damage_taken":0,"max_hp_gain":0,"max_hp_loss":0,"event_name":"Liars Game","floor":3,"gold_loss":0,"cards_obtained":["Doubt"]},{"damage_healed":0,"gold_gain":0,"player_choice":"Entered Light","damage_taken":20,"max_hp_gain":0,"max_hp_loss":0,"event_name":"Shining Light","floor":5,"gold_loss":0,"cards_upgraded":["PiercingWail","Defend_G"]},{"damage_healed":0,"gold_gain":0,"player_choice":"Donut","damage_taken":0,"max_hp_gain":5,"max_hp_loss":0,"event_name":"Big Fish","floor":7,"gold_loss":0},{"damage_healed":0,"gold_gain":0,"player_choice":"Upgrade","damage_taken":0,"max_hp_gain":0,"max_hp_loss":0,"event_name":"Designer","floor":20,"gold_loss":50,"cards_upgraded":["Neutralize"]}],"is_beta":false,"boss_relics":[{"not_picked":["Eternal Feather","Tiny House"],"picked":"Astrolabe"}],"items_purged_floors":[4],"is_endless":false,"potions_floor_spawned":[12,13,14,19],"killed_by":"Snecko","ascension_level":20}