{"gold_per_floor":[210,227,237,256,256,256,285,285,285,18,48,60,90,90,90,90],"floor_reached":16,"playtime":318,"items_purged":["Strike_R"],"score":110,"play_id":"cf1886c0-6273-46eb-be36-05709d9d999a","local_time":"20190504205604","is_ascension_mode":false,"campfire_choices":[{"data":"Uppercut","floor":6,"key":"SMITH"},{"data":"Disarm","floor":8,"key":"SMITH"},{"floor":15,"key":"REST"}],"neow_cost":"NONE","seed_source_timestamp":98205520948500,"circlet_count":0,"master_deck":["Strike_R","Strike_R","Strike_R","Strike_R","Defend_R","Defend_R","Defend_R","Defend_R","Bash","Iron Wave","Uppercut+1","Disarm+1","Disarm+1","Disarm","Battle Trance"],"relics":["Burning Blood","Question Card","Paper Frog","HandDrill","Mummified Hand","Pen Nib"],"potions_floor_usage":[11],"damage_taken":[{"damage":6,"enemies":"Cultist","floor":1,"turns":3},{"damage":12,"enemies":"2 Louse","floor":2,"turns":3},{"damage":12,"enemies":"Small Slimes","floor":3,"turns":3},{"damage":9,"enemies":"2 Fungi Beasts","floor":4,"turns":3},{"damage":15,"enemies":"Gremlin Nob","floor":7,"turns":4},{"damage":14,"enemies":"Lagavulin","floor":11,"turns":5},{"damage":8,"enemies":"Large Slime","floor":12,"turns":7},{"damage":66,"enemies":"Slime Boss","floor":16,"turns":8}],"seed_played":"-5505363418983332380","potions_obtained":[{"floor":4,"key":"AttackPotion"},{"floor":12,"key":"SmokeBomb"}],"is_trial":false,"path_per_floor":["M","M","M","M","?","R","E","R","T","$","E","M","?","?","R","B"],"character_chosen":"IRONCLAD","items_purchased":["HandDrill"],"campfire_rested":1,"item_purchase_floors":[10],"current_hp_per_floor":[80,74,68,65,65,65,56,56,56,56,48,46,46,34,58,0],"gold":90,"neow_bonus":"HUNDRED_GOLD","is_prod":false,"is_daily":false,"chose_seed":false,"campfire_upgraded":2,"win_rate":0,"timestamp":1557017764,"path_taken":["M","?","?","M","?","R","E","R","T","$","E","M","?","?","R","BOSS"],"build_version":"2019-01-23","purchased_purges":1,"victory":false,"max_hp_per_floor":[80,80,80,80,80,80,80,80,80,80,80,80,80,80,80,80],"card_choices":[{"not_picked":["Pommel Strike","Warcry"],"picked":"Iron Wave","floor":1},{"not_picked":["Hemokinesis","Thunderclap"],"picked":"Uppercut","floor":2},{"not_picked":["True Grit","Body Slam","Flex"],"picked":"SKIP","floor":3},{"not_picked":["Searing Blow","Thunderclap"],"picked":"Disarm","floor":4},{"not_picked":["Pommel Strike","Infernal Blade"],"picked":"Disarm","floor":7},{"not_picked":["Power Through","Rampage","Dual Wield"],"picked":"Disarm","floor":11},{"not_picked":["Intimidate","Armaments","Headbutt"],"picked":"Battle Trance","floor":12}],"player_experience":93061,"relics_obtained":[{"floor":7,"key":"Question Card"},{"floor":9,"key":"Paper Frog"},{"floor":11,"key":"Mummified Hand"}],"event_choices":[{"damage_healed":0,"gold_gain":0,"player_choice":"Grow","damage_taken":0,"max_hp_gain":0,"max_hp_loss":0,"event_name":"Living Wall","floor":5,"gold_loss":0,"cards_upgraded":["Disarm"]},{"damage_healed":0,"gold_gain":30,"player_choice":"Searched \u00272\u0027 times","damage_taken":0,"max_hp_gain":0,"max_hp_loss":0,"event_name":"Dead Adventurer","floor":13,"gold_loss":0},{"damage_healed":0,"gold_gain":0,"player_choice":"Success","damage_taken":12,"relics_obtained":["Pen Nib"],"max_hp_gain":0,"max_hp_loss":0,"event_name":"Scrap Ooze","floor":14,"gold_loss":0}],"is_beta":false,"boss_relics":[],"items_purged_floors":[10],"is_endless":false,"potions_floor_spawned":[4,12],"killed_by":"Slime Boss","ascension_level":0}