{"gold_per_floor":[109,119,46,321,246,246,257,269,269,269,269,289,289,300,300,398,398,412,432,463,488,152,152,152],"floor_reached":24,"playtime":974,"items_purged":["Regret","Strike_R"],"score":205,"play_id":"f3f400f9-6f2e-4101-827f-726b4f58dd04","local_time":"20181213110817","is_ascension_mode":true,"campfire_choices":[{"data":"Rampage","floor":6,"key":"SMITH"},{"data":"Bash","floor":10,"key":"SMITH"},{"data":"Rupture","floor":13,"key":"SMITH"},{"data":"Shrug It Off","floor":15,"key":"SMITH"},{"data":"Heavy Blade","floor":23,"key":"SMITH"}],"neow_cost":"NONE","seed_source_timestamp":1244987517609145,"circlet_count":0,"master_deck":["Strike_R","Strike_R","Strike_R","Strike_R","Defend_R","Defend_R","Defend_R","Defend_R","Bash+1","Inflame","Rampage+1","Offering","Shrug It Off+1","Bludgeon","Rupture+1","Shockwave+1","Entrench+1","Double Tap+1","Shockwave+1","Flex+1","Flame Barrier+1","Armaments+1","Dark Shackles+1","Heavy Blade+1"],"relics":["Burning Blood","NeowsBlessing","Toxic Egg 2","Mark of Pain","Red Mask","Art of War"],"potions_floor_usage":[16,20,24,24],"damage_taken":[{"damage":0,"enemies":"Jaw Worm","floor":1,"turns":1},{"damage":0,"enemies":"Cultist","floor":2,"turns":1},{"damage":0,"enemies":"2 Louse","floor":7,"turns":1},{"damage":6,"enemies":"Exordium Wildlife","floor":8,"turns":3},{"damage":11,"enemies":"Looter","floor":12,"turns":2},{"damage":32,"enemies":"Gremlin Gang","floor":14,"turns":5},{"damage":33,"enemies":"The Guardian","floor":16,"turns":9},{"damage":10,"enemies":"Shell Parasite","floor":18,"turns":3},{"damage":37,"enemies":"2 Thieves","floor":19,"turns":5},{"damage":30,"enemies":"Masked Bandits","floor":20,"turns":5},{"damage":25,"enemies":"Gremlin Leader","floor":24,"turns":3}],"seed_played":"194591104959452875","potions_obtained":[{"floor":7,"key":"Dexterity Potion"},{"floor":8,"key":"PowerPotion"},{"floor":16,"key":"EssenceOfSteel"},{"floor":19,"key":"Explosive Potion"}],"is_trial":false,"path_per_floor":["M","M","$","?","$","R","M","M","T","R","?","M","R","M","R","B",null,"M","M","?","T","$","R","E"],"character_chosen":"IRONCLAD","items_purchased":["Offering","Flame Barrier+1","Armaments+1","Dark Shackles+1","Heavy Blade"],"campfire_rested":0,"item_purchase_floors":[3,22,22,22,22],"current_hp_per_floor":[80,80,80,80,80,80,80,80,80,80,80,75,75,49,49,22,80,76,45,21,21,21,21,0],"gold":152,"neow_bonus":"THREE_ENEMY_KILL","is_prod":false,"is_daily":false,"chose_seed":false,"campfire_upgraded":5,"win_rate":0,"timestamp":1544666897,"path_taken":["M","M","$","?","$","R","?","M","T","R","?","?","R","M","R","BOSS","M","M","?","?","$","R","E"],"build_version":"2018-12-06","purchased_purges":2,"victory":false,"max_hp_per_floor":[80,80,80,80,80,80,80,80,80,80,80,80,80,80,80,80,80,80,80,80,80,80,80,80],"card_choices":[{"not_picked":["Clash","Sword Boomerang"],"picked":"Inflame","floor":1},{"not_picked":["Thunderclap","Sword Boomerang"],"picked":"Rampage","floor":2},{"not_picked":["Anger","Hemokinesis","Warcry"],"picked":"SKIP","floor":7},{"not_picked":["Combust","Perfected Strike"],"picked":"Shrug It Off","floor":8},{"not_picked":["Bludgeon","Spot Weakness+1"],"picked":"Shockwave+1","floor":12},{"not_picked":["Clothesline","Sever Soul"],"picked":"Entrench+1","floor":14},{"not_picked":["Juggernaut","Bludgeon"],"picked":"Double Tap+1","floor":16},{"not_picked":["Anger","Dual Wield+1"],"picked":"Shockwave+1","floor":18},{"not_picked":["Shrug It Off+1","Body Slam+1"],"picked":"Flex+1","floor":19}],"player_experience":179781,"relics_obtained":[{"floor":9,"key":"Toxic Egg 2"},{"floor":20,"key":"Red Mask"},{"floor":21,"key":"Art of War"}],"event_choices":[{"damage_healed":0,"gold_gain":275,"player_choice":"Desecrate","damage_taken":0,"max_hp_gain":0,"max_hp_loss":0,"event_name":"Golden Shrine","floor":4,"gold_loss":0,"cards_obtained":["Regret"]},{"damage_healed":0,"gold_gain":0,"player_choice":"2 cards matched","damage_taken":0,"max_hp_gain":0,"max_hp_loss":0,"event_name":"Match and Keep!","floor":11,"gold_loss":0,"cards_obtained":["Bludgeon","Rupture"]},{"damage_healed":0,"gold_gain":0,"player_choice":"Fought Bandits","damage_taken":0,"max_hp_gain":0,"max_hp_loss":0,"event_name":"Masked Bandits","floor":20,"gold_loss":0}],"is_beta":false,"boss_relics":[{"not_picked":["Empty Cage","Coffee Dripper"],"picked":"Mark of Pain"}],"items_purged_floors":[5,22],"is_endless":false,"potions_floor_spawned":[7,8,16,19],"killed_by":"Gremlin Leader","ascension_level":2}