{"gold_per_floor":[111,111,61,9,25,25,96,20,20,43,58,133,173,173,173,292,292,313,338,338,338],"floor_reached":21,"playtime":1021,"items_purged":[],"score":265,"play_id":"75a9759b-1d83-45db-9272-c893cb120dad","local_time":"20181103153800","is_ascension_mode":true,"campfire_choices":[{"data":"Conserve Battery","floor":6,"key":"SMITH"},{"floor":15,"key":"REST"}],"neow_cost":"NONE","seed_source_timestamp":340196595345019,"circlet_count":0,"master_deck":["Strike_B","Strike_B","Strike_B","Defend_B","Defend_B","Defend_B","Defend_B","Zap","Dualcast","Tempest","Conserve Battery+1","Self Repair","Capacitor","Leap","Leap","Coolheaded","Go for the Eyes","White Noise"],"relics":["FrozenCore","NeowsBlessing","Golden Idol","Tiny Chest","Nunchaku","Bird Faced Urn","Unceasing Top"],"potions_floor_usage":[11,11],"damage_taken":[{"damage":0,"enemies":"Small Slimes","floor":1,"turns":1},{"damage":0,"enemies":"2 Louse","floor":5,"turns":1},{"damage":0,"enemies":"Lagavulin","floor":7,"turns":1},{"damage":7,"enemies":"Jaw Worm","floor":10,"turns":4},{"damage":4,"enemies":"Lots of Slimes","floor":11,"turns":3},{"damage":33,"enemies":"3 Sentries","floor":13,"turns":9},{"damage":48,"enemies":"The Guardian","floor":16,"turns":17},{"damage":16,"enemies":"Chosen","floor":18,"turns":8},{"damage":12,"enemies":"Shell Parasite","floor":19,"turns":12},{"damage":18,"enemies":"Colosseum Slavers","floor":20,"turns":10},{"damage":49,"enemies":"Masked Bandits","floor":21,"turns":4}],"seed_played":"-719785935730310846","potions_obtained":[{"floor":1,"key":"FocusPotion"},{"floor":10,"key":"FearPotion"},{"floor":19,"key":"EssenceOfSteel"}],"is_trial":false,"path_per_floor":["M","?","?","$","M","R","E","$","T","M","M","?","E","T","R","B",null,"M","M","?","?"],"character_chosen":"DEFECT","items_purchased":["Block Potion","Capacitor"],"campfire_rested":1,"item_purchase_floors":[4,8],"current_hp_per_floor":[75,69,69,69,69,69,69,69,69,69,69,58,32,32,52,15,56,51,50,45,0],"gold":338,"neow_bonus":"THREE_ENEMY_KILL","is_prod":false,"is_daily":false,"chose_seed":false,"campfire_upgraded":1,"win_rate":0,"timestamp":1541255880,"path_taken":["M","?","?","$","M","R","E","?","T","M","?","?","E","?","R","BOSS","M","M","?","?"],"build_version":"2018-11-01","purchased_purges":0,"victory":false,"max_hp_per_floor":[75,69,69,69,69,69,69,69,69,69,69,69,69,69,69,69,69,69,69,69,69],"card_choices":[{"not_picked":["Genetic Algorithm","Barrage"],"picked":"Tempest","floor":1},{"not_picked":["Gash","Loop"],"picked":"Conserve Battery","floor":5},{"not_picked":["Turbo","Stack"],"picked":"Self Repair","floor":7},{"not_picked":["Seek","Sweeping Beam"],"picked":"Leap","floor":10},{"not_picked":["Barrage","Rip and Tear"],"picked":"Leap","floor":11},{"not_picked":["Fission","Undo"],"picked":"Coolheaded","floor":13},{"not_picked":["Beam Cell","Compile Driver"],"picked":"Go for the Eyes","floor":18},{"not_picked":["Barrage+1","Sweeping Beam"],"picked":"White Noise","floor":19}],"player_experience":274554,"relics_obtained":[{"floor":7,"key":"Tiny Chest"},{"floor":9,"key":"Nunchaku"},{"floor":13,"key":"Bird Faced Urn"},{"floor":14,"key":"Unceasing Top"}],"event_choices":[{"damage_healed":0,"gold_gain":0,"player_choice":"Lose Max HP","damage_taken":0,"relics_obtained":["Golden Idol"],"max_hp_gain":0,"max_hp_loss":6,"event_name":"Golden Idol","floor":2,"gold_loss":0},{"cards_removed":["Strike_B"],"damage_healed":0,"gold_gain":0,"player_choice":"Card Removal","damage_taken":0,"max_hp_gain":0,"max_hp_loss":0,"event_name":"The Cleric","floor":3,"gold_loss":50},{"damage_healed":0,"gold_gain":75,"player_choice":"Gather Gold","damage_taken":11,"max_hp_gain":0,"max_hp_loss":0,"event_name":"World of Goop","floor":12,"gold_loss":0},{"damage_healed":0,"gold_gain":0,"player_choice":"Fight","damage_taken":0,"max_hp_gain":0,"max_hp_loss":0,"event_name":"Colosseum","floor":20,"gold_loss":0},{"damage_healed":0,"gold_gain":0,"player_choice":"Fled From Nobs","damage_taken":0,"max_hp_gain":0,"max_hp_loss":0,"event_name":"Colosseum","floor":20,"gold_loss":0},{"damage_healed":0,"gold_gain":0,"player_choice":"Fought Bandits","damage_taken":0,"max_hp_gain":0,"max_hp_loss":0,"event_name":"Masked Bandits","floor":21,"gold_loss":0}],"is_beta":false,"boss_relics":[{"not_picked":["White Beast Statue","Tiny House"],"picked":"FrozenCore"}],"items_purged_floors":[],"is_endless":false,"potions_floor_spawned":[1,10,19,20],"killed_by":"Masked Bandits","ascension_level":5}