{"gold_per_floor":[113,129,129,6,26,26,101,121,121,76,76,86,86,104,104,209,209,222,122,932],"floor_reached":20,"playtime":605,"items_purged":["Strike_B","Cold Snap"],"score":189,"play_id":"41dee2cb-b4f5-4b91-9f40-bcf2c2b9b425","local_time":"20180809004313","is_ascension_mode":false,"campfire_choices":[{"data":"Sunder","floor":6,"key":"SMITH"},{"data":"Hologram","floor":13,"key":"SMITH"},{"data":"Dualcast","floor":15,"key":"SMITH"}],"neow_cost":"NONE","seed_source_timestamp":7217285730981,"circlet_count":0,"master_deck":["Defend_B","Defend_B","Defend_B","Zap+1","Dualcast+1","Ball Lightning","Sunder+1","Hologram+1","Gash","All For One"],"relics":["Cracked Core","Mummified Hand","Empty Cage"],"potions_floor_usage":[16],"damage_taken":[{"damage":3,"enemies":"Small Slimes","floor":1,"turns":2},{"damage":1,"enemies":"Jaw Worm","floor":2,"turns":2},{"damage":0,"enemies":"Cultist","floor":5,"turns":2},{"damage":0,"enemies":"Large Slime","floor":8,"turns":4},{"damage":1,"enemies":"Exordium Wildlife","floor":12,"turns":2},{"damage":8,"enemies":"Exordium Thugs","floor":14,"turns":3},{"damage":30,"enemies":"The Guardian","floor":16,"turns":11},{"damage":5,"enemies":"Chosen","floor":18,"turns":4}],"seed_played":"811456143760231022","potions_obtained":[{"floor":1,"key":"FearPotion"},{"floor":14,"key":"Regen Potion"},{"floor":16,"key":"Block Potion"},{"floor":18,"key":"LiquidBronze"}],"is_trial":false,"path_per_floor":["M","M","?","$","M","R","?","M","T","$","?","M","R","M","R","B",null,"M","$"],"character_chosen":"DEFECT","items_purchased":["Hologram","Gash"],"campfire_rested":0,"item_purchase_floors":[4,10],"current_hp_per_floor":[72,71,71,71,71,71,64,64,64,64,64,63,63,55,55,40,75,70,70,0],"gold":932,"neow_bonus":"UPGRADE_CARD","is_prod":false,"is_daily":false,"chose_seed":false,"campfire_upgraded":3,"win_rate":0,"timestamp":1533746593,"path_taken":["M","M","?","$","M","R","?","?","T","?","?","M","R","M","R","BOSS","M","$","?"],"build_version":"2018-08-02","purchased_purges":2,"victory":false,"max_hp_per_floor":[75,75,75,75,75,75,75,75,75,75,75,75,75,75,75,75,75,75,75,75],"card_choices":[{"not_picked":["Tempest","Leap"],"picked":"Ball Lightning","floor":1},{"not_picked":["Sweeping Beam","Stack"],"picked":"Sunder","floor":2},{"not_picked":["Conserve Battery","Compile Driver","Chill"],"picked":"SKIP","floor":5},{"not_picked":["Turbo","Leap","Doom and Gloom"],"picked":"SKIP","floor":8},{"not_picked":["Sunder","Conserve Battery","Double Energy"],"picked":"SKIP","floor":12},{"not_picked":["Stack","Sunder","Blizzard"],"picked":"SKIP","floor":14},{"not_picked":["Biased Cognition","Rainbow"],"picked":"All For One","floor":16},{"not_picked":["Chill","Rebound","Steam Power"],"picked":"SKIP","floor":18}],"player_experience":295148,"relics_obtained":[{"floor":9,"key":"Mummified Hand"}],"event_choices":[{"event_name":"Living Wall","player_choice":"Forget","floor":3,"damage_taken":0},{"event_name":"FaceTrader","player_choice":"Touch","floor":7,"damage_taken":0},{"event_name":"Transmorgrifier","player_choice":"Transform","floor":11,"damage_taken":0}],"is_beta":false,"boss_relics":[{"not_picked":["Cursed Key","Tiny House"],"picked":"Empty Cage"}],"items_purged_floors":[4,19],"is_endless":false,"potions_floor_spawned":[1,14,16,18],"ascension_level":0}