{"gold_per_floor":[359,117,117,117,117,117,155,155,203,203,218,368,386,429,429,522,522,541,566,566,143,143],"floor_reached":22,"playtime":663,"items_purged":["Decay"],"score":380,"play_id":"9dbd7354-1569-4628-a1e1-4bc18f724c5f","local_time":"20190423195615","is_ascension_mode":true,"campfire_choices":[{"floor":6.0,"key":"REST"},{"floor":8.0,"key":"REST"},{"data":"Zap","floor":10.0,"key":"SMITH"},{"data":"Coolheaded","floor":15.0,"key":"SMITH"}],"neow_cost":"CURSE","seed_source_timestamp":250249171246600,"circlet_count":0,"master_deck":["AscendersBane","Strike_B","Defend_B","Defend_B","Defend_B","Defend_B+1","Zap+1","Dualcast","Conserve Battery+1","Doom and Gloom","Loop","Turbo","Rebound","Go for the Eyes","Coolheaded+1","All For One","Coolheaded","Glacier","Beam Cell","Steam Power"],"special_seed":0,"relics":["Cracked Core","Golden Idol","Regal Pillow","Omamori","Pantograph","Runic Pyramid","Thread and Needle"],"potions_floor_usage":[22,22],"damage_taken":[{"damage":16.0,"enemies":"Jaw Worm","floor":1.0,"turns":4.0},{"damage":37.0,"enemies":"Gremlin Nob","floor":7.0,"turns":4.0},{"damage":7.0,"enemies":"Small Slimes","floor":11.0,"turns":3.0},{"damage":0.0,"enemies":"2 Louse","floor":13.0,"turns":2.0},{"damage":13.0,"enemies":"Lagavulin","floor":14.0,"turns":5.0},{"damage":39.0,"enemies":"Hexaghost","floor":16.0,"turns":10.0},{"damage":15.0,"enemies":"Shell Parasite","floor":18.0,"turns":6.0},{"damage":16.0,"enemies":"3 Byrds","floor":19.0,"turns":5.0},{"damage":19,"enemies":"Colosseum Slavers","floor":22,"turns":1}],"seed_played":"-2876824170136985809","potions_obtained":[{"floor":13.0,"key":"SkillPotion"},{"floor":14.0,"key":"FocusPotion"},{"floor":18.0,"key":"EssenceOfSteel"}],"is_trial":false,"path_per_floor":["M","$","?","?","?","R","E","R","T","R","M","?","M","E","R","B",null,"M","M","?","$","?"],"character_chosen":"DEFECT","items_purchased":["Doom and Gloom","Loop","Thread and Needle","Steam Power"],"campfire_rested":2,"item_purchase_floors":[2,2,21,21],"current_hp_per_floor":[48,48,41,20,20,39,2,36,36,36,29,29,29,16,16,2,49,34,18,18,18,0],"gold":143,"neow_bonus":"TWO_FIFTY_GOLD","is_prod":false,"is_daily":false,"chose_seed":false,"campfire_upgraded":2,"win_rate":0,"timestamp":1556042175,"path_taken":["M","$","?","?","?","R","E","R","T","R","M","?","M","E","R","BOSS","M","M","?","$","?"],"build_version":"2019-01-23","purchased_purges":1,"victory":false,"max_hp_per_floor":[71,71,71,71,64,64,64,64,64,64,64,64,64,64,64,64,64,64,64,64,64,64],"card_choices":[{"not_picked":["Tempest","Chaos"],"picked":"Conserve Battery","floor":1.0},{"not_picked":["Streamline","Tempest"],"picked":"Turbo","floor":7.0},{"not_picked":["Scrape","Stack"],"picked":"Rebound","floor":11.0},{"not_picked":["Redo","Aggregate"],"picked":"Go for the Eyes","floor":13.0},{"not_picked":["Compile Driver","Redo"],"picked":"Coolheaded","floor":14.0},{"not_picked":["Core Surge","Thunder Strike"],"picked":"All For One","floor":16.0},{"not_picked":["Beam Cell+1","Aggregate","Redo"],"picked":"SKIP","floor":18.0},{"not_picked":["Sweeping Beam","Ball Lightning"],"picked":"Coolheaded","floor":19.0}],"player_experience":591552,"relics_obtained":[{"floor":7.0,"key":"Regal Pillow"},{"floor":9.0,"key":"Omamori"},{"floor":14.0,"key":"Pantograph"}],"event_choices":[{"cards_removed":["Strike_B"],"damage_healed":0.0,"max_hp_gain":0.0,"max_hp_loss":0.0,"gold_gain":0.0,"event_name":"Golden Wing","player_choice":"Card Removal","floor":3.0,"gold_loss":0.0,"damage_taken":7.0},{"damage_healed":0.0,"max_hp_gain":0.0,"max_hp_loss":0.0,"gold_gain":0.0,"event_name":"Shining Light","player_choice":"Entered Light","floor":4.0,"gold_loss":0.0,"damage_taken":21.0,"cards_upgraded":["Conserve Battery","Defend_B"]},{"damage_healed":0.0,"max_hp_gain":0.0,"max_hp_loss":7.0,"gold_gain":0.0,"event_name":"Golden Idol","player_choice":"Lose Max HP","floor":5.0,"gold_loss":0.0,"damage_taken":0.0,"relics_obtained":["Golden Idol"]},{"damage_healed":0.0,"max_hp_gain":0.0,"max_hp_loss":0.0,"gold_gain":150.0,"event_name":"Liars Game","player_choice":"AGREE","floor":12.0,"gold_loss":0.0,"damage_taken":0.0,"cards_obtained":["Doubt"]},{"damage_healed":0.0,"max_hp_gain":0.0,"max_hp_loss":0.0,"gold_gain":0.0,"cards_transformed":["Strike_B","Strike_B"],"event_name":"Drug Dealer","player_choice":"Became Test Subject","floor":20.0,"gold_loss":0.0,"damage_taken":0.0,"cards_obtained":["Glacier","Beam Cell"]},{"damage_healed":0,"gold_gain":0,"player_choice":"Fight","damage_taken":0,"max_hp_gain":0,"max_hp_loss":0,"event_name":"Colosseum","floor":22,"gold_loss":0}],"is_beta":false,"boss_relics":[{"not_picked":["Empty Cage","Ectoplasm"],"picked":"Runic Pyramid"}],"items_purged_floors":[2],"is_endless":false,"potions_floor_spawned":[13,14,18,19],"killed_by":"Colosseum Slavers","ascension_level":20}