{"gold_per_floor":[112,112,112,135,135,171,171,207,207,243,264,285,285,300,300,389,389,408,408,428,447,447,447,483,483],"floor_reached":25,"playtime":1242,"items_purged":[],"score":632,"play_id":"3d2cd821-940d-4762-beca-40a604aba73f","local_time":"20190428211510","is_ascension_mode":true,"campfire_choices":[{"data":"Streamline","floor":7,"key":"SMITH"},{"data":"Defragment","floor":15,"key":"SMITH"},{"floor":23,"key":"REST"}],"neow_cost":"NONE","seed_source_timestamp":11235715718400,"circlet_count":0,"master_deck":["AscendersBane","Strike_B","Strike_B","Strike_B","Defend_B+1","Defend_B","Defend_B+1","Defend_B","Zap+1","Dualcast","Reinforced Body","Streamline+1","FTL","Ball Lightning","Hologram","Defragment+1","Rebound","Ball Lightning","Cold Snap","Core Surge","Cold Snap","Biased Cognition","BootSequence","Defragment","Conserve Battery","Undo","Self Repair","Conserve Battery","Tempest+1","Genetic Algorithm","Core Surge"],"relics":["Cracked Core","NeowsBlessing","Golden Idol","Question Card","Prayer Wheel","Happy Flower","War Paint","Orrery","Orichalcum"],"potions_floor_usage":[10,16,16,24,24],"damage_taken":[{"damage":0,"enemies":"Jaw Worm","floor":1,"turns":1},{"damage":0,"enemies":"Small Slimes","floor":4,"turns":1},{"damage":0,"enemies":"Lagavulin","floor":6,"turns":1},{"damage":35,"enemies":"3 Sentries","floor":8,"turns":10},{"damage":8,"enemies":"Gremlin Nob","floor":10,"turns":3},{"damage":0,"enemies":"Cultist","floor":11,"turns":2},{"damage":0,"enemies":"Blue Slaver","floor":12,"turns":3},{"damage":6,"enemies":"3 Louse","floor":14,"turns":3},{"damage":0,"enemies":"Slime Boss","floor":16,"turns":5},{"damage":28,"enemies":"3 Byrds","floor":18,"turns":5},{"damage":8,"enemies":"Chosen","floor":20,"turns":5},{"damage":19,"enemies":"Centurion and Healer","floor":21,"turns":9},{"damage":34,"enemies":"Book of Stabbing","floor":24,"turns":5},{"damage":11,"enemies":"Shelled Parasite and Fungi","floor":25,"turns":3}],"seed_played":"-2529788352889107660","potions_obtained":[{"floor":1,"key":"SteroidPotion"},{"floor":3,"key":"SteroidPotion"},{"floor":11,"key":"AttackPotion"},{"floor":16,"key":"FearPotion"},{"floor":21,"key":"Strength Potion"}],"is_trial":false,"path_per_floor":["M","?","?","M","?","E","R","E","T","E","M","M","?","M","R","B",null,"M","?","M","M","?","R","E","M"],"character_chosen":"DEFECT","items_purchased":[],"campfire_rested":1,"item_purchase_floors":[],"current_hp_per_floor":[64,64,64,64,64,64,64,29,29,21,21,21,26,20,20,20,57,29,29,28,16,16,36,2,0],"gold":483,"neow_bonus":"THREE_ENEMY_KILL","is_prod":false,"is_daily":false,"chose_seed":false,"campfire_upgraded":2,"win_rate":0,"timestamp":1556453710,"path_taken":["M","?","?","?","?","E","R","E","T","E","M","M","?","M","R","BOSS","M","?","?","M","?","R","E","M"],"build_version":"2019-01-23","purchased_purges":0,"victory":false,"max_hp_per_floor":[71,64,64,64,64,64,64,64,64,64,64,64,69,69,69,69,69,69,69,69,69,69,69,69,69],"card_choices":[{"not_picked":["Coolheaded","Capacitor"],"picked":"Reinforced Body","floor":1},{"not_picked":["Scrape","Chaos"],"picked":"Streamline","floor":4},{"not_picked":["Beam Cell","Coolheaded"],"picked":"FTL","floor":6},{"not_picked":["Compile Driver","Turbo","Amplify"],"picked":"Ball Lightning","floor":8},{"not_picked":["Scrape","Turbo","Gash"],"picked":"Hologram","floor":10},{"not_picked":["Doom and Gloom","Barrage","Hello World"],"picked":"Defragment","floor":11},{"not_picked":["Lockon","Chaos","Beam Cell"],"picked":"Rebound","floor":11},{"not_picked":["Steam","Chill","Conserve Battery"],"picked":"Ball Lightning","floor":12},{"not_picked":["Fusion","Steam","Go for the Eyes"],"picked":"Cold Snap","floor":12},{"not_picked":["Steam","Doom and Gloom","Beam Cell"],"picked":"Core Surge","floor":14},{"not_picked":["Rebound","Beam Cell","Gash"],"picked":"Cold Snap","floor":14},{"not_picked":["All For One","Machine Learning","Multi-Cast"],"picked":"Biased Cognition","floor":16},{"not_picked":["Ball Lightning","Rip and Tear","Fusion"],"picked":"BootSequence","floor":17},{"not_picked":["Double Energy","Storm","Beam Cell"],"picked":"Defragment","floor":17},{"not_picked":["Chaos","Barrage","Ball Lightning"],"picked":"Conserve Battery","floor":17},{"not_picked":["Streamline","Meteor Strike","Turbo"],"picked":"Undo","floor":17},{"not_picked":["Coolheaded","Ball Lightning","Cold Snap"],"picked":"Self Repair","floor":18},{"not_picked":["Auto Shields","Redo","Streamline"],"picked":"Conserve Battery","floor":18},{"not_picked":["Meteor Strike","Gash","Coolheaded+1"],"picked":"Tempest+1","floor":20},{"not_picked":["Beam Cell","Cold Snap","Compile Driver"],"picked":"Genetic Algorithm","floor":20},{"not_picked":["Tempest","Loop","Aggregate"],"picked":"Core Surge","floor":21},{"not_picked":["Beam Cell","Stack","Conserve Battery+1","Gash"],"picked":"SKIP","floor":21},{"not_picked":["Scrape","Gash","Go for the Eyes","Rebound"],"picked":"SKIP","floor":24}],"player_experience":1131688,"relics_obtained":[{"floor":6,"key":"Question Card"},{"floor":8,"key":"Prayer Wheel"},{"floor":9,"key":"Happy Flower"},{"floor":10,"key":"War Paint"},{"floor":24,"key":"Orichalcum"}],"event_choices":[{"damage_healed":0,"gold_gain":0,"player_choice":"Lose Max HP","damage_taken":0,"relics_obtained":["Golden Idol"],"max_hp_gain":0,"max_hp_loss":7,"event_name":"Golden Idol","floor":2,"gold_loss":0},{"damage_healed":0,"gold_gain":0,"player_choice":"Got Potions","damage_taken":0,"max_hp_gain":0,"max_hp_loss":0,"event_name":"Lab","floor":3,"gold_loss":0},{"damage_healed":0,"gold_gain":0,"player_choice":"Grow","damage_taken":0,"max_hp_gain":0,"max_hp_loss":0,"event_name":"Living Wall","floor":5,"gold_loss":0,"cards_upgraded":["Zap"]},{"damage_healed":0,"gold_gain":0,"player_choice":"Donut","damage_taken":0,"max_hp_gain":5,"max_hp_loss":0,"event_name":"Big Fish","floor":13,"gold_loss":0},{"cards_removed":["Strike_B"],"damage_healed":0,"gold_gain":0,"player_choice":"Purged","damage_taken":0,"max_hp_gain":0,"max_hp_loss":0,"event_name":"Purifier","floor":19,"gold_loss":0},{"damage_healed":0,"gold_gain":0,"player_choice":"Ignored","damage_taken":0,"max_hp_gain":0,"max_hp_loss":0,"event_name":"Cursed Tome","floor":22,"gold_loss":0}],"is_beta":false,"boss_relics":[{"not_picked":["Black Star","Calling Bell"],"picked":"Orrery"}],"items_purged_floors":[],"is_endless":false,"potions_floor_spawned":[1,8,11,14,16,21],"killed_by":"Shelled Parasite and Fungi","ascension_level":20}