{"gold_per_floor":[116,44,44,55,5,5,23,39,63,63,63,24,24,39,39,39],"floor_reached":16,"playtime":975,"items_purged":["Strike_G"],"score":149,"play_id":"e9967207-9b8b-4937-885c-a2c1a610044f","local_time":"20190511075138","is_ascension_mode":true,"campfire_choices":[{"data":"Neutralize","floor":6.0,"key":"SMITH"},{"data":"Dash","floor":10.0,"key":"SMITH"},{"data":"Caltrops","floor":13.0,"key":"SMITH"},{"floor":15.0,"key":"REST"}],"neow_cost":"NONE","seed_source_timestamp":539171636102563,"circlet_count":0,"master_deck":["AscendersBane","Defend_G+1","Defend_G","Defend_G","Defend_G","Defend_G","Strike_G","Strike_G","Strike_G","Strike_G","Survivor","Neutralize+1","Blade Dance+1","After Image","Calculated Gamble+1","Dash+1","Endless Agony","Caltrops+1","Deflect"],"special_seed":0,"relics":["Ring of the Snake","Smiling Mask","Oddly Smooth Stone"],"potions_floor_usage":[16,16],"damage_taken":[{"damage":4.0,"enemies":"Jaw Worm","floor":1.0,"turns":6.0},{"damage":5.0,"enemies":"2 Louse","floor":4.0,"turns":3.0},{"damage":0.0,"enemies":"Cultist","floor":7.0,"turns":4.0},{"damage":11.0,"enemies":"Exordium Wildlife","floor":8.0,"turns":5.0},{"damage":17.0,"enemies":"Gremlin Gang","floor":14.0,"turns":4.0},{"damage":38,"enemies":"Slime Boss","floor":16,"turns":8}],"seed_played":"8470582989154748200","potions_obtained":[{"floor":7.0,"key":"Weak Potion"},{"floor":14.0,"key":"Fire Potion"}],"is_trial":false,"path_per_floor":["M","$","?","M","$","R","M","M","T","R","?","$","R","M","R","B"],"character_chosen":"THE_SILENT","items_purchased":["After Image","Caltrops"],"campfire_rested":1,"item_purchase_floors":[2,12],"current_hp_per_floor":[59,59,59,54,54,54,54,43,43,43,29,29,29,12,33,0],"gold":39,"neow_bonus":"RANDOM_COMMON_RELIC","is_prod":false,"is_daily":false,"chose_seed":false,"campfire_upgraded":3,"win_rate":0,"timestamp":1557579098,"path_taken":["M","$","?","M","$","R","M","M","T","R","?","?","R","?","R","BOSS"],"build_version":"2019-01-23","purchased_purges":1,"victory":false,"max_hp_per_floor":[70,70,70,70,70,70,70,70,70,70,70,70,70,70,70,70],"card_choices":[{"not_picked":["Bane","Heel Hook"],"picked":"Blade Dance","floor":1.0},{"not_picked":["Acrobatics","Bane"],"picked":"Calculated Gamble","floor":4.0},{"not_picked":["Deflect","Predator"],"picked":"Dash","floor":7.0},{"not_picked":["Deadly Poison","Sucker Punch"],"picked":"Endless Agony","floor":8.0},{"not_picked":["Flechettes","Quick Slash"],"picked":"Deflect","floor":14.0}],"player_experience":422499,"relics_obtained":[{"floor":9.0,"key":"Oddly Smooth Stone"}],"event_choices":[{"damage_healed":0.0,"max_hp_gain":0.0,"max_hp_loss":0.0,"gold_gain":0.0,"event_name":"Living Wall","player_choice":"Grow","floor":3.0,"gold_loss":0.0,"damage_taken":0.0,"cards_upgraded":["Blade Dance"]},{"damage_healed":0.0,"max_hp_gain":0.0,"max_hp_loss":0.0,"gold_gain":0.0,"event_name":"Shining Light","player_choice":"Entered Light","floor":11.0,"gold_loss":0.0,"damage_taken":14.0,"cards_upgraded":["Calculated Gamble","Defend_G"]}],"is_beta":false,"boss_relics":[],"items_purged_floors":[5],"is_endless":false,"potions_floor_spawned":[7,14],"killed_by":"Slime Boss","ascension_level":13}