{"gold_per_floor":[113,38,313,323,338,338,349,379,417,429,441],"floor_reached":11,"playtime":311,"items_purged":[],"score":146,"play_id":"8b3251e2-5be7-4b7f-8f8d-6efc25d56ec8","local_time":"20190412001258","is_ascension_mode":true,"campfire_choices":[{"data":"Dash","floor":6,"key":"SMITH"},{"floor":10,"key":"REST"}],"neow_cost":"NONE","seed_source_timestamp":37946274944300,"circlet_count":0,"master_deck":["AscendersBane","Defend_G","Defend_G","Defend_G","Defend_G","Defend_G","Strike_G","Strike_G","Strike_G","Strike_G","Survivor","Neutralize","Dash+1","Regret","Poisoned Stab","Blur","Infinite Blades","Prepared"],"relics":["Ring of the Snake","Lantern","MawBank"],"potions_floor_usage":[7,8],"damage_taken":[{"damage":0,"enemies":"Jaw Worm","floor":1,"turns":4},{"damage":2,"enemies":"Small Slimes","floor":4,"turns":4},{"damage":2,"enemies":"Cultist","floor":5,"turns":4},{"damage":11,"enemies":"Large Slime","floor":7,"turns":9},{"damage":30,"enemies":"Lagavulin","floor":8,"turns":11},{"damage":36,"enemies":"Gremlin Nob","floor":11,"turns":4}],"seed_played":"1528408382264641792","potions_obtained":[{"floor":1,"key":"Weak Potion"},{"floor":5,"key":"Block Potion"}],"is_trial":false,"path_per_floor":["M","?","?","M","M","R","M","E","T","R","E"],"character_chosen":"THE_SILENT","items_purchased":[],"campfire_rested":1,"item_purchase_floors":[],"current_hp_per_floor":[59,59,59,57,55,55,44,14,14,33,0],"gold":441,"neow_bonus":"RANDOM_COMMON_RELIC","is_prod":false,"is_daily":false,"chose_seed":false,"campfire_upgraded":1,"win_rate":0,"timestamp":1555020778,"path_taken":["M","?","?","M","?","R","M","E","T","R","E"],"build_version":"2019-01-23","purchased_purges":0,"victory":false,"max_hp_per_floor":[66,66,66,66,66,66,66,66,66,66,66],"card_choices":[{"not_picked":["Calculated Gamble","Backflip"],"picked":"Dash","floor":1},{"not_picked":["Flying Knee","Expertise"],"picked":"Poisoned Stab","floor":4},{"not_picked":["Dodge and Roll","Riddle With Holes"],"picked":"Blur","floor":5},{"not_picked":["Deadly Poison","Bane"],"picked":"Infinite Blades","floor":7},{"not_picked":["Dagger Throw","Underhanded Strike"],"picked":"Prepared","floor":8}],"player_experience":544541,"relics_obtained":[{"floor":8,"key":"MawBank"}],"event_choices":[{"cards_removed":["Strike_G"],"damage_healed":0,"gold_gain":0,"player_choice":"Card Removal","damage_taken":0,"max_hp_gain":0,"max_hp_loss":0,"event_name":"The Cleric","floor":2,"gold_loss":75},{"damage_healed":0,"gold_gain":275,"player_choice":"Desecrate","damage_taken":0,"max_hp_gain":0,"max_hp_loss":0,"event_name":"Golden Shrine","floor":3,"gold_loss":0,"cards_obtained":["Regret"]}],"is_beta":false,"boss_relics":[],"items_purged_floors":[],"is_endless":false,"potions_floor_spawned":[1,5],"killed_by":"Gremlin Nob","ascension_level":20}