{"gold_per_floor":[115,134,153,44,44,44,119,119,142,152,227,227,241,261,261,359,359,374,225,240,240,165,165,40,69,69,69,87,104,122,137,137,137],"floor_reached":33,"playtime":1303,"items_purged":["Strike_R","Strike_R","Strike_R"],"score":336,"play_id":"8d4db5b6-e0f5-4138-86b5-2e73d903c482","local_time":"20181026210810","is_ascension_mode":true,"campfire_choices":[{"data":"Inflame","floor":6,"key":"SMITH"},{"data":"Bash","floor":8,"key":"SMITH"},{"floor":12,"key":"REST"},{"data":"Heavy Blade","floor":15,"key":"SMITH"},{"data":"Shockwave","floor":23,"key":"SMITH"},{"data":"Flex","floor":27,"key":"SMITH"},{"floor":32,"key":"REST"}],"neow_cost":"NONE","seed_source_timestamp":515616379140484,"circlet_count":0,"master_deck":["Strike_R","Defend_R","Defend_R","Defend_R","Defend_R","Bash+1","Shrug It Off","Inflame+1","Clash","Shockwave+1","Heavy Blade+1","Flame Barrier+1","Flex+1","Hemokinesis+1","Shrug It Off","Clash+1","Shrug It Off","Metallicize+1"],"relics":["Burning Blood","Strawberry","Velvet Choker","Molten Egg 2","Paper Frog"],"potions_floor_usage":[16,33,33],"damage_taken":[{"damage":15,"enemies":"Cultist","floor":1,"turns":5},{"damage":5,"enemies":"Small Slimes","floor":2,"turns":3},{"damage":23,"enemies":"Jaw Worm","floor":3,"turns":4},{"damage":14,"enemies":"2 Fungi Beasts","floor":10,"turns":4},{"damage":4,"enemies":"3 Louse","floor":13,"turns":3},{"damage":8,"enemies":"Blue Slaver","floor":14,"turns":5},{"damage":22,"enemies":"Hexaghost","floor":16,"turns":8},{"damage":19,"enemies":"3 Byrds","floor":18,"turns":7},{"damage":4,"enemies":"Shell Parasite","floor":20,"turns":3},{"damage":27,"enemies":"Book of Stabbing","floor":25,"turns":5},{"damage":18,"enemies":"Snake Plant","floor":28,"turns":2},{"damage":11,"enemies":"Centurion and Healer","floor":29,"turns":3},{"damage":10,"enemies":"Cultist and Chosen","floor":30,"turns":6},{"damage":2,"enemies":"Snecko","floor":31,"turns":3},{"damage":107,"enemies":"Automaton","floor":33,"turns":10}],"seed_played":"382984086080205724","potions_obtained":[{"floor":1,"key":"FairyPotion"},{"floor":5,"key":"Strength Potion"},{"floor":5,"key":"BloodPotion"},{"floor":16,"key":"Strength Potion"}],"is_trial":false,"path_per_floor":["M","M","M","$","?","R","?","R","T","M","?","R","M","M","R","B",null,"M","$","M","?","?","R","$","E","T","R","M","M","M","M","R"],"character_chosen":"IRONCLAD","items_purchased":["Inflame","Flex"],"campfire_rested":2,"item_purchase_floors":[4,19],"current_hp_per_floor":[79,80,63,63,63,63,55,55,62,54,43,71,73,71,71,55,95,82,82,84,84,84,84,84,63,63,63,51,46,42,46,74,0],"gold":137,"neow_bonus":"TEN_PERCENT_HP_BONUS","is_prod":false,"is_daily":false,"chose_seed":false,"campfire_upgraded":5,"win_rate":0,"timestamp":1540580890,"path_taken":["M","M","M","$","?","R","?","R","T","?","?","R","M","M","R","BOSS","M","$","M","?","?","R","?","E","T","R","?","M","M","M","R","BOSS"],"build_version":"2018-10-25v2","purchased_purges":3,"victory":false,"max_hp_per_floor":[88,88,88,88,88,88,88,88,95,95,95,95,95,95,95,95,95,95,95,95,95,95,95,95,95,95,95,95,95,95,95,95,95],"card_choices":[{"not_picked":["Rupture","Feel No Pain","Searing Blow"],"picked":"SKIP","floor":1},{"not_picked":["Sever Soul","Heavy Blade","Sword Boomerang"],"picked":"SKIP","floor":2},{"not_picked":["Sever Soul","Intimidate"],"picked":"Shrug It Off","floor":3},{"not_picked":["Headbutt","True Grit"],"picked":"Clash","floor":10},{"not_picked":["Wild Strike","Pommel Strike"],"picked":"Shockwave","floor":13},{"not_picked":["Twin Strike","Entrench"],"picked":"Heavy Blade","floor":14},{"not_picked":["Power Through","Flex"],"picked":"Flame Barrier+1","floor":18},{"not_picked":["Flex","Shrug It Off"],"picked":"Hemokinesis+1","floor":20},{"not_picked":["Shockwave","Warcry","Clothesline"],"picked":"SKIP","floor":25},{"not_picked":["Sentinel","Armaments"],"picked":"Shrug It Off","floor":28},{"not_picked":["Wild Strike+1","Pommel Strike+1"],"picked":"Clash+1","floor":29},{"not_picked":["Perfected Strike+1","Twin Strike+1"],"picked":"Shrug It Off","floor":30},{"not_picked":["Power Through","Bludgeon+1"],"picked":"Metallicize+1","floor":31}],"player_experience":252548,"relics_obtained":[{"floor":9,"key":"Strawberry"},{"floor":25,"key":"Molten Egg 2"},{"floor":26,"key":"Paper Frog"}],"event_choices":[{"damage_healed":0,"gold_gain":0,"player_choice":"Got Potions","damage_taken":0,"max_hp_gain":0,"max_hp_loss":0,"event_name":"The Lab","floor":5,"gold_loss":0},{"damage_healed":0,"gold_gain":75,"player_choice":"Touch","damage_taken":8,"max_hp_gain":0,"max_hp_loss":0,"event_name":"FaceTrader","floor":7,"gold_loss":0},{"damage_healed":0,"gold_gain":75,"player_choice":"Gather Gold","damage_taken":11,"max_hp_gain":0,"max_hp_loss":0,"event_name":"World of Goop","floor":11,"gold_loss":0},{"damage_healed":0,"gold_gain":0,"player_choice":"Ignored","damage_taken":0,"max_hp_gain":0,"max_hp_loss":0,"event_name":"The Mausoleum","floor":21,"gold_loss":0},{"cards_removed":["Strike_R"],"damage_healed":0,"gold_gain":0,"player_choice":"Gave Gold","damage_taken":0,"max_hp_gain":0,"max_hp_loss":0,"event_name":"Beggar","floor":22,"gold_loss":75}],"is_beta":false,"boss_relics":[{"not_picked":["Orrery","Pandora\u0027s Box"],"picked":"Velvet Choker"}],"items_purged_floors":[4,19,24],"is_endless":false,"potions_floor_spawned":[1,10,16,20,30,31],"killed_by":"Automaton","ascension_level":4}