{"gold_per_floor":[115,115,129,54,67,67,82,82,109,184,184,216,216,216,216,289,289,300,225,225,225,225,225],"floor_reached":23,"playtime":708,"items_purged":["Strike_B"],"score":386,"play_id":"d7e99603-ae78-42fc-8e71-3a860e9835fb","local_time":"20190410223019","is_ascension_mode":true,"campfire_choices":[{"data":"Zap","floor":6,"key":"SMITH"},{"floor":11,"key":"REST"},{"data":"Loop","floor":13,"key":"SMITH"},{"data":"Skim","floor":15,"key":"SMITH"}],"neow_cost":"NONE","seed_source_timestamp":5672183602800,"circlet_count":0,"master_deck":["AscendersBane","Defend_B+1","Defend_B","Defend_B+1","Zap+1","Dualcast+1","Skim+1","Conserve Battery","Glacier+1","Loop+1","Fission","Loop","Bite","Bite","Bite","Bite","Bite"],"relics":["Cracked Core","NeowsBlessing","War Paint","Omamori","Shuriken","Runic Pyramid","MutagenicStrength","Nilry\u0027s Codex"],"potions_floor_usage":[12,16],"damage_taken":[{"damage":0,"enemies":"2 Louse","floor":1,"turns":1},{"damage":0,"enemies":"Cultist","floor":3,"turns":1},{"damage":0,"enemies":"Small Slimes","floor":5,"turns":1},{"damage":6,"enemies":"Blue Slaver","floor":7,"turns":4},{"damage":8,"enemies":"3 Sentries","floor":12,"turns":14},{"damage":36,"enemies":"The Guardian","floor":16,"turns":18},{"damage":1,"enemies":"Chosen","floor":18,"turns":7},{"damage":50,"enemies":"Gremlin Leader","floor":23,"turns":6}],"seed_played":"-583368258177401795","potions_obtained":[{"floor":1,"key":"GamblersBrew"},{"floor":7,"key":"Swift Potion"}],"is_trial":false,"path_per_floor":["M","?","M","$","M","R","M","?","T","?","R","E","R","T","R","B",null,"M","?","?","?","?","E"],"character_chosen":"DEFECT","items_purchased":[],"campfire_rested":1,"item_purchase_floors":[],"current_hp_per_floor":[64,64,64,64,64,64,58,37,37,26,47,39,39,39,39,3,54,53,53,53,32,32,0],"gold":225,"neow_bonus":"THREE_ENEMY_KILL","is_prod":false,"is_daily":false,"chose_seed":false,"campfire_upgraded":3,"win_rate":0,"timestamp":1554928219,"path_taken":["M","?","M","$","?","R","M","?","T","?","R","E","R","?","R","BOSS","M","?","?","?","?","E"],"build_version":"2019-01-23","purchased_purges":1,"victory":false,"max_hp_per_floor":[71,71,71,71,71,71,71,71,71,71,71,71,71,71,71,71,71,71,71,71,71,49,49],"card_choices":[{"not_picked":["Scrape","Darkness"],"picked":"Skim","floor":1},{"not_picked":["Ball Lightning","Force Field"],"picked":"Conserve Battery","floor":3},{"not_picked":["Stack","Heatsinks","Lockon"],"picked":"SKIP","floor":5},{"not_picked":["Capacitor","Melter"],"picked":"Glacier","floor":7},{"not_picked":["Sweeping Beam","Heatsinks"],"picked":"Loop","floor":12},{"not_picked":["Core Surge","All For One"],"picked":"Fission","floor":16},{"not_picked":["Tempest+1","Gash+1"],"picked":"Loop","floor":18}],"player_experience":528952,"relics_obtained":[{"floor":9,"key":"War Paint"},{"floor":12,"key":"Omamori"},{"floor":14,"key":"Shuriken"},{"floor":21,"key":"Nilry\u0027s Codex"}],"event_choices":[{"cards_removed":["Strike_B"],"damage_healed":0,"gold_gain":0,"player_choice":"Offered Basic","damage_taken":0,"max_hp_gain":0,"max_hp_loss":0,"event_name":"Bonfire Elementals","floor":2,"gold_loss":0},{"damage_healed":0,"gold_gain":0,"player_choice":"Entered Light","damage_taken":21,"max_hp_gain":0,"max_hp_loss":0,"event_name":"Shining Light","floor":8,"gold_loss":0,"cards_upgraded":["Defend_B","Defend_B"]},{"damage_healed":0,"gold_gain":75,"player_choice":"Gather Gold","damage_taken":11,"max_hp_gain":0,"max_hp_loss":0,"event_name":"World of Goop","floor":10,"gold_loss":0},{"cards_removed":["Defend_B"],"damage_healed":0,"gold_gain":0,"player_choice":"Gave Gold","damage_taken":0,"max_hp_gain":0,"max_hp_loss":0,"event_name":"Beggar","floor":19,"gold_loss":75},{"damage_healed":0,"gold_gain":0,"player_choice":"Inject Mutagens","damage_taken":0,"relics_obtained":["MutagenicStrength"],"max_hp_gain":0,"max_hp_loss":0,"event_name":"Drug Dealer","floor":20,"gold_loss":0},{"damage_healed":0,"gold_gain":0,"player_choice":"Obtained Book","damage_taken":21,"max_hp_gain":0,"max_hp_loss":0,"event_name":"Cursed Tome","floor":21,"gold_loss":0},{"damage_healed":0,"gold_gain":0,"player_choice":"Became a vampire","damage_taken":0,"max_hp_gain":0,"max_hp_loss":22,"event_name":"Vampires","floor":22,"gold_loss":0,"cards_obtained":["Bite","Bite","Bite","Bite","Bite"]}],"is_beta":false,"boss_relics":[{"not_picked":["Pandora\u0027s Box","Velvet Choker"],"picked":"Runic Pyramid"}],"items_purged_floors":[4],"is_endless":false,"potions_floor_spawned":[1,7],"killed_by":"Gremlin Leader","ascension_level":19}