{"gold_per_floor":[118,68,68,84,99,99,24,24,24,41,56,56,56,66,66,167,167,186,186,205,14,29,29,29,42,42,42,74,35,35,35],"floor_reached":31,"playtime":905,"items_purged":["Regret"],"score":245,"play_id":"846222a6-8bb4-419d-b4c8-bdb58b9079f4","local_time":"20190419185401","is_ascension_mode":false,"campfire_choices":[{"data":"Zap","floor":6,"key":"SMITH"},{"data":"Thunder Strike","floor":8,"key":"SMITH"},{"data":"Streamline","floor":15,"key":"SMITH"},{"data":"Redo","floor":23,"key":"SMITH"},{"data":"Chaos","floor":27,"key":"SMITH"}],"neow_cost":"NONE","seed_source_timestamp":34016054457532,"circlet_count":0,"master_deck":["Defend_B","Defend_B","Defend_B","Defend_B","Zap+1","Dualcast","Thunder Strike+1","Steam","Ball Lightning","Rebound","Turbo","Ball Lightning","Streamline+1","Core Surge","Defragment","Hologram","Hologram+1","Redo+1","FTL","Fission","Chaos+1","Doubt","FTL","Self Repair","Writhe"],"relics":["Cracked Core","Happy Flower","Sundial","Cursed Key","Runic Capacitor","Mercury Hourglass","DataDisk"],"potions_floor_usage":[16,18,28,28,28],"damage_taken":[{"damage":10,"enemies":"2 Louse","floor":1,"turns":2},{"damage":1,"enemies":"Jaw Worm","floor":4,"turns":3},{"damage":1,"enemies":"Cultist","floor":5,"turns":3},{"damage":0,"enemies":"Looter","floor":10,"turns":2},{"damage":2,"enemies":"Large Slime","floor":11,"turns":6},{"damage":1,"enemies":"3 Louse","floor":14,"turns":3},{"damage":18,"enemies":"Hexaghost","floor":16,"turns":7},{"damage":4,"enemies":"Spheric Guardian","floor":18,"turns":3},{"damage":5,"enemies":"Chosen","floor":20,"turns":4},{"damage":9,"enemies":"3 Cultists","floor":22,"turns":4},{"damage":14,"enemies":"Centurion and Healer","floor":25,"turns":3},{"damage":35,"enemies":"Book of Stabbing","floor":28,"turns":4},{"damage":14,"enemies":"Snake Plant","floor":31,"turns":1}],"seed_played":"4282897232951374942","potions_obtained":[{"floor":1,"key":"GamblersBrew"},{"floor":4,"key":"Block Potion"},{"floor":10,"key":"SkillPotion"},{"floor":11,"key":"AttackPotion"},{"floor":16,"key":"Fruit Juice"},{"floor":25,"key":"Block Potion"}],"is_trial":false,"path_per_floor":["M","?","?","M","M","R","$","R","T","M","M","$","?","M","R","B",null,"M","?","M","$","M","R","?","M","T","R","E","$","?","M"],"character_chosen":"DEFECT","items_purchased":["Runic Capacitor","Self Repair"],"campfire_rested":0,"item_purchase_floors":[21,29],"current_hp_per_floor":[65,65,65,64,63,63,63,63,63,63,61,61,54,53,53,35,75,76,76,71,71,62,62,62,48,48,48,13,13,13,0],"gold":35,"neow_bonus":"ONE_RANDOM_RARE_CARD","is_prod":false,"is_daily":false,"chose_seed":false,"campfire_upgraded":5,"win_rate":0,"timestamp":1555671241,"path_taken":["M","?","?","M","?","R","$","R","T","M","M","$","?","M","R","BOSS","M","?","M","$","M","R","?","M","T","R","E","?","?","M"],"build_version":"2019-01-23","purchased_purges":1,"victory":false,"max_hp_per_floor":[75,75,75,75,75,75,75,75,75,75,75,75,75,75,75,75,75,80,80,80,80,80,80,80,80,80,80,80,80,80,80],"card_choices":[{"not_picked":["Double Energy","Sweeping Beam"],"picked":"Steam","floor":1},{"not_picked":["Beam Cell","Barrage"],"picked":"Ball Lightning","floor":4},{"not_picked":["Conserve Battery","Doom and Gloom"],"picked":"Rebound","floor":5},{"not_picked":["Rebound","Leap"],"picked":"Turbo","floor":10},{"not_picked":["Leap","Doom and Gloom"],"picked":"Ball Lightning","floor":11},{"not_picked":["Go for the Eyes","Melter"],"picked":"Streamline","floor":14},{"not_picked":["Hyperbeam","Thunder Strike"],"picked":"Core Surge","floor":16},{"not_picked":["Scrape+1","Sweeping Beam"],"picked":"Defragment","floor":18},{"not_picked":["Cold Snap","Streamline"],"picked":"Hologram+1","floor":20},{"not_picked":["Cold Snap","Sunder+1"],"picked":"Redo","floor":22},{"not_picked":["Static Discharge","Conserve Battery"],"picked":"Chaos","floor":25},{"not_picked":["Streamline","Hologram"],"picked":"FTL","floor":28}],"player_experience":456734,"relics_obtained":[{"floor":9,"key":"Sundial"},{"floor":28,"key":"Mercury Hourglass"}],"event_choices":[{"cards_removed":["Strike_B"],"damage_healed":0,"gold_gain":0,"player_choice":"Card Removal","damage_taken":0,"max_hp_gain":0,"max_hp_loss":0,"event_name":"The Cleric","floor":2,"gold_loss":50},{"damage_healed":0,"gold_gain":0,"player_choice":"Box","damage_taken":0,"relics_obtained":["Happy Flower"],"max_hp_gain":0,"max_hp_loss":0,"event_name":"Big Fish","floor":3,"gold_loss":0,"cards_obtained":["Regret"]},{"cards_removed":["Strike_B"],"damage_healed":0,"gold_gain":0,"player_choice":"Card Removal","damage_taken":7,"max_hp_gain":0,"max_hp_loss":0,"event_name":"Golden Wing","floor":13,"gold_loss":0},{"damage_healed":0,"gold_gain":0,"player_choice":"Read","damage_taken":0,"max_hp_gain":0,"max_hp_loss":0,"event_name":"The Library","floor":19,"gold_loss":0,"cards_obtained":["Hologram"]},{"damage_healed":0,"gold_gain":0,"cards_transformed":["Strike_B","Strike_B"],"player_choice":"Became Test Subject","damage_taken":0,"max_hp_gain":0,"max_hp_loss":0,"event_name":"Drug Dealer","floor":24,"gold_loss":0,"cards_obtained":["FTL","Fission"]},{"damage_healed":0,"gold_gain":0,"player_choice":"Opened","damage_taken":0,"relics_obtained":["DataDisk"],"max_hp_gain":0,"max_hp_loss":0,"event_name":"The Mausoleum","floor":30,"gold_loss":0,"cards_obtained":["Writhe"]}],"is_beta":false,"boss_relics":[{"not_picked":["Tiny House","Snecko Eye"],"picked":"Cursed Key"}],"items_purged_floors":[7],"is_endless":false,"potions_floor_spawned":[1,4,10,11,16,25],"killed_by":"Snake Plant","ascension_level":0}