{"gold_per_floor":[214,214,89,89,36,36,52,93,93,93,106,106,119,133,133,258,258,281,281,6,26,46,46,46],"floor_reached":24,"playtime":1096,"items_purged":["Strike_G","Injury"],"score":206,"play_id":"1020f999-4b13-4c98-9bd0-da4e9b829908","local_time":"20190501120430","is_ascension_mode":true,"campfire_choices":[{"data":"Neutralize","floor":6.0,"key":"SMITH"},{"data":"Blade Dance","floor":12.0,"key":"SMITH"},{"floor":15.0,"key":"REST"},{"data":"Infinite Blades","floor":23.0,"key":"SMITH"}],"neow_cost":"NONE","seed_source_timestamp":42077718341637,"circlet_count":0,"master_deck":["Survivor","Neutralize+1","Quick Slash+1","Blade Dance+1","Cloak And Dagger","Burst","Cloak And Dagger","Crippling Poison","Infinite Blades+1","Dagger Spray+1","Venomology","Expertise","A Thousand Cuts","Malaise","Poisoned Stab+1","Caltrops","Dodge and Roll","Unload+1","Tactician","Cloak And Dagger","Blade Dance+1","Well Laid Plans","Quick Slash+1","Dramatic Entrance+1","Dagger Throw+1"],"special_seed":0,"relics":["Ring of the Snake","Golden Idol","Bag of Marbles","Molten Egg 2","Pandora\u0027s Box"],"potions_floor_usage":[24,24],"damage_taken":[{"damage":0.0,"enemies":"Jaw Worm","floor":1.0,"turns":5.0},{"damage":0.0,"enemies":"Small Slimes","floor":7.0,"turns":2.0},{"damage":35.0,"enemies":"3 Sentries","floor":8.0,"turns":10.0},{"damage":0.0,"enemies":"2 Louse","floor":11.0,"turns":1.0},{"damage":0.0,"enemies":"Lots of Slimes","floor":13.0,"turns":3.0},{"damage":6.0,"enemies":"Red Slaver","floor":14.0,"turns":3.0},{"damage":3.0,"enemies":"Slime Boss","floor":16.0,"turns":7.0},{"damage":8.0,"enemies":"Shell Parasite","floor":18.0,"turns":4.0},{"damage":17.0,"enemies":"Chosen","floor":21.0,"turns":4.0},{"damage":23.0,"enemies":"Shelled Parasite and Fungi","floor":22.0,"turns":3.0},{"damage":25,"enemies":"Book of Stabbing","floor":24,"turns":4}],"seed_played":"2058587562389276256","potions_obtained":[{"floor":8.0,"key":"Swift Potion"},{"floor":11.0,"key":"Strength Potion"},{"floor":14.0,"key":"PowerPotion"},{"floor":16.0,"key":"GhostInAJar"},{"floor":22.0,"key":"GamblersBrew"}],"is_trial":false,"path_per_floor":["M","?","$","?","$","R","M","E","T","?","M","R","M","M","R","B",null,"M","?","$","M","M","R","E"],"character_chosen":"THE_SILENT","items_purchased":["Blade Dance","Cloak And Dagger","Well Laid Plans","Quick Slash+1","Dramatic Entrance+1"],"campfire_rested":1,"item_purchase_floors":[3,5,20,20,20],"current_hp_per_floor":[70,56,56,56,56,56,56,21,21,21,21,21,21,15,36,33,70,62,62,62,45,22,22,0],"gold":46,"neow_bonus":"HUNDRED_GOLD","is_prod":false,"is_daily":false,"chose_seed":false,"campfire_upgraded":3,"win_rate":0,"timestamp":1556683470,"path_taken":["M","?","$","?","?","R","M","E","T","?","M","R","M","?","R","BOSS","M","?","$","M","M","R","E"],"build_version":"2019-01-23","purchased_purges":2,"victory":false,"max_hp_per_floor":[70,70,70,70,70,70,70,70,70,70,70,70,70,70,70,70,70,70,70,70,70,70,70,70],"card_choices":[{"not_picked":["Terror","Deflect"],"picked":"Quick Slash","floor":1.0},{"not_picked":["Dagger Throw","Quick Slash"],"picked":"Burst","floor":7.0},{"not_picked":["Prepared","Dagger Spray"],"picked":"Cloak And Dagger","floor":8.0},{"not_picked":["Riddle With Holes+1","Terror","Deflect"],"picked":"SKIP","floor":11.0},{"not_picked":["Backstab+1","Underhanded Strike+1"],"picked":"Infinite Blades","floor":13.0},{"not_picked":["Backflip","Escape Plan"],"picked":"Dagger Spray+1","floor":14.0},{"not_picked":["Burst","Phantasmal Killer"],"picked":"Venomology","floor":16.0},{"not_picked":["Flying Knee+1","Expertise"],"picked":"Cloak And Dagger","floor":18.0},{"not_picked":["Deflect+1","Quick Slash+1"],"picked":"Dagger Throw+1","floor":21.0},{"not_picked":["Choke+1","Deadly Poison","Bouncing Flask"],"picked":"SKIP","floor":22.0}],"player_experience":474141,"relics_obtained":[{"floor":8.0,"key":"Bag of Marbles"},{"floor":9.0,"key":"Molten Egg 2"}],"event_choices":[{"damage_healed":0.0,"max_hp_gain":0.0,"max_hp_loss":0.0,"gold_gain":0.0,"event_name":"Shining Light","player_choice":"Entered Light","floor":2.0,"gold_loss":0.0,"damage_taken":14.0,"cards_upgraded":["Quick Slash","Strike_G"]},{"damage_healed":0.0,"max_hp_gain":0.0,"max_hp_loss":0.0,"gold_gain":0.0,"event_name":"Golden Idol","player_choice":"Take Wound","floor":4.0,"gold_loss":0.0,"damage_taken":0.0,"relics_obtained":["Golden Idol"],"cards_obtained":["Injury"]},{"damage_healed":0.0,"max_hp_gain":0.0,"max_hp_loss":0.0,"gold_gain":0.0,"cards_transformed":["Strike_G"],"event_name":"Transmorgrifier","player_choice":"Transformed","floor":10.0,"gold_loss":0.0,"damage_taken":0.0,"cards_obtained":["Crippling Poison"]},{"damage_healed":0.0,"max_hp_gain":0.0,"max_hp_loss":0.0,"gold_gain":0.0,"event_name":"Duplicator","player_choice":"Copied","floor":19.0,"gold_loss":0.0,"damage_taken":0.0,"cards_obtained":["Blade Dance"]}],"is_beta":false,"boss_relics":[{"not_picked":["Busted Crown","Velvet Choker"],"picked":"Pandora\u0027s Box"}],"items_purged_floors":[3,20],"is_endless":false,"potions_floor_spawned":[8,11,14,16,22],"killed_by":"Book of Stabbing","ascension_level":1}