{"gold_per_floor":[111,33,49,49,68,102,112,141,141,160,173,173,200,200,200,295,295,315,10,10,27,27,27,58,73,73,73,73,2,12,12,12,107,107,117,117,117,4,23,23,53,53,53,83,98,98,117,137,137,137,137,137,86,112,112],"floor_reached":55,"playtime":4793,"items_purged":["Defend_B+1"],"score":1071,"play_id":"fd683e7a-e871-43c9-b323-1026611600d5","local_time":"20190423215431","is_ascension_mode":true,"campfire_choices":[{"floor":12,"key":"REST"},{"data":"Loop","floor":15,"key":"SMITH"},{"data":"Multi-Cast","floor":23,"key":"SMITH"},{"data":"Barrage","floor":27,"key":"SMITH"},{"data":"Capacitor","floor":32,"key":"SMITH"},{"data":"Defragment","floor":40,"key":"SMITH"},{"floor":46,"key":"REST"},{"floor":49,"key":"RECALL"},{"data":"Blizzard","floor":52,"key":"SMITH"}],"neow_cost":"NONE","seed_source_timestamp":257615370089733,"circlet_count":0,"master_deck":["Strike_B+1","Strike_B+1","Strike_B+1","Strike_B+1","Defend_B+1","Defend_B+1","Defend_B+1","Zap","Dualcast","Cold Snap","Glacier","Loop+1","Beam Cell+1","Barrage+1","Cold Snap","Coolheaded","Chill","Machine Learning","Barrage+1","Multi-Cast+1","BootSequence","Loop+1","Cold Snap+1","Capacitor+1","Sweeping Beam+1","Echo Form","Blizzard+1","Defragment+1","Go for the Eyes+1","Stack+1","Blind","Skim","Go for the Eyes+1","Conserve Battery+1"],"relics":["Cracked Core","Vajra","Anchor","Matryoshka","Philosopher\u0027s Stone","Thread and Needle","MutagenicStrength","Orichalcum","Centennial Puzzle","Cables","Inserter","Art of War","Symbiotic Virus","Letter Opener","Bottled Tornado","Whetstone","Boot"],"potions_floor_usage":[6,21,33,35,50,55,55],"damage_taken":[{"damage":0,"enemies":"Jaw Worm","floor":1,"turns":4},{"damage":0,"enemies":"Cultist","floor":3,"turns":3},{"damage":0,"enemies":"2 Louse","floor":5,"turns":3},{"damage":36,"enemies":"Lagavulin","floor":6,"turns":8},{"damage":9,"enemies":"Large Slime","floor":7,"turns":4},{"damage":10,"enemies":"3 Sentries","floor":8,"turns":8},{"damage":0,"enemies":"Looter","floor":10,"turns":2},{"damage":0,"enemies":"Blue Slaver","floor":11,"turns":3},{"damage":10,"enemies":"Lagavulin","floor":13,"turns":7},{"damage":24,"enemies":"Hexaghost","floor":16,"turns":11},{"damage":1,"enemies":"Shell Parasite","floor":18,"turns":7},{"damage":0,"enemies":"2 Thieves","floor":21,"turns":5},{"damage":14,"enemies":"Book of Stabbing","floor":24,"turns":7},{"damage":5,"enemies":"Snecko","floor":25,"turns":5},{"damage":0,"enemies":"3 Cultists","floor":30,"turns":6},{"damage":3,"enemies":"Collector","floor":33,"turns":10},{"damage":10,"enemies":"3 Darklings","floor":35,"turns":7},{"damage":0,"enemies":"Orb Walker","floor":39,"turns":3},{"damage":2,"enemies":"Giant Head","floor":41,"turns":6},{"damage":0,"enemies":"Reptomancer","floor":44,"turns":7},{"damage":15,"enemies":"Maw","floor":45,"turns":5},{"damage":3,"enemies":"Jaw Worm Horde","floor":47,"turns":5},{"damage":2,"enemies":"4 Shapes","floor":48,"turns":4},{"damage":20,"enemies":"Awakened One","floor":50,"turns":14},{"damage":61,"enemies":"Shield and Spear","floor":54,"turns":7},{"damage":18,"enemies":"The Heart","floor":55,"turns":2}],"seed_played":"-16552363908944959","potions_obtained":[{"floor":3,"key":"Fire Potion"},{"floor":4,"key":"AttackPotion"},{"floor":4,"key":"Swift Potion"},{"floor":6,"key":"Fire Potion"},{"floor":13,"key":"FocusPotion"},{"floor":24,"key":"Swift Potion"},{"floor":25,"key":"Fire Potion"},{"floor":33,"key":"FearPotion"},{"floor":41,"key":"Energy Potion"},{"floor":47,"key":"FocusPotion"}],"is_trial":false,"path_per_floor":["M","$","M","?","M","E","M","E","T","M","M","R","E","?","R","B",null,"M","$","?","M","?","R","E","M","T","R","?","$","M","$","R","B",null,"M","T","?","$","M","R","E","?","T","E","M","R","M","M","R","B",null,"R","$","E","B"],"character_chosen":"DEFECT","items_purchased":["Glacier","Thread and Needle","Capacitor","Defragment","PowerPotion"],"campfire_rested":2,"item_purchase_floors":[2,19,29,38,53],"current_hp_per_floor":[75,75,75,75,75,39,30,20,20,20,20,44,34,39,39,15,69,68,68,68,68,68,68,54,49,49,49,49,49,49,49,49,46,77,67,67,67,67,67,67,65,65,65,65,50,76,73,71,71,51,78,78,78,17,0],"gold":112,"neow_bonus":"TEN_PERCENT_HP_BONUS","is_prod":false,"is_daily":false,"chose_seed":false,"campfire_upgraded":6,"win_rate":0,"timestamp":1556070871,"path_taken":["M","$","M","?","M","E","M","E","T","M","?","R","E","?","R","BOSS","M","$","?","M","?","R","E","M","T","R","?","?","M","?","R","BOSS","M","?","?","$","?","R","E","?","T","E","M","R","M","M","R","BOSS","R","$","E","BOSS"],"build_version":"2019-01-23","purchased_purges":1,"victory":false,"max_hp_per_floor":[82,82,82,82,82,82,82,82,82,82,82,82,82,87,87,87,87,87,87,87,87,87,87,87,87,87,87,87,87,87,87,87,87,87,87,87,87,87,87,87,87,87,87,87,87,87,87,87,87,87,87,87,87,87,87],"card_choices":[{"not_picked":["Rebound","Hologram"],"picked":"Cold Snap","floor":1},{"not_picked":["Leap","Streamline"],"picked":"Loop","floor":3},{"not_picked":["Reprogram","Leap"],"picked":"Beam Cell","floor":5},{"not_picked":["Beam Cell","Self Repair"],"picked":"Barrage","floor":6},{"not_picked":["Redo","Skim"],"picked":"Cold Snap","floor":7},{"not_picked":["Storm","Auto Shields"],"picked":"Coolheaded","floor":8},{"not_picked":["Steam","Scrape"],"picked":"Chill","floor":10},{"not_picked":["Streamline","Beam Cell"],"picked":"Machine Learning","floor":11},{"not_picked":["Cold Snap","Force Field"],"picked":"Barrage","floor":13},{"not_picked":["Fission","All For One"],"picked":"Multi-Cast","floor":16},{"not_picked":["Scrape","Turbo+1"],"picked":"BootSequence","floor":18},{"not_picked":["Coolheaded+1","Double Energy"],"picked":"Loop+1","floor":21},{"not_picked":["Stack","Cold Snap","Sunder+1"],"picked":"SKIP","floor":24},{"not_picked":["Gash","Melter"],"picked":"Cold Snap+1","floor":25},{"not_picked":["Sunder","Storm+1"],"picked":"Sweeping Beam+1","floor":30},{"not_picked":["Machine Learning","Seek"],"picked":"Echo Form","floor":33},{"not_picked":["Hello World+1","Coolheaded+1"],"picked":"Blizzard","floor":35},{"not_picked":["Rip and Tear","Rebound"],"picked":"Go for the Eyes","floor":39},{"not_picked":["Undo+1","Cold Snap"],"picked":"Stack+1","floor":41},{"not_picked":["Purity","Jack Of All Trades"],"picked":"Blind","floor":42},{"not_picked":["Undo","Compile Driver+1","Conserve Battery+1"],"picked":"SKIP","floor":44},{"not_picked":["Beam Cell","Compile Driver"],"picked":"Skim","floor":45},{"not_picked":["Stack","Compile Driver+1"],"picked":"Go for the Eyes+1","floor":47},{"not_picked":["Redo","FTL","Hologram"],"picked":"SKIP","floor":48},{"not_picked":["Barrage+1","Rip and Tear+1"],"picked":"Conserve Battery+1","floor":54}],"player_experience":204203,"relics_obtained":[{"floor":6,"key":"Vajra"},{"floor":8,"key":"Anchor"},{"floor":13,"key":"Matryoshka"},{"floor":24,"key":"Orichalcum"},{"floor":26,"key":"Centennial Puzzle"},{"floor":26,"key":"Cables"},{"floor":36,"key":"Art of War"},{"floor":36,"key":"Symbiotic Virus"},{"floor":41,"key":"Letter Opener"},{"floor":43,"key":"Bottled Tornado"},{"floor":44,"key":"Whetstone"},{"floor":54,"key":"Boot"}],"event_choices":[{"damage_healed":0,"gold_gain":0,"player_choice":"Got Potions","damage_taken":0,"max_hp_gain":0,"max_hp_loss":0,"event_name":"Lab","floor":4,"gold_loss":0},{"damage_healed":0,"gold_gain":0,"player_choice":"Donut","damage_taken":0,"max_hp_gain":5,"max_hp_loss":0,"event_name":"Big Fish","floor":14,"gold_loss":0},{"damage_healed":0,"gold_gain":0,"player_choice":"Inject Mutagens","damage_taken":0,"relics_obtained":["MutagenicStrength"],"max_hp_gain":0,"max_hp_loss":0,"event_name":"Drug Dealer","floor":20,"gold_loss":0},{"damage_healed":0,"gold_gain":0,"player_choice":"Simplicity","damage_taken":0,"max_hp_gain":0,"max_hp_loss":0,"event_name":"Back to Basics","floor":22,"gold_loss":0,"cards_upgraded":["Strike_B","Strike_B","Strike_B","Strike_B","Defend_B","Defend_B","Defend_B","Defend_B"]},{"damage_healed":0,"gold_gain":0,"player_choice":"Ignored","damage_taken":0,"max_hp_gain":0,"max_hp_loss":0,"event_name":"Beggar","floor":28,"gold_loss":0},{"damage_healed":0,"gold_gain":0,"player_choice":"Upgraded","damage_taken":0,"max_hp_gain":0,"max_hp_loss":0,"event_name":"Upgrade Shrine","floor":37,"gold_loss":0,"cards_upgraded":["Barrage"]},{"damage_healed":0,"gold_gain":0,"player_choice":"Memory 1","damage_taken":0,"max_hp_gain":0,"max_hp_loss":0,"event_name":"SensoryStone","floor":42,"gold_loss":0}],"is_beta":false,"boss_relics":[{"not_picked":["Tiny House","Calling Bell"],"picked":"Philosopher\u0027s Stone"},{"not_picked":["Fusion Hammer","FrozenCore"],"picked":"Inserter"}],"items_purged_floors":[38],"is_endless":false,"potions_floor_spawned":[3,6,10,13,24,25,30,33,41,47,48],"killed_by":"The Heart","ascension_level":8}