{"gold_per_floor":[116,116,116,133,7,40,55,66,66,94,94,109,109,125,125,222,222,239,239,6,17,33,33,33,33,33,59,59,8,8,27,27,27],"floor_reached":33,"playtime":1358,"items_purged":["Strike_G","Strike_G"],"score":525,"play_id":"730839fa-492e-4eb3-861c-96db89359d6f","local_time":"20190327220029","is_ascension_mode":true,"campfire_choices":[{"data":"Footwork","floor":11,"key":"SMITH"},{"data":"Backflip","floor":13,"key":"SMITH"},{"data":"Deadly Poison","floor":15,"key":"SMITH"},{"data":"Catalyst","floor":23,"key":"SMITH"},{"data":"Neutralize","floor":25,"key":"SMITH"},{"floor":32,"key":"REST"}],"neow_cost":"NONE","seed_source_timestamp":259471691774698,"circlet_count":0,"master_deck":["AscendersBane","Defend_G","Defend_G","Defend_G","Defend_G","Strike_G","Survivor","Neutralize+1","Bane","Footwork+1","Deadly Poison","Bane","Poisoned Stab","Deadly Poison+1","Backflip+1","Catalyst+1","Crippling Poison","Well Laid Plans+1"],"relics":["Ring of the Snake","NeowsBlessing","Sundial","Meat on the Bone","Frozen Egg 2","Velvet Choker","MutagenicStrength","Potion Belt","Prayer Wheel"],"potions_floor_usage":[10,16,22,27,33,33],"damage_taken":[{"damage":0,"enemies":"Small Slimes","floor":1,"turns":1},{"damage":0,"enemies":"2 Louse","floor":4,"turns":1},{"damage":0,"enemies":"3 Sentries","floor":6,"turns":1},{"damage":0,"enemies":"Cultist","floor":7,"turns":4},{"damage":9,"enemies":"Looter","floor":8,"turns":4},{"damage":13,"enemies":"Lagavulin","floor":10,"turns":5},{"damage":7,"enemies":"2 Fungi Beasts","floor":12,"turns":4},{"damage":4,"enemies":"Exordium Thugs","floor":14,"turns":6},{"damage":0,"enemies":"The Guardian","floor":16,"turns":8},{"damage":14,"enemies":"2 Thieves","floor":18,"turns":4},{"damage":4,"enemies":"3 Byrds","floor":21,"turns":5},{"damage":22,"enemies":"Sentry and Sphere","floor":22,"turns":5},{"damage":41,"enemies":"Gremlin Leader","floor":27,"turns":4},{"damage":14,"enemies":"Colosseum Slavers","floor":28,"turns":4},{"damage":4,"enemies":"Snake Plant","floor":31,"turns":3},{"damage":59,"enemies":"Collector","floor":33,"turns":7}],"seed_played":"6518665583359153427","potions_obtained":[{"floor":4,"key":"Fruit Juice"},{"floor":7,"key":"Weak Potion"},{"floor":21,"key":"Strength Potion"},{"floor":22,"key":"Regen Potion"},{"floor":31,"key":"GhostInAJar"}],"is_trial":false,"path_per_floor":["M","?","?","M","$","E","M","M","T","E","R","M","R","M","R","B",null,"M","?","$","M","M","R","?","R","T","E","?","$","?","M","R","B"],"character_chosen":"THE_SILENT","items_purchased":["Deadly Poison","Catalyst","Poison Potion","Fire Potion"],"campfire_rested":1,"item_purchase_floors":[5,20,20,29],"current_hp_per_floor":[63,56,56,56,56,56,56,47,47,46,46,39,39,47,47,52,69,55,55,55,51,41,41,41,41,41,24,22,22,22,30,52,0],"gold":27,"neow_bonus":"THREE_ENEMY_KILL","is_prod":false,"is_daily":false,"chose_seed":false,"campfire_upgraded":5,"win_rate":0,"timestamp":1553720429,"path_taken":["M","?","?","M","$","E","?","M","T","E","R","M","R","M","R","BOSS","M","?","$","M","M","R","?","R","T","E","?","$","?","M","R","BOSS"],"build_version":"2019-01-23","purchased_purges":2,"victory":false,"max_hp_per_floor":[70,70,70,70,70,70,70,70,70,70,70,70,70,70,70,75,75,75,75,75,75,75,75,75,75,75,75,75,75,75,75,75,75],"card_choices":[{"not_picked":["Flying Knee","Well Laid Plans"],"picked":"Bane","floor":1},{"not_picked":["Accuracy","Masterful Stab"],"picked":"Footwork","floor":4},{"not_picked":["Heel Hook","Caltrops"],"picked":"Bane","floor":6},{"not_picked":["Prepared","PiercingWail","Outmaneuver"],"picked":"SKIP","floor":7},{"not_picked":["Infinite Blades","Bane"],"picked":"Poisoned Stab","floor":8},{"not_picked":["Storm of Steel","Sucker Punch"],"picked":"Deadly Poison","floor":10},{"not_picked":["Slice","Flying Knee"],"picked":"Backflip","floor":12},{"not_picked":["All Out Attack","Cloak And Dagger","Outmaneuver"],"picked":"SKIP","floor":14},{"not_picked":["Tactician","All Out Attack","Bane"],"picked":"SKIP","floor":18},{"not_picked":["Backflip","All Out Attack","Cloak And Dagger"],"picked":"SKIP","floor":21},{"not_picked":["Terror","Sucker Punch","Escape Plan"],"picked":"SKIP","floor":22},{"not_picked":["Bane","PiercingWail"],"picked":"Crippling Poison","floor":27},{"not_picked":["Masterful Stab","Choke"],"picked":"Well Laid Plans+1","floor":31},{"not_picked":["Terror","Concentrate","Predator"],"picked":"SKIP","floor":31}],"player_experience":387931,"relics_obtained":[{"floor":6,"key":"Sundial"},{"floor":9,"key":"Meat on the Bone"},{"floor":10,"key":"Frozen Egg 2"},{"floor":26,"key":"Potion Belt"},{"floor":27,"key":"Prayer Wheel"}],"event_choices":[{"cards_removed":["Strike_G"],"damage_healed":0,"gold_gain":0,"player_choice":"Card Removal","damage_taken":7,"max_hp_gain":0,"max_hp_loss":0,"event_name":"Golden Wing","floor":2,"gold_loss":0},{"cards_removed":["Defend_G"],"damage_healed":0,"gold_gain":0,"player_choice":"Purged","damage_taken":0,"max_hp_gain":0,"max_hp_loss":0,"event_name":"Purifier","floor":3,"gold_loss":0},{"damage_healed":0,"gold_gain":0,"player_choice":"Inject Mutagens","damage_taken":0,"relics_obtained":["MutagenicStrength"],"max_hp_gain":0,"max_hp_loss":0,"event_name":"Drug Dealer","floor":19,"gold_loss":0},{"damage_healed":0,"gold_gain":0,"player_choice":"Ignored","damage_taken":0,"max_hp_gain":0,"max_hp_loss":0,"event_name":"The Mausoleum","floor":24,"gold_loss":0},{"damage_healed":0,"gold_gain":0,"player_choice":"Fight","damage_taken":0,"max_hp_gain":0,"max_hp_loss":0,"event_name":"Colosseum","floor":28,"gold_loss":0},{"damage_healed":0,"gold_gain":0,"player_choice":"Fled From Nobs","damage_taken":0,"max_hp_gain":0,"max_hp_loss":0,"event_name":"Colosseum","floor":28,"gold_loss":0},{"cards_removed":["Strike_G"],"damage_healed":0,"gold_gain":0,"player_choice":"Purged","damage_taken":0,"max_hp_gain":0,"max_hp_loss":0,"event_name":"Purifier","floor":30,"gold_loss":0}],"is_beta":false,"boss_relics":[{"not_picked":["Coffee Dripper","Empty Cage"],"picked":"Velvet Choker"}],"items_purged_floors":[5,20],"is_endless":false,"potions_floor_spawned":[4,7,14,21,22,31],"killed_by":"Collector","ascension_level":10}