{"gold_per_floor":[109,184,184,334,334,369,369,24,94,129,129,141,170,170,170,245,245,245,245,3,3,3,3,3],"floor_reached":24,"playtime":581,"items_purged":[],"score":503,"play_id":"4db6fb80-c877-4631-bb88-c91cd185d0f9","local_time":"20190409232755","is_ascension_mode":true,"campfire_choices":[{"data":"Streamline","floor":7,"key":"SMITH"},{"floor":15,"key":"REST"},{"data":"RitualDagger","floor":23,"key":"SMITH"}],"neow_cost":"NONE","seed_source_timestamp":864581264438500,"circlet_count":0,"master_deck":["AscendersBane","Strike_B","Strike_B","Strike_B+1","Defend_B","Defend_B","Defend_B+1","Defend_B","Zap","Dualcast","Streamline+1","Doubt","Rebound","Self Repair+1","Streamline","FTL","Creative AI+1","Blizzard","Coolheaded+1","Amplify+1","Rebound","Ghostly+1","Ghostly+1","Ghostly+1","White Noise+1","RitualDagger+1"],"special_seed":0,"relics":["Cracked Core","NeowsBlessing","Frozen Egg 2","Toxic Egg 2","Shuriken","Orichalcum","Omamori","Dream Catcher","Ectoplasm","Bag of Preparation"],"potions_floor_usage":[18,24],"damage_taken":[{"damage":0.0,"enemies":"Jaw Worm","floor":1.0,"turns":1.0},{"damage":0,"enemies":"3 Sentries","floor":6,"turns":2},{"damage":0,"enemies":"Lagavulin","floor":10,"turns":1},{"damage":0,"enemies":"2 Louse","floor":12,"turns":2},{"damage":20,"enemies":"Gremlin Nob","floor":13,"turns":4},{"damage":32,"enemies":"Hexaghost","floor":16,"turns":9},{"damage":28,"enemies":"Chosen","floor":18,"turns":4},{"damage":6,"enemies":"Shell Parasite","floor":21,"turns":5},{"damage":31,"enemies":"Slavers","floor":24,"turns":4}],"seed_played":"2520283864891424801","potions_obtained":[{"floor":6,"key":"Dexterity Potion"},{"floor":13,"key":"Fire Potion"},{"floor":16,"key":"Swift Potion"}],"is_trial":false,"path_per_floor":["M","?","?","?","$","E","R","$","T","E","?","M","E","?","R","B",null,"M","?","$","M","?","R","E"],"character_chosen":"DEFECT","items_purchased":["Toxic Egg 2","Self Repair+1","White Noise+1","Bag of Preparation"],"campfire_rested":1,"item_purchase_floors":[8,8,20,20],"current_hp_per_floor":[64,53,32,32,32,32,32,32,32,32,32,42,32,32,53,31,61,43,35,35,35,29,29,0],"gold":3,"neow_bonus":"THREE_ENEMY_KILL","is_prod":false,"is_daily":false,"chose_seed":false,"campfire_upgraded":2,"win_rate":0,"timestamp":1554845275,"path_taken":["M","?","?","?","$","E","R","$","T","E","?","?","E","?","R","BOSS","M","?","$","M","?","R","E"],"build_version":"2019-01-23","purchased_purges":0,"victory":false,"max_hp_per_floor":[71,71,71,71,71,71,71,71,71,71,71,71,71,71,71,71,71,71,35,35,35,35,35,35],"card_choices":[{"not_picked":["Barrage","Ball Lightning"],"picked":"Streamline","floor":1.0},{"not_picked":["All For One","Coolheaded"],"picked":"Rebound","floor":6},{"not_picked":["Core Surge","Barrage"],"picked":"Streamline","floor":10},{"not_picked":["Redo+1","Compile Driver"],"picked":"FTL","floor":12},{"not_picked":["Gash","Doom and Gloom"],"picked":"Creative AI+1","floor":13},{"not_picked":["Gash","Consume+1"],"picked":"Coolheaded+1","floor":15},{"not_picked":["Multi-Cast+1","Biased Cognition+1"],"picked":"Amplify+1","floor":16},{"not_picked":["Steam Power+1","Turbo+1"],"picked":"Rebound","floor":18},{"not_picked":["Compile Driver","Rip and Tear","Go for the Eyes"],"picked":"SKIP","floor":21}],"player_experience":527804,"relics_obtained":[{"floor":6,"key":"Frozen Egg 2"},{"floor":9,"key":"Shuriken"},{"floor":10,"key":"Orichalcum"},{"floor":13,"key":"Dream Catcher"}],"event_choices":[{"damage_healed":0.0,"max_hp_gain":0.0,"max_hp_loss":0.0,"gold_gain":75.0,"event_name":"World of Goop","player_choice":"Gather Gold","floor":2.0,"gold_loss":0.0,"damage_taken":11.0},{"damage_healed":0.0,"max_hp_gain":0.0,"max_hp_loss":0.0,"gold_gain":0.0,"event_name":"Shining Light","player_choice":"Entered Light","floor":3.0,"gold_loss":0.0,"damage_taken":21.0,"cards_upgraded":["Strike_B","Defend_B"]},{"damage_healed":0.0,"max_hp_gain":0.0,"max_hp_loss":0.0,"gold_gain":150.0,"event_name":"Liars Game","player_choice":"AGREE","floor":4.0,"gold_loss":0.0,"damage_taken":0.0,"cards_obtained":["Doubt"]},{"damage_healed":0,"gold_gain":0,"player_choice":"Gave Potion","damage_taken":0,"relics_obtained":["Omamori"],"max_hp_gain":0,"max_hp_loss":0,"event_name":"WeMeetAgain","floor":11,"gold_loss":0},{"damage_healed":0,"gold_gain":0,"cards_transformed":["Strike_B"],"player_choice":"Transformed","damage_taken":0,"max_hp_gain":0,"max_hp_loss":0,"event_name":"Transmorgrifier","floor":14,"gold_loss":0,"cards_obtained":["Blizzard"]},{"damage_healed":0,"gold_gain":0,"player_choice":"Became a Ghost","damage_taken":0,"max_hp_gain":0,"max_hp_loss":36,"event_name":"Ghosts","floor":19,"gold_loss":0,"cards_obtained":["Ghostly","Ghostly","Ghostly"]},{"damage_healed":0,"gold_gain":0,"player_choice":"Joined the Cult","damage_taken":6,"max_hp_gain":0,"max_hp_loss":0,"event_name":"Nest","floor":22,"gold_loss":0,"cards_obtained":["RitualDagger"]}],"is_beta":false,"boss_relics":[{"not_picked":["Velvet Choker","Runic Dome"],"picked":"Ectoplasm"}],"items_purged_floors":[],"is_endless":false,"potions_floor_spawned":[6,13,16],"killed_by":"Slavers","ascension_level":19}