{"path_per_floor":["M","M","M","$","M","R","E","?","T","?","R","E","M","$","R","B",null,"M","M","M","$","M","E","R"],"character_chosen":"THE_SILENT","items_purchased":["Backflip","Noxious Fumes","Apotheosis"],"gold_per_floor":[114,134,153,29,45,45,77,77,122,197,197,226,242,142,142,247,247,262,274,284,4,21,81,81,81],"floor_reached":25,"campfire_rested":3,"playtime":1775,"item_purchase_floors":[4,21,21],"current_hp_per_floor":[63,62,61,61,55,55,48,45,45,34,55,33,33,33,54,37,70,50,42,42,42,31,15,36,0],"items_purged":["Strike_G","Strike_G"],"gold":81,"score":245,"play_id":"f03af840-3870-4683-9780-fc1dc00bdddf","local_time":"20180613222754","is_prod":false,"is_daily":false,"chose_seed":false,"is_ascension_mode":true,"campfire_upgraded":1,"win_rate":0,"timestamp":1528946874,"campfire_choices":[{"data":"Bouncing Flask","floor":6,"key":"SMITH"},{"floor":11,"key":"REST"},{"floor":15,"key":"REST"},{"floor":24,"key":"REST"}],"path_taken":["M","M","M","$","M","R","E","?","T","?","R","E","M","$","R","BOSS","M","M","?","$","M","E","R","E"],"build_version":"2018-06-07v3","seed_source_timestamp":11216073615152,"purchased_purges":2,"victory":false,"master_deck":["Defend_G","Defend_G","Defend_G","Defend_G","Defend_G","Strike_G","Strike_G","Strike_G","Survivor","Neutralize","Deadly Poison","Bane","Slice","Bane","Quick Slash","Slice","Escape Plan","Backflip","Bouncing Flask+1","Deadly Poison","Deflect","Adrenaline","Crippling Poison+1","Bouncing Flask+1","Dagger Spray+1","Noxious Fumes","Apotheosis","Footwork"],"max_hp_per_floor":[70,70,70,70,70,70,70,70,70,70,70,70,70,70,70,70,70,70,70,70,70,70,70,70,70],"relics":["Orrery","Kunai","Boot","Orichalcum","Shovel","Cursed Key","Tiny Chest"],"card_choices":[{"not_picked":["Leg Sweep","Predator"],"picked":"Deadly Poison","floor":0},{"not_picked":["Acrobatics","Sucker Punch"],"picked":"Bane","floor":0},{"not_picked":["All Out Attack","Bane"],"picked":"Slice","floor":0},{"not_picked":["Dagger Throw","Poisoned Stab"],"picked":"Bane","floor":0},{"not_picked":["Reflex","Predator"],"picked":"Quick Slash","floor":0},{"not_picked":["Underhanded Strike","Prepared"],"picked":"Slice","floor":1},{"not_picked":["Malaise","Doppelganger","Prepared"],"picked":"SKIP","floor":2},{"not_picked":["Well Laid Plans","Flying Knee"],"picked":"Escape Plan","floor":3},{"not_picked":["Malaise","Quick Slash"],"picked":"Bouncing Flask","floor":5},{"not_picked":["Heel Hook","Flying Knee"],"picked":"Deadly Poison","floor":7},{"not_picked":["Flying Knee","Choke"],"picked":"Deflect","floor":12},{"not_picked":["Poisoned Stab","Prepared","Dagger Spray"],"picked":"SKIP","floor":13},{"not_picked":["Burst","Phantasmal Killer"],"picked":"Adrenaline","floor":16},{"not_picked":["Dagger Throw","Quick Slash+1"],"picked":"Crippling Poison+1","floor":18},{"not_picked":["Poisoned Stab","Infinite Blades"],"picked":"Bouncing Flask+1","floor":19},{"not_picked":["Deflect+1","Riddle With Holes"],"picked":"Dagger Spray+1","floor":20},{"not_picked":["Underhanded Strike+1","Infinite Blades","Storm of Steel"],"picked":"SKIP","floor":22},{"not_picked":["Venomology","Leg Sweep"],"picked":"Footwork","floor":23}],"player_experience":107362,"potions_floor_usage":[7,16,16,18,23],"damage_taken":[{"damage":7,"enemies":"Jaw Worm","floor":1,"turns":4},{"damage":1,"enemies":"2 Louse","floor":2,"turns":2},{"damage":1,"enemies":"Cultist","floor":3,"turns":3},{"damage":6,"enemies":"Blue Slaver","floor":5,"turns":4},{"damage":7,"enemies":"Gremlin Nob","floor":7,"turns":4},{"damage":22,"enemies":"Lagavulin","floor":12,"turns":4},{"damage":0,"enemies":"2 Fungi Beasts","floor":13,"turns":2},{"damage":17,"enemies":"Slime Boss","floor":16,"turns":10},{"damage":20,"enemies":"Chosen","floor":18,"turns":5},{"damage":8,"enemies":"Spheric Guardian","floor":19,"turns":4},{"damage":0,"enemies":"Cultist and Chosen","floor":20,"turns":5},{"damage":11,"enemies":"Centurion and Healer","floor":22,"turns":5},{"damage":16,"enemies":"Slavers","floor":23,"turns":5},{"damage":44,"enemies":"Gremlin Leader","floor":25,"turns":4}],"relics_obtained":[{"floor":7,"key":"Kunai"},{"floor":9,"key":"Orichalcum"},{"floor":12,"key":"Shovel"},{"floor":23,"key":"Tiny Chest"}],"event_choices":[{"event_name":"Scrap Ooze","player_choice":"success","floor":8,"damage_taken":3},{"event_name":"World of Goop","player_choice":"Gather Gold","floor":10,"damage_taken":0}],"boss_relics":[{"not_picked":["Black Star","Velvet Choker"],"picked":"Cursed Key"}],"items_purged_floors":[4,14],"potions_floor_spawned":[3,5,7,16,22],"seed_played":"-3192286666423980943","killed_by":"Gremlin Leader","ascension_level":1,"potions_obtained":[{"floor":3,"key":"GhostInAJar"},{"floor":5,"key":"SpeedPotion"},{"floor":7,"key":"GamblersBrew"},{"floor":16,"key":"Energy Potion"},{"floor":22,"key":"EssenceOfSteel"}],"is_trial":false}