{"gold_per_floor":[109,120,120,134,151,151,167,167,167,196,121,121,21,33,33,33],"floor_reached":16,"playtime":949,"items_purged":["Defend_G","Strike_G"],"score":112,"play_id":"285da449-7719-4201-8cbe-16d0fe579294","local_time":"20190104135438","is_ascension_mode":true,"campfire_choices":[{"data":"Neutralize","floor":6,"key":"SMITH"},{"data":"Adrenaline","floor":12,"key":"SMITH"},{"data":"Survivor","floor":15,"key":"SMITH"}],"neow_cost":"NONE","seed_source_timestamp":9814870736291,"circlet_count":0,"master_deck":["Defend_G","Defend_G","Defend_G+1","Defend_G+1","Strike_G","Strike_G","Strike_G","Survivor+1","Neutralize+1","Leg Sweep","Acrobatics","Calculated Gamble","Adrenaline+1"],"relics":["Ring of the Snake","Singing Bowl","Ornamental Fan"],"potions_floor_usage":[7,10,10,16],"damage_taken":[{"damage":6,"enemies":"Jaw Worm","floor":1,"turns":10},{"damage":0,"enemies":"2 Louse","floor":2,"turns":4},{"damage":0,"enemies":"Small Slimes","floor":4,"turns":5},{"damage":0,"enemies":"Blue Slaver","floor":5,"turns":7},{"damage":0,"enemies":"3 Louse","floor":7,"turns":4},{"damage":9,"enemies":"3 Sentries","floor":10,"turns":8},{"damage":0,"enemies":"2 Fungi Beasts","floor":14,"turns":5},{"damage":45,"enemies":"Hexaghost","floor":16,"turns":16}],"seed_played":"-2310673585646288813","potions_obtained":[{"floor":1,"key":"Block Potion"},{"floor":2,"key":"PowerPotion"},{"floor":7,"key":"Poison Potion"},{"floor":14,"key":"Weak Potion"}],"is_trial":false,"path_per_floor":["M","M","?","M","M","R","M","?","T","E","$","R","$","M","R","B"],"character_chosen":"THE_SILENT","items_purchased":[],"campfire_rested":0,"item_purchase_floors":[],"current_hp_per_floor":[64,64,50,50,50,50,50,50,50,41,41,41,41,43,43,0],"gold":33,"neow_bonus":"THREE_CARDS","is_prod":false,"is_daily":false,"chose_seed":false,"campfire_upgraded":3,"win_rate":0,"timestamp":1546581278,"path_taken":["M","M","?","M","M","R","M","?","T","E","?","R","$","M","R","BOSS"],"build_version":"2019-01-03v3","purchased_purges":2,"victory":false,"max_hp_per_floor":[70,70,70,70,70,70,70,70,70,70,70,70,70,72,72,72],"card_choices":[{"not_picked":["Noxious Fumes","Backflip"],"picked":"Leg Sweep","floor":1},{"not_picked":["Underhanded Strike","Escape Plan"],"picked":"Acrobatics","floor":2},{"not_picked":["Underhanded Strike","Quick Slash"],"picked":"Calculated Gamble","floor":4},{"not_picked":["Infinite Blades","Expertise","Underhanded Strike"],"picked":"SKIP","floor":5},{"not_picked":["Dagger Spray","Calculated Gamble","Concentrate"],"picked":"SKIP","floor":7},{"not_picked":["Blade Dance","Backflip"],"picked":"Adrenaline","floor":10},{"not_picked":["Infinite Blades","Crippling Poison","Eviscerate"],"picked":"Singing Bowl","floor":14}],"player_experience":378571,"relics_obtained":[{"floor":9,"key":"Singing Bowl"},{"floor":10,"key":"Ornamental Fan"}],"event_choices":[{"damage_healed":0,"gold_gain":0,"player_choice":"Entered Light","damage_taken":14,"max_hp_gain":0,"max_hp_loss":0,"event_name":"Shining Light","floor":3,"gold_loss":0,"cards_upgraded":["Defend_G","Defend_G"]},{"cards_removed":["Strike_G"],"damage_healed":0,"gold_gain":0,"player_choice":"Forget","damage_taken":0,"max_hp_gain":0,"max_hp_loss":0,"event_name":"Living Wall","floor":8,"gold_loss":0}],"is_beta":false,"boss_relics":[],"items_purged_floors":[11,13],"is_endless":false,"potions_floor_spawned":[1,2,7,14],"killed_by":"Hexaghost","ascension_level":2}