{"gold_per_floor":[112,112,41,41,60,96,117,117,117,66,99,99,140,154,154,280,280,299,46,46,90,140,181,181,219,219,238,256,274,274,292,292,394,394,405,405,182,194,213,213,223,257,257,3,3,15,31,63,63,63],"floor_reached":50,"playtime":3427,"items_purged":["Bash","Parasite"],"score":763,"play_id":"c6fead4d-4c2f-49ff-b39d-ed72781d7bf9","local_time":"20190422112629","is_ascension_mode":true,"campfire_choices":[{"data":"Shockwave","floor":8,"key":"SMITH"},{"data":"Heavy Blade","floor":12,"key":"SMITH"},{"data":"Heavy Blade","floor":15,"key":"SMITH"},{"data":"Flex","floor":24,"key":"SMITH"},{"data":"True Grit","floor":32,"key":"SMITH"},{"data":"Flex","floor":40,"key":"SMITH"},{"floor":45,"key":"REST"},{"floor":49,"key":"REST"}],"neow_cost":"NONE","seed_source_timestamp":914345155937180,"circlet_count":0,"master_deck":["Strike_R","Strike_R+1","Strike_R","Strike_R","Defend_R","Defend_R","Defend_R","Defend_R","Iron Wave+1","Shockwave+1","Rage","Heavy Blade+1","Shrug It Off","Flex+1","Flex+1","Heavy Blade+1","Immolate","Anger","Shrug It Off","Flex","Reaper","Metallicize","Ghostly Armor+1","True Grit+1","Anger","Impervious","Anger+1","Rage+1","Inflame","Inflame+1"],"relics":["Black Blood","NeowsBlessing","Bloody Idol","Anchor","Gremlin Horn","Kunai","Nunchaku","Incense Burner","ClockworkSouvenir","Red Mask","Happy Flower","Red Skull","Dead Branch","Lizard Tail","Bag of Marbles","Blue Candle","Whetstone","Sundial"],"potions_floor_usage":[23,33,42,50,50,50,50,50,50],"damage_taken":[{"damage":0,"enemies":"Jaw Worm","floor":1,"turns":1},{"damage":0,"enemies":"2 Louse","floor":5,"turns":1},{"damage":0,"enemies":"3 Sentries","floor":6,"turns":2},{"damage":0,"enemies":"Cultist","floor":7,"turns":4},{"damage":12,"enemies":"Gremlin Nob","floor":11,"turns":4},{"damage":24,"enemies":"Lagavulin","floor":13,"turns":6},{"damage":0,"enemies":"3 Louse","floor":14,"turns":3},{"damage":29,"enemies":"Hexaghost","floor":16,"turns":11},{"damage":17,"enemies":"3 Byrds","floor":18,"turns":7},{"damage":0,"enemies":"Masked Bandits","floor":21,"turns":3},{"damage":10,"enemies":"Gremlin Leader","floor":23,"turns":9},{"damage":23,"enemies":"Book of Stabbing","floor":25,"turns":5},{"damage":0,"enemies":"Shell Parasite","floor":27,"turns":3},{"damage":0,"enemies":"Shelled Parasite and Fungi","floor":28,"turns":2},{"damage":26,"enemies":"Snecko","floor":29,"turns":7},{"damage":11,"enemies":"Cultist and Chosen","floor":31,"turns":6},{"damage":49,"enemies":"Collector","floor":33,"turns":8},{"damage":0,"enemies":"3 Shapes","floor":35,"turns":4},{"damage":0,"enemies":"Orb Walker","floor":38,"turns":5},{"damage":51,"enemies":"Writhing Mass","floor":39,"turns":11},{"damage":12,"enemies":"Maw","floor":41,"turns":7},{"damage":81,"enemies":"Reptomancer","floor":42,"turns":8},{"damage":4,"enemies":"Jaw Worm Horde","floor":46,"turns":4},{"damage":20,"enemies":"4 Shapes","floor":47,"turns":4},{"damage":54,"enemies":"Giant Head","floor":48,"turns":8},{"damage":96,"enemies":"Time Eater","floor":50,"turns":12}],"seed_played":"3151077557371660708","potions_obtained":[{"floor":1,"key":"Weak Potion"},{"floor":7,"key":"AttackPotion"},{"floor":16,"key":"SkillPotion"},{"floor":27,"key":"PowerPotion"},{"floor":28,"key":"SpeedPotion"},{"floor":38,"key":"LiquidBronze"},{"floor":48,"key":"EntropicBrew"}],"is_trial":false,"path_per_floor":["M","?","$","?","M","E","M","R","T","$","E","R","E","M","R","B",null,"M","$","?","?","?","E","R","E","T","M","M","M","?","M","R","B",null,"M","?","$","M","M","R","M","E","T","$","R","M","M","E","R","B"],"character_chosen":"IRONCLAD","items_purchased":["Shockwave","Flex","ClockworkSouvenir","Shrug It Off","Bag of Marbles","Whetstone"],"campfire_rested":2,"item_purchase_floors":[3,10,19,19,37,44],"current_hp_per_floor":[80,74,74,67,73,74,74,74,74,74,68,68,50,56,56,33,64,57,57,57,67,67,67,67,54,54,64,74,70,70,74,74,44,67,74,74,74,74,38,38,55,26,26,26,47,70,71,32,53,0],"gold":63,"neow_bonus":"THREE_ENEMY_KILL","is_prod":false,"is_daily":false,"chose_seed":false,"campfire_upgraded":6,"win_rate":0,"timestamp":1555925189,"path_taken":["M","?","$","?","M","E","M","R","T","?","E","R","E","M","R","BOSS","M","$","?","?","?","E","R","E","T","?","M","M","?","M","R","BOSS","M","?","$","?","?","R","M","E","T","?","R","M","M","E","R","BOSS"],"build_version":"2019-01-23","purchased_purges":2,"victory":false,"max_hp_per_floor":[80,74,74,74,74,74,74,74,74,74,74,74,74,74,74,74,74,74,74,74,74,74,74,74,74,74,74,74,74,74,74,74,74,74,74,74,74,74,74,74,74,74,74,71,71,71,71,71,71,71],"card_choices":[{"not_picked":["Second Wind","Searing Blow"],"picked":"Iron Wave","floor":1},{"not_picked":["Clothesline","Wild Strike"],"picked":"Rage","floor":5},{"not_picked":["Searing Blow","Iron Wave"],"picked":"Heavy Blade","floor":6},{"not_picked":["Flex","Iron Wave"],"picked":"Shrug It Off","floor":7},{"not_picked":["Thunderclap","Limit Break"],"picked":"Flex","floor":11},{"not_picked":["Hemokinesis","Sword Boomerang","Clothesline"],"picked":"SKIP","floor":13},{"not_picked":["Warcry","True Grit","Heavy Blade"],"picked":"SKIP","floor":14},{"not_picked":["Warcry","True Grit"],"picked":"Heavy Blade","floor":14},{"not_picked":["Berserk","Barricade"],"picked":"Immolate","floor":16},{"not_picked":["Thunderclap","Body Slam+1"],"picked":"Anger","floor":18},{"not_picked":["Havoc","Burning Pact"],"picked":"Flex","floor":21},{"not_picked":["Clothesline","Reckless Charge"],"picked":"Reaper","floor":23},{"not_picked":["Rupture","Flame Barrier"],"picked":"Metallicize","floor":25},{"not_picked":["Cleave+1","Twin Strike","Pummel"],"picked":"SKIP","floor":27},{"not_picked":["Armaments","Cleave+1"],"picked":"Ghostly Armor+1","floor":28},{"not_picked":["Twin Strike","Sever Soul"],"picked":"True Grit","floor":29},{"not_picked":["Clothesline+1","Sword Boomerang"],"picked":"Anger","floor":31},{"not_picked":["Berserk","Offering"],"picked":"Impervious","floor":33},{"not_picked":["Clothesline","Headbutt+1"],"picked":"Anger+1","floor":35},{"not_picked":["Disarm+1","Clash"],"picked":"Rage+1","floor":38},{"not_picked":["Flame Barrier","Heavy Blade","Pummel+1"],"picked":"SKIP","floor":39},{"not_picked":["Fire Breathing","Dual Wield+1"],"picked":"Inflame","floor":41},{"not_picked":["Infernal Blade","Flex","True Grit"],"picked":"SKIP","floor":42},{"not_picked":["Shrug It Off","Body Slam","Cleave"],"picked":"SKIP","floor":46},{"not_picked":["Spot Weakness","Wild Strike+1"],"picked":"Inflame+1","floor":47},{"not_picked":["Rupture+1","Corruption","Thunderclap+1"],"picked":"SKIP","floor":48}],"player_experience":459069,"relics_obtained":[{"floor":6,"key":"Gremlin Horn"},{"floor":9,"key":"Kunai"},{"floor":11,"key":"Nunchaku"},{"floor":13,"key":"Incense Burner"},{"floor":21,"key":"Red Mask"},{"floor":23,"key":"Happy Flower"},{"floor":25,"key":"Red Skull"},{"floor":26,"key":"Dead Branch"},{"floor":42,"key":"Blue Candle"},{"floor":48,"key":"Sundial"}],"event_choices":[{"damage_healed":0,"gold_gain":0,"player_choice":"Lose Max HP","damage_taken":0,"relics_obtained":["Golden Idol"],"max_hp_gain":0,"max_hp_loss":6,"event_name":"Golden Idol","floor":2,"gold_loss":0},{"damage_healed":0,"gold_gain":0,"player_choice":"Success","damage_taken":7,"relics_obtained":["Anchor"],"max_hp_gain":0,"max_hp_loss":0,"event_name":"Scrap Ooze","floor":4,"gold_loss":0},{"damage_healed":0,"gold_gain":0,"player_choice":"Fought Bandits","damage_taken":0,"max_hp_gain":0,"max_hp_loss":0,"event_name":"Masked Bandits","floor":21,"gold_loss":0},{"damage_healed":0,"gold_gain":100,"player_choice":"Bet on Murderer","damage_taken":0,"max_hp_gain":0,"max_hp_loss":0,"event_name":"The Joust","floor":22,"gold_loss":50},{"damage_healed":0,"gold_gain":0,"player_choice":"Gave Idol","damage_taken":0,"relics_obtained":["Bloody Idol"],"max_hp_gain":0,"max_hp_loss":0,"event_name":"Forgotten Altar","floor":30,"relics_lost":["Golden Idol"],"gold_loss":0},{"cards_removed":["Strike_R"],"damage_healed":0,"gold_gain":0,"player_choice":"Purged","damage_taken":0,"max_hp_gain":0,"max_hp_loss":0,"event_name":"Purifier","floor":36,"gold_loss":0}],"is_beta":false,"boss_relics":[{"not_picked":["Tiny House","Orrery"],"picked":"Black Blood"},{"not_picked":["Runic Pyramid","Runic Dome"],"picked":"Lizard Tail"}],"items_purged_floors":[37,44],"is_endless":false,"potions_floor_spawned":[1,7,16,18,27,28,29,31,38,39,41,48],"killed_by":"Time Eater","ascension_level":5}