{"gold_per_floor":[119,119,167,242,256,256,285,285,311,341,359,359,394,406,406,480,480,491,491,509,509],"floor_reached":21,"playtime":762,"items_purged":[],"score":394,"play_id":"5a8d8b2e-ceec-4a4b-b2b7-dd38c075b56f","local_time":"20190428033757","is_ascension_mode":true,"campfire_choices":[{"floor":6.0,"key":"REST"},{"floor":8.0,"key":"REST"},{"floor":12.0,"key":"REST"},{"floor":15.0,"key":"REST"}],"neow_cost":"NONE","seed_source_timestamp":190687745221200,"circlet_count":0,"master_deck":["AscendersBane","Strike_B","Strike_B","Strike_B","Defend_B","Defend_B","Defend_B","Defend_B","Zap","Dualcast","Undo","Sweeping Beam","Sweeping Beam","Glacier","Sweeping Beam","Rebound","Chaos","Meteor Strike","Rebound","Writhe"],"special_seed":0,"relics":["Fusion Hammer","Boot","Unceasing Top","Oddly Smooth Stone","Lantern","Dream Catcher","Inserter","Bronze Scales"],"potions_floor_usage":[21],"damage_taken":[{"damage":2.0,"enemies":"2 Louse","floor":1.0,"turns":4.0},{"damage":2.0,"enemies":"Jaw Worm","floor":5.0,"turns":4.0},{"damage":39.0,"enemies":"Lagavulin","floor":7.0,"turns":8.0},{"damage":22.0,"enemies":"3 Sentries","floor":10.0,"turns":9.0},{"damage":0.0,"enemies":"Small Slimes","floor":11.0,"turns":3.0},{"damage":19.0,"enemies":"Gremlin Nob","floor":13.0,"turns":5.0},{"damage":9.0,"enemies":"Exordium Wildlife","floor":14.0,"turns":5.0},{"damage":26.0,"enemies":"The Guardian","floor":16.0,"turns":19.0},{"damage":18.0,"enemies":"2 Thieves","floor":18.0,"turns":4.0},{"damage":4.0,"enemies":"3 Byrds","floor":20.0,"turns":3.0},{"damage":50,"enemies":"Masked Bandits","floor":21,"turns":3}],"seed_played":"-7703367627346492950","potions_obtained":[{"floor":7.0,"key":"Fire Potion"},{"floor":11.0,"key":"Weak Potion"},{"floor":16.0,"key":"Energy Potion"},{"floor":20.0,"key":"Strength Potion"}],"is_trial":false,"path_per_floor":["M","?","T","?","M","R","E","R","T","E","M","R","E","M","R","B",null,"M","?","M","?"],"character_chosen":"DEFECT","items_purchased":[],"campfire_rested":4,"item_purchase_floors":[],"current_hp_per_floor":[62,55,55,44,42,63,24,45,45,23,23,44,25,16,37,11,56,38,38,34,0],"gold":509,"neow_bonus":"BOSS_RELIC","is_prod":false,"is_daily":false,"chose_seed":false,"campfire_upgraded":0,"win_rate":0,"timestamp":1556415477,"path_taken":["M","?","?","?","M","R","E","R","T","E","M","R","E","?","R","BOSS","M","?","M","?"],"build_version":"2019-01-23","purchased_purges":0,"victory":false,"max_hp_per_floor":[71,71,71,71,71,71,71,71,71,71,71,71,71,71,71,71,71,71,71,71,71],"card_choices":[{"not_picked":["Compile Driver","Auto Shields"],"picked":"Undo","floor":1.0},{"not_picked":["Redo","Steam"],"picked":"Sweeping Beam","floor":5.0},{"not_picked":["Compile Driver","Streamline"],"picked":"Sweeping Beam","floor":7.0},{"not_picked":["Genetic Algorithm","Self Repair"],"picked":"Glacier","floor":10.0},{"not_picked":["Thunder Strike","Loop"],"picked":"Sweeping Beam","floor":11.0},{"not_picked":["Steam","Cold Snap","Gash"],"picked":"SKIP","floor":13.0},{"not_picked":["Heatsinks","Storm"],"picked":"Rebound","floor":14.0},{"not_picked":["Steam Power","BootSequence"],"picked":"Chaos","floor":15.0},{"not_picked":["Multi-Cast","Biased Cognition"],"picked":"Meteor Strike","floor":16.0},{"not_picked":["Steam","Ball Lightning"],"picked":"Rebound","floor":18.0},{"not_picked":["Gash","Melter","Hello World"],"picked":"SKIP","floor":20.0}],"player_experience":611825,"relics_obtained":[{"floor":3.0,"key":"Boot"},{"floor":7.0,"key":"Unceasing Top"},{"floor":9.0,"key":"Oddly Smooth Stone"},{"floor":10.0,"key":"Lantern"},{"floor":13.0,"key":"Dream Catcher"}],"event_choices":[{"cards_removed":["Strike_B"],"damage_healed":0.0,"max_hp_gain":0.0,"max_hp_loss":0.0,"gold_gain":0.0,"event_name":"Golden Wing","player_choice":"Card Removal","floor":2.0,"gold_loss":0.0,"damage_taken":7.0},{"damage_healed":0.0,"max_hp_gain":0.0,"max_hp_loss":0.0,"gold_gain":75.0,"event_name":"World of Goop","player_choice":"Gather Gold","floor":4.0,"gold_loss":0.0,"damage_taken":11.0},{"damage_healed":0.0,"max_hp_gain":0.0,"max_hp_loss":0.0,"gold_gain":0.0,"event_name":"The Mausoleum","player_choice":"Opened","floor":19.0,"gold_loss":0.0,"damage_taken":0.0,"relics_obtained":["Bronze Scales"],"cards_obtained":["Writhe"]},{"damage_healed":0,"gold_gain":0,"player_choice":"Fought Bandits","damage_taken":0,"max_hp_gain":0,"max_hp_loss":0,"event_name":"Masked Bandits","floor":21,"gold_loss":0}],"is_beta":false,"boss_relics":[{"not_picked":["White Beast Statue","Coffee Dripper"],"picked":"Inserter"}],"items_purged_floors":[],"is_endless":false,"potions_floor_spawned":[7,11,16,20],"killed_by":"Masked Bandits","ascension_level":20}