{"gold_per_floor":[214,227,244,261,261,261,137,168,168,168,187,199,214,246,246,342,342,355,370,384,484,162,162,191,191,216,242,242,253,266,294,294,397,397,416,816,868,868,514,547,547,581,635,635,650,666,183,195,195,195,195,195,20,52,52],"floor_reached":56,"playtime":3860,"items_purged":["Regret","Strike_R","Bash","Strike_R+1","Strike_R+1"],"score":1485,"play_id":"3be1bc45-7e0e-4b1d-bc3c-aaab7cb65df6","local_time":"20181125171646","is_ascension_mode":true,"campfire_choices":[{"floor":6,"key":"RECALL"},{"data":"True Grit","floor":15,"key":"SMITH"},{"data":"Immolate","floor":23,"key":"SMITH"},{"data":"Flame Barrier","floor":25,"key":"SMITH"},{"data":"Power Through","floor":32,"key":"SMITH"},{"data":"Secret Technique","floor":41,"key":"SMITH"},{"data":"Armaments","floor":44,"key":"SMITH"},{"data":"Infernal Blade","floor":49,"key":"SMITH"},{"data":"Clothesline","floor":52,"key":"SMITH"}],"neow_cost":"NONE","seed_source_timestamp":942106543586395,"circlet_count":0,"master_deck":["Strike_R+1","Strike_R+1","Defend_R+1","Defend_R+1","Defend_R+1","Defend_R+1","Carnage","Clothesline+1","Shrug It Off","Shrug It Off","Infernal Blade+1","Headbutt","True Grit+1","Immolate+1","Reaper","Shrug It Off","Armaments+1","Burning Pact","True Grit+1","Flame Barrier+1","Evolve+1","Power Through+1","Inflame+1","Demon Form+1","Ghostly Armor+1","Warcry","Finesse","Master of Strategy","Secret Technique+1","Shrug It Off","Warcry","Secret Technique","Battle Trance"],"relics":["Burning Blood","Bronze Scales","FossilizedHelix","Frozen Egg 2","FaceOfCleric","Ginger","Cursed Key","Unceasing Top","Bottled Flame","Vajra","Omamori","War Paint","Ancient Tea Set","Sozu","Old Coin","Pocketwatch","Membership Card","Bottled Lightning","Strawberry","Anchor","Thread and Needle","Ice Cream","Lee\u0027s Waffle","Oddly Smooth Stone"],"potions_floor_usage":[8,16,21,27,31,31,55,55,55],"damage_taken":[{"damage":1,"enemies":"Cultist","floor":1,"turns":4},{"damage":0,"enemies":"2 Louse","floor":2,"turns":2},{"damage":9,"enemies":"Jaw Worm","floor":3,"turns":3},{"damage":32,"enemies":"Gremlin Gang","floor":4,"turns":5},{"damage":11,"enemies":"3 Sentries","floor":8,"turns":8},{"damage":0,"enemies":"Exordium Wildlife","floor":11,"turns":2},{"damage":0,"enemies":"2 Fungi Beasts","floor":12,"turns":3},{"damage":0,"enemies":"3 Louse","floor":13,"turns":3},{"damage":15,"enemies":"Lagavulin","floor":14,"turns":5},{"damage":18,"enemies":"Slime Boss","floor":16,"turns":7},{"damage":11,"enemies":"2 Thieves","floor":18,"turns":3},{"damage":3,"enemies":"3 Byrds","floor":19,"turns":2},{"damage":6,"enemies":"Shelled Parasite and Fungi","floor":20,"turns":6},{"damage":5,"enemies":"Colosseum Slavers","floor":21,"turns":3},{"damage":41,"enemies":"Colosseum Nobs","floor":21,"turns":5},{"damage":11,"enemies":"Book of Stabbing","floor":24,"turns":6},{"damage":0,"enemies":"Slavers","floor":27,"turns":2},{"damage":0,"enemies":"3 Cultists","floor":29,"turns":4},{"damage":0,"enemies":"Cultist and Chosen","floor":30,"turns":4},{"damage":0,"enemies":"Book of Stabbing","floor":31,"turns":6},{"damage":56,"enemies":"Collector","floor":33,"turns":13},{"damage":0,"enemies":"Orb Walker","floor":35,"turns":2},{"damage":15,"enemies":"Mind Bloom Boss Battle","floor":36,"turns":9},{"damage":35,"enemies":"2 Orb Walkers","floor":37,"turns":6},{"damage":11,"enemies":"Nemesis","floor":40,"turns":9},{"damage":13,"enemies":"Reptomancer","floor":42,"turns":6},{"damage":0,"enemies":"3 Shapes","floor":45,"turns":1},{"damage":0,"enemies":"Writhing Mass","floor":46,"turns":5},{"damage":0,"enemies":"Jaw Worm Horde","floor":48,"turns":3},{"damage":35,"enemies":"Awakened One","floor":50,"turns":14},{"damage":26,"enemies":"Shield and Spear","floor":54,"turns":6},{"damage":137,"enemies":"The Heart","floor":55,"turns":11}],"seed_played":"2510133370060212439","potions_obtained":[{"floor":1,"key":"BloodPotion"},{"floor":2,"key":"Energy Potion"},{"floor":4,"key":"PowerPotion"},{"floor":14,"key":"FearPotion"},{"floor":16,"key":"Energy Potion"},{"floor":19,"key":"LiquidBronze"},{"floor":24,"key":"LiquidBronze"},{"floor":29,"key":"Dexterity Potion"},{"floor":31,"key":"Poison Potion"},{"floor":33,"key":"SpeedPotion"}],"is_trial":false,"path_per_floor":["M","M","M","M","?","R","$","E","T","?","M","M","M","E","R","B",null,"M","M","M","?","$","R","E","R","T","E","?","M","M","E","R","B",null,"M","?","?","?","$","E","R","E","T","R","M","M","$","M","R","B",null,"R","$","E","B",null],"character_chosen":"IRONCLAD","items_purchased":["Shrug It Off","Flame Barrier","Vajra","Shrug It Off","Membership Card","Thread and Needle","Ice Cream","Lee\u0027s Waffle","Secret Technique"],"campfire_rested":0,"item_purchase_floors":[7,22,22,39,39,47,47,47,53],"current_hp_per_floor":[80,80,77,51,51,51,51,46,46,46,53,60,67,59,59,48,85,81,87,88,55,55,55,56,56,56,63,63,70,80,87,87,46,96,97,94,82,72,72,94,94,95,95,95,102,110,117,118,118,104,119,119,119,100,12],"gold":52,"neow_bonus":"HUNDRED_GOLD","is_prod":false,"is_daily":false,"chose_seed":false,"campfire_upgraded":8,"win_rate":0,"timestamp":1543184206,"path_taken":["M","?","M","M","?","R","$","E","T","?","M","M","?","E","R","BOSS","M","M","M","?","$","R","E","R","T","E","?","M","M","E","R","BOSS","M","?","?","?","$","E","R","E","T","R","M","M","$","M","R","BOSS","R","$","E","BOSS"],"build_version":"2018-11-15","purchased_purges":5,"victory":true,"max_hp_per_floor":[80,80,80,80,80,80,80,80,80,80,81,82,83,84,84,85,85,86,87,88,90,90,90,91,91,91,92,92,93,94,95,95,96,96,97,98,99,99,99,100,100,108,108,108,109,110,117,118,118,119,119,119,119,120,121],"card_choices":[{"not_picked":["Intimidate","Seeing Red"],"picked":"Carnage","floor":1},{"not_picked":["Combust","Anger"],"picked":"Clothesline","floor":2},{"not_picked":["Fire Breathing","Clash","Blood for Blood"],"picked":"SKIP","floor":3},{"not_picked":["Pummel","Cleave"],"picked":"Shrug It Off","floor":4},{"not_picked":["Blood for Blood","Pommel Strike"],"picked":"Infernal Blade","floor":8},{"not_picked":["Feel No Pain+1","Fire Breathing+1"],"picked":"Headbutt","floor":11},{"not_picked":["Thunderclap","Flex"],"picked":"True Grit","floor":12},{"not_picked":["Blood for Blood","Clash","Perfected Strike"],"picked":"SKIP","floor":13},{"not_picked":["Infernal Blade","Heavy Blade"],"picked":"Immolate","floor":14},{"not_picked":["Dark Embrace+1","Double Tap"],"picked":"Reaper","floor":16},{"not_picked":["Fire Breathing+1","Anger"],"picked":"Shrug It Off","floor":18},{"not_picked":["Anger","Rampage"],"picked":"Armaments","floor":19},{"not_picked":["Combust+1","Havoc"],"picked":"Burning Pact","floor":20},{"not_picked":["Anger","Clothesline"],"picked":"True Grit+1","floor":21},{"not_picked":["True Grit","Warcry"],"picked":"Evolve+1","floor":24},{"not_picked":["Iron Wave+1","Seeing Red"],"picked":"Power Through","floor":27},{"not_picked":["Sword Boomerang","Heavy Blade","Anger"],"picked":"SKIP","floor":29},{"not_picked":["Dual Wield","Feed"],"picked":"Inflame+1","floor":30},{"not_picked":["Corruption+1","Iron Wave+1","Disarm+1"],"picked":"SKIP","floor":31},{"not_picked":["Berserk+1","Limit Break"],"picked":"Demon Form+1","floor":33},{"not_picked":["Warcry","Entrench+1"],"picked":"Ghostly Armor+1","floor":35},{"not_picked":["Fire Breathing+1","Iron Wave"],"picked":"Warcry","floor":36},{"not_picked":["Mayhem+1","Jack Of All Trades"],"picked":"Finesse","floor":38},{"not_picked":["Thinking Ahead","PanicButton"],"picked":"Master of Strategy","floor":38},{"not_picked":["Mind Blast","Purity"],"picked":"Secret Technique","floor":38},{"not_picked":["Spot Weakness+1","Twin Strike+1"],"picked":"Warcry","floor":40},{"not_picked":["Uppercut","Clash","Sever Soul+1"],"picked":"SKIP","floor":42},{"not_picked":["Hemokinesis","Flex+1","Dual Wield+1"],"picked":"SKIP","floor":45},{"not_picked":["Brutality+1","Thunderclap+1","Sever Soul+1"],"picked":"SKIP","floor":46},{"not_picked":["Cleave+1","Entrench+1","Feel No Pain+1"],"picked":"SKIP","floor":48},{"not_picked":["Warcry","Shrug It Off+1"],"picked":"Battle Trance","floor":54}],"player_experience":62334,"relics_obtained":[{"floor":8,"key":"FossilizedHelix"},{"floor":9,"key":"Frozen Egg 2"},{"floor":14,"key":"Ginger"},{"floor":21,"key":"Unceasing Top"},{"floor":21,"key":"Bottled Flame"},{"floor":24,"key":"Omamori"},{"floor":27,"key":"War Paint"},{"floor":31,"key":"Ancient Tea Set"},{"floor":36,"key":"Old Coin"},{"floor":37,"key":"Pocketwatch"},{"floor":40,"key":"Bottled Lightning"},{"floor":42,"key":"Strawberry"},{"floor":43,"key":"Anchor"},{"floor":54,"key":"Oddly Smooth Stone"}],"event_choices":[{"damage_healed":0,"gold_gain":0,"player_choice":"Box","damage_taken":0,"relics_obtained":["Bronze Scales"],"max_hp_gain":0,"max_hp_loss":0,"event_name":"Big Fish","floor":5,"gold_loss":0,"cards_obtained":["Regret"]},{"damage_healed":0,"gold_gain":0,"player_choice":"Trade","damage_taken":0,"relics_obtained":["FaceOfCleric"],"max_hp_gain":0,"max_hp_loss":0,"event_name":"FaceTrader","floor":10,"gold_loss":0},{"damage_healed":0,"gold_gain":0,"player_choice":"Fight","damage_taken":0,"max_hp_gain":0,"max_hp_loss":0,"event_name":"Colosseum","floor":21,"gold_loss":0},{"damage_healed":0,"gold_gain":0,"player_choice":"Fought Nobs","damage_taken":0,"max_hp_gain":0,"max_hp_loss":0,"event_name":"Colosseum","floor":21,"gold_loss":0},{"damage_healed":0,"gold_gain":0,"player_choice":"Simplicity","damage_taken":0,"max_hp_gain":0,"max_hp_loss":0,"event_name":"Back to Basics","floor":28,"gold_loss":0,"cards_upgraded":["Strike_R","Strike_R","Strike_R","Strike_R","Defend_R","Defend_R"]},{"damage_healed":0,"gold_gain":0,"player_choice":"Fight","damage_taken":0,"max_hp_gain":0,"max_hp_loss":0,"event_name":"MindBloom","floor":36,"gold_loss":0},{"damage_healed":0,"gold_gain":0,"player_choice":"Fight","damage_taken":0,"max_hp_gain":0,"max_hp_loss":0,"event_name":"Mysterious Sphere","floor":37,"gold_loss":0},{"damage_healed":0,"gold_gain":0,"player_choice":"Memory 3","damage_taken":10,"max_hp_gain":0,"max_hp_loss":0,"event_name":"SensoryStone","floor":38,"gold_loss":0}],"is_beta":false,"boss_relics":[{"not_picked":["Pandora\u0027s Box","Velvet Choker"],"picked":"Cursed Key"},{"not_picked":["Tiny House","Eternal Feather"],"picked":"Sozu"}],"items_purged_floors":[7,22,39,47,53],"is_endless":false,"potions_floor_spawned":[1,2,4,14,16,18,19,24,29,31,33,35,42,48,54],"ascension_level":2}