{"gold_per_floor":[211,222,31,31,31,31,71,71,71,107,107,8,8,50,50,179,179,195,258,31,100,60,60,115,39,39,39,39,56,74,116,116,221,221,281,281,105,119,159,159,178,178],"floor_reached":42,"playtime":1806,"items_purged":["Strike_B","Strike_B","Strike_B"],"score":538,"play_id":"59876ba6-c64a-4502-888f-805090a28dab","local_time":"20181231215012","is_ascension_mode":true,"campfire_choices":[{"data":"HandOfGreed","floor":6.0,"key":"SMITH"},{"data":"Defragment","floor":11.0,"key":"SMITH"},{"data":"Sweeping Beam","floor":15.0,"key":"SMITH"},{"floor":23.0,"key":"REST"},{"floor":28,"key":"REST"},{"floor":32,"key":"REST"},{"data":"Coolheaded","floor":40,"key":"SMITH"}],"neow_cost":"NONE","seed_source_timestamp":506766945146126,"circlet_count":0,"master_deck":["Strike_B+1","Defend_B","Defend_B","Defend_B","Zap+1","Dualcast","Leap","Sweeping Beam+1","HandOfGreed+1","BootSequence","Defragment+1","Hologram","Machine Learning","Coolheaded+1","Barrage+1","White Noise","Chaos","Defragment","Capacitor","Bandage Up","Self Repair","Ball Lightning+1","Thunder Strike","Redo+1","Defragment+1","Defragment+1"],"special_seed":0,"relics":["Cracked Core","Happy Flower","Bag of Marbles","Runic Dome","Centennial Puzzle","Pantograph","Velvet Choker"],"potions_floor_usage":[29,30,33,33,39,42,42],"damage_taken":[{"damage":1.0,"enemies":"Cultist","floor":1.0,"turns":3.0},{"damage":1.0,"enemies":"2 Louse","floor":2.0,"turns":3.0},{"damage":7.0,"enemies":"Small Slimes","floor":7.0,"turns":3.0},{"damage":0.0,"enemies":"3 Louse","floor":10.0,"turns":2.0},{"damage":0.0,"enemies":"Blue Slaver","floor":14.0,"turns":2.0},{"damage":21.0,"enemies":"Slime Boss","floor":16.0,"turns":8.0},{"damage":0.0,"enemies":"Spheric Guardian","floor":18.0,"turns":3.0},{"damage":28.0,"enemies":"3 Byrds","floor":19.0,"turns":6.0},{"damage":19.0,"enemies":"Shelled Parasite and Fungi","floor":21.0,"turns":4.0},{"damage":18.0,"enemies":"Slavers","floor":24.0,"turns":5.0},{"damage":13,"enemies":"Snake Plant","floor":29,"turns":4},{"damage":27,"enemies":"3 Cultists","floor":30,"turns":5},{"damage":5,"enemies":"Snecko","floor":31,"turns":4},{"damage":49,"enemies":"Collector","floor":33,"turns":9},{"damage":12,"enemies":"3 Shapes","floor":35,"turns":4},{"damage":8,"enemies":"Orb Walker","floor":38,"turns":2},{"damage":26,"enemies":"Sphere and 2 Shapes","floor":39,"turns":5},{"damage":31,"enemies":"Transient","floor":41,"turns":5},{"damage":46,"enemies":"Spire Growth","floor":42,"turns":3}],"seed_played":"-2339573862339566479","potions_obtained":[{"floor":7.0,"key":"Poison Potion"},{"floor":10.0,"key":"Ancient Potion"},{"floor":14.0,"key":"Energy Potion"},{"floor":16.0,"key":"GamblersBrew"},{"floor":18.0,"key":"GamblersBrew"},{"floor":19.0,"key":"Energy Potion"},{"floor":22.0,"key":"Block Potion"},{"floor":29,"key":"EssenceOfSteel"},{"floor":31,"key":"Swift Potion"},{"floor":38,"key":"GamblersBrew"},{"floor":39,"key":"GamblersBrew"},{"floor":41,"key":"Energy Potion"}],"is_trial":false,"path_per_floor":["M","M","$","?","?","R","M","?","T","M","R","$","?","M","R","B",null,"M","M","$","M","?","R","E","$","T","?","R","M","M","M","R","B",null,"M","?","$","M","M","R","M","M"],"character_chosen":"DEFECT","items_purchased":["HandOfGreed","Hologram","SkillPotion","White Noise","FocusPotion","Dexterity Potion"],"campfire_rested":3,"item_purchase_floors":[3,12,20,20,25,37],"current_hp_per_floor":[74,73,73,73,58,58,51,48,48,48,48,48,48,48,48,27,63,63,35,35,16,16,38,20,20,20,20,42,33,17,23,45,32,64,63,63,63,66,51,51,20,0],"gold":178,"neow_bonus":"HUNDRED_GOLD","is_prod":false,"is_daily":false,"chose_seed":false,"campfire_upgraded":4,"win_rate":0,"timestamp":1546260612,"path_taken":["M","M","$","?","?","R","M","?","T","M","R","$","?","M","R","BOSS","M","M","$","M","?","R","E","?","T","?","R","?","M","M","R","BOSS","M","?","$","M","M","R","M","?"],"build_version":"2018-12-20","purchased_purges":3,"victory":false,"max_hp_per_floor":[75,75,75,75,75,75,75,75,75,75,75,75,75,75,75,75,75,75,75,75,75,75,75,75,75,75,75,75,75,75,75,75,75,75,75,75,75,75,75,75,75,75],"card_choices":[{"not_picked":["Cold Snap","Steam"],"picked":"Leap","floor":1.0},{"not_picked":["Turbo","Creative AI"],"picked":"Sweeping Beam","floor":2.0},{"not_picked":["Go for the Eyes","Reinforced Body"],"picked":"BootSequence","floor":7.0},{"not_picked":["Rebound","Go for the Eyes"],"picked":"Defragment","floor":10.0},{"not_picked":["Barrage","Heatsinks","Sweeping Beam"],"picked":"SKIP","floor":14.0},{"not_picked":["Thunder Strike","Multi-Cast"],"picked":"Machine Learning","floor":16.0},{"not_picked":["Compile Driver+1","Go for the Eyes"],"picked":"Coolheaded","floor":18.0},{"not_picked":["Stack+1","Rip and Tear"],"picked":"Barrage+1","floor":19.0},{"not_picked":["Steam Power","FTL"],"picked":"Chaos","floor":21.0},{"not_picked":["Multi-Cast","Gash"],"picked":"Defragment","floor":24.0},{"not_picked":["Steam Power","Barrage+1"],"picked":"Self Repair","floor":29},{"not_picked":["Turbo","Sunder","Self Repair+1"],"picked":"SKIP","floor":30},{"not_picked":["Streamline","Gash"],"picked":"Ball Lightning+1","floor":31},{"not_picked":["Seek","Core Surge"],"picked":"Thunder Strike","floor":33},{"not_picked":["Loop+1","Conserve Battery"],"picked":"Redo+1","floor":35},{"not_picked":["Lockon+1","Stack"],"picked":"Defragment+1","floor":38},{"not_picked":["Hologram","Steam+1","Chill+1"],"picked":"SKIP","floor":39},{"not_picked":["Compile Driver+1","Melter+1","Darkness+1"],"picked":"SKIP","floor":41}],"player_experience":289259,"relics_obtained":[{"floor":9.0,"key":"Bag of Marbles"},{"floor":24.0,"key":"Centennial Puzzle"},{"floor":26.0,"key":"Pantograph"}],"event_choices":[{"cards_removed":["Defend_B"],"damage_healed":0.0,"max_hp_gain":0.0,"max_hp_loss":0.0,"gold_gain":0.0,"event_name":"Living Wall","player_choice":"Forget","floor":4.0,"gold_loss":0.0,"damage_taken":0.0},{"damage_healed":0.0,"max_hp_gain":0.0,"max_hp_loss":0.0,"gold_gain":0.0,"event_name":"Shining Light","player_choice":"Entered Light","floor":5.0,"gold_loss":0.0,"damage_taken":15.0,"cards_upgraded":["Strike_B","Zap"]},{"damage_healed":0.0,"max_hp_gain":0.0,"max_hp_loss":0.0,"gold_gain":0.0,"event_name":"Scrap Ooze","player_choice":"Success","floor":8.0,"gold_loss":0.0,"damage_taken":3.0,"relics_obtained":["Happy Flower"]},{"damage_healed":0.0,"max_hp_gain":0.0,"max_hp_loss":0.0,"gold_gain":0.0,"event_name":"The Cleric","player_choice":"Leave","floor":13.0,"gold_loss":0.0,"damage_taken":0.0},{"damage_healed":0.0,"max_hp_gain":0.0,"max_hp_loss":0.0,"gold_gain":0.0,"event_name":"The Woman in Blue","player_choice":"Bought 3 Potions","floor":22.0,"gold_loss":0.0,"damage_taken":0.0},{"damage_healed":0,"gold_gain":0,"player_choice":"2 cards matched","damage_taken":0,"max_hp_gain":0,"max_hp_loss":0,"event_name":"Match and Keep!","floor":27,"gold_loss":0,"cards_obtained":["Capacitor","Bandage Up"]},{"damage_healed":0,"gold_gain":0,"player_choice":"Copied","damage_taken":0,"max_hp_gain":0,"max_hp_loss":0,"event_name":"Duplicator","floor":36,"gold_loss":0,"cards_obtained":["Defragment"]}],"is_beta":false,"boss_relics":[{"not_picked":["Orrery","Empty Cage"],"picked":"Runic Dome"},{"not_picked":["Black Star","Tiny House"],"picked":"Velvet Choker"}],"items_purged_floors":[12,20,37],"is_endless":false,"potions_floor_spawned":[7,10,14,16,18,19,29,31,38,39,41],"killed_by":"Spire Growth","ascension_level":5}