{"gold_per_floor":[369,219,294,294,311,311,311,311,311,329,60,80,80,80,80,176,176,186,186,202,214,214],"floor_reached":22,"playtime":674,"items_purged":["Strike_R"],"score":218,"play_id":"db75fb95-2f5c-439c-9dca-3e16169553f0","local_time":"20181226113236","is_ascension_mode":true,"campfire_choices":[{"data":"Rampage","floor":6,"key":"SMITH"},{"data":"Thunderclap","floor":8,"key":"SMITH"},{"data":"Flex","floor":15,"key":"SMITH"}],"neow_cost":"TEN_PERCENT_HP_LOSS","seed_source_timestamp":38868517962146,"circlet_count":0,"master_deck":["Strike_R+1","Strike_R","Strike_R","Defend_R","Defend_R","Defend_R","Defend_R","Bash+1","Battle Trance","Rampage+1","Thunderclap+1","Cleave+1","Flex+1","Double Tap","Seeing Red","Armaments+1","Clash+1"],"relics":["Burning Blood","Darkstone Periapt","Mercury Hourglass","White Beast Statue","Nloth\u0027s Gift"],"potions_floor_usage":[16,16,21],"damage_taken":[{"damage":12,"enemies":"Small Slimes","floor":1,"turns":4},{"damage":10,"enemies":"2 Louse","floor":5,"turns":3},{"damage":7,"enemies":"Jaw Worm","floor":10,"turns":2},{"damage":4,"enemies":"3 Louse","floor":12,"turns":3},{"damage":23,"enemies":"Hexaghost","floor":16,"turns":8},{"damage":22,"enemies":"2 Thieves","floor":18,"turns":2},{"damage":11,"enemies":"Spheric Guardian","floor":20,"turns":3},{"damage":46,"enemies":"Snake Plant","floor":21,"turns":5},{"damage":18,"enemies":"Sentry and Sphere","floor":22,"turns":3}],"seed_played":"5116617043995474459","potions_obtained":[{"floor":5,"key":"Energy Potion"},{"floor":10,"key":"SkillPotion"},{"floor":18,"key":"BloodPotion"},{"floor":20,"key":"FairyPotion"},{"floor":21,"key":"Swift Potion"}],"is_trial":false,"path_per_floor":["M","$","?","?","M","R","?","R","T","M","$","M","?","?","R","B",null,"M","?","M","M","M"],"character_chosen":"IRONCLAD","items_purchased":["Rampage","Mercury Hourglass","Cleave"],"campfire_rested":0,"item_purchase_floors":[2,11,11],"current_hp_per_floor":[66,66,55,52,48,48,34,34,34,33,33,35,35,28,28,11,57,41,41,36,13,0],"gold":214,"neow_bonus":"TWO_FIFTY_GOLD","is_prod":false,"is_daily":false,"chose_seed":false,"campfire_upgraded":3,"win_rate":0,"timestamp":1545791556,"path_taken":["M","$","?","?","M","R","?","R","T","?","$","M","?","?","R","BOSS","M","?","?","M","M"],"build_version":"2018-12-20","purchased_purges":1,"victory":false,"max_hp_per_floor":[72,72,72,72,72,72,72,72,72,72,72,72,72,72,72,72,72,72,72,72,72,72],"card_choices":[{"not_picked":["Warcry","Pommel Strike"],"picked":"Battle Trance","floor":1},{"not_picked":["Anger","Pommel Strike"],"picked":"Thunderclap","floor":5},{"not_picked":["True Grit","Sword Boomerang","Headbutt"],"picked":"SKIP","floor":10},{"not_picked":["Reckless Charge","Rampage"],"picked":"Flex","floor":12},{"not_picked":["Fiend Fire","Bludgeon"],"picked":"Double Tap","floor":16},{"not_picked":["Infernal Blade","Rampage"],"picked":"Seeing Red","floor":18},{"not_picked":["True Grit","Flex+1"],"picked":"Armaments+1","floor":20},{"not_picked":["Rage","Dual Wield"],"picked":"Clash+1","floor":21}],"player_experience":244249,"relics_obtained":[{"floor":9,"key":"Dodecahedron"}],"event_choices":[{"damage_healed":0,"gold_gain":75,"player_choice":"Gather Gold","damage_taken":11,"max_hp_gain":0,"max_hp_loss":0,"event_name":"World of Goop","floor":3,"gold_loss":0},{"damage_healed":0,"gold_gain":0,"player_choice":"Success","damage_taken":3,"relics_obtained":["Darkstone Periapt"],"max_hp_gain":0,"max_hp_loss":0,"event_name":"Scrap Ooze","floor":4,"gold_loss":0},{"damage_healed":0,"gold_gain":0,"player_choice":"Entered Light","damage_taken":14,"max_hp_gain":0,"max_hp_loss":0,"event_name":"Shining Light","floor":7,"gold_loss":0,"cards_upgraded":["Bash","Strike_R"]},{"damage_healed":0,"gold_gain":0,"player_choice":"Grow","damage_taken":0,"max_hp_gain":0,"max_hp_loss":0,"event_name":"Living Wall","floor":13,"gold_loss":0,"cards_upgraded":["Cleave"]},{"cards_removed":["Strike_R"],"damage_healed":0,"gold_gain":0,"player_choice":"Card Removal","damage_taken":7,"max_hp_gain":0,"max_hp_loss":0,"event_name":"Golden Wing","floor":14,"gold_loss":0},{"damage_healed":0,"gold_gain":0,"player_choice":"Traded Relic","damage_taken":0,"relics_obtained":["Nloth\u0027s Gift"],"max_hp_gain":0,"max_hp_loss":0,"event_name":"N\u0027loth","floor":19,"relics_lost":["Dodecahedron"],"gold_loss":0}],"is_beta":false,"boss_relics":[{"not_picked":["Calling Bell","Snecko Eye"],"picked":"White Beast Statue"}],"items_purged_floors":[2],"is_endless":false,"potions_floor_spawned":[5,10,18,20,21],"killed_by":"Sentry and Sphere","ascension_level":5}