{"gold_per_floor":[110,110,29,43,2,32,32,52,52,82,82,92,126,145,145,224,224,237,50,67,10,21,21,36,36,36,36,51,51,51,71,71,71],"floor_reached":33,"playtime":1423,"items_purged":[],"score":564,"play_id":"bc98d3f5-0ce5-4e0b-8ff1-4cd1d62080a6","local_time":"20190307183215","is_ascension_mode":true,"campfire_choices":[{"data":"Dagger Spray","floor":7.0,"key":"SMITH"},{"data":"Caltrops","floor":15,"key":"SMITH"},{"floor":23,"key":"REST"},{"floor":27,"key":"REST"},{"floor":32,"key":"REST"}],"neow_cost":"NONE","seed_source_timestamp":48397066797706,"circlet_count":0,"master_deck":["AscendersBane","Defend_G+1","Defend_G+1","Defend_G+1","Defend_G+1","Defend_G+1","Strike_G+1","Strike_G+1","Strike_G+1","Strike_G+1","Survivor","Neutralize","Cloak And Dagger","Footwork","Dagger Spray+1","Caltrops+1","Cloak And Dagger","After Image","Dash","Prepared","Wraith Form v2","Escape Plan","A Thousand Cuts+1","Backflip","Infinite Blades","Deep Breath","Backflip","Poisoned Stab","Well Laid Plans"],"special_seed":0,"relics":["Ring of the Snake","NeowsBlessing","Whetstone","Darkstone Periapt","Tiny Chest","Singing Bowl","Cursed Key"],"potions_floor_usage":[13,16,16,18,20,24],"damage_taken":[{"damage":0.0,"enemies":"2 Louse","floor":1.0,"turns":1.0},{"damage":0.0,"enemies":"Cultist","floor":4.0,"turns":1.0},{"damage":0.0,"enemies":"Lagavulin","floor":6.0,"turns":1.0},{"damage":0.0,"enemies":"Small Slimes","floor":8.0,"turns":3.0},{"damage":1,"enemies":"Blue Slaver","floor":12,"turns":4},{"damage":12,"enemies":"3 Sentries","floor":13,"turns":6},{"damage":12,"enemies":"Gremlin Gang","floor":14,"turns":2},{"damage":19,"enemies":"Hexaghost","floor":16,"turns":11},{"damage":8,"enemies":"Shell Parasite","floor":18,"turns":5},{"damage":13,"enemies":"Chosen","floor":20,"turns":5},{"damage":13,"enemies":"Snake Plant","floor":22,"turns":5},{"damage":17,"enemies":"Cultist and Chosen","floor":24,"turns":9},{"damage":0,"enemies":"Centurion and Healer","floor":28,"turns":8},{"damage":23,"enemies":"Snecko","floor":31,"turns":6},{"damage":35,"enemies":"Collector","floor":33,"turns":6}],"seed_played":"-4634958362439461651","potions_obtained":[{"floor":1.0,"key":"Strength Potion"},{"floor":4.0,"key":"Regen Potion"},{"floor":13,"key":"Poison Potion"},{"floor":16,"key":"Poison Potion"},{"floor":18,"key":"SkillPotion"},{"floor":22,"key":"AttackPotion"}],"is_trial":false,"path_per_floor":["M","?","$","M","$","E","R","M","T","?","?","M","E","M","R","B",null,"M","$","M","$","M","R","M","?","T","R","M","?","?","M","R","B"],"character_chosen":"THE_SILENT","items_purchased":["Footwork","Caltrops","Infinite Blades","Deep Breath","Backflip"],"campfire_rested":3,"item_purchase_floors":[3,5,19,19,21],"current_hp_per_floor":[59,59,59,59,59,59,59,59,59,48,48,47,35,23,23,19,54,46,46,35,35,24,45,28,28,28,49,51,31,31,8,31,0],"gold":71,"neow_bonus":"THREE_ENEMY_KILL","is_prod":false,"is_daily":false,"chose_seed":false,"campfire_upgraded":2,"win_rate":0,"timestamp":1551951135,"path_taken":["M","?","$","M","?","E","R","?","T","?","?","?","E","M","R","BOSS","M","$","M","?","?","R","M","?","T","R","M","?","?","?","R","BOSS"],"build_version":"2019-01-23","purchased_purges":0,"victory":false,"max_hp_per_floor":[66,66,66,66,66,66,66,66,66,66,66,66,66,66,66,66,66,66,66,68,68,70,70,70,70,70,70,72,77,77,77,77,77],"card_choices":[{"not_picked":["Well Laid Plans","PiercingWail"],"picked":"Cloak And Dagger","floor":1.0},{"not_picked":["Deflect","Infinite Blades"],"picked":"Dagger Spray","floor":4.0},{"not_picked":["Bouncing Flask","Concentrate"],"picked":"Cloak And Dagger","floor":6.0},{"not_picked":["Outmaneuver","Bane","Blade Dance"],"picked":"SKIP","floor":8.0},{"not_picked":["Slice","Dodge and Roll"],"picked":"Prepared","floor":12},{"not_picked":["Bane","Flying Knee"],"picked":"Wraith Form v2","floor":13},{"not_picked":["Dodge and Roll","Distraction"],"picked":"Escape Plan","floor":14},{"not_picked":["Wraith Form v2","Venomology"],"picked":"A Thousand Cuts","floor":16},{"not_picked":["Outmaneuver","Dagger Throw+1"],"picked":"Backflip","floor":18},{"not_picked":["Flechettes","Poisoned Stab","Predator"],"picked":"Singing Bowl","floor":20},{"not_picked":["Outmaneuver+1","Backflip+1","Acrobatics"],"picked":"Singing Bowl","floor":22},{"not_picked":["Catalyst","Choke"],"picked":"Poisoned Stab","floor":24},{"not_picked":["Calculated Gamble","Outmaneuver+1","Flechettes"],"picked":"Singing Bowl","floor":28},{"not_picked":["Catalyst","Flying Knee"],"picked":"Well Laid Plans","floor":31}],"player_experience":639216,"relics_obtained":[{"floor":6.0,"key":"Whetstone"},{"floor":9.0,"key":"Darkstone Periapt"},{"floor":13,"key":"Singing Bowl"}],"event_choices":[{"cards_removed":["Strike_G"],"damage_healed":0.0,"max_hp_gain":0.0,"max_hp_loss":0.0,"gold_gain":0.0,"event_name":"Bonfire Elementals","player_choice":"Offered Basic","floor":2.0,"gold_loss":0.0,"damage_taken":0.0},{"damage_healed":0.0,"max_hp_gain":0.0,"max_hp_loss":0.0,"gold_gain":0.0,"event_name":"Scrap Ooze","player_choice":"Success","floor":10.0,"gold_loss":0.0,"damage_taken":11.0,"relics_obtained":["Tiny Chest"]},{"damage_healed":0,"gold_gain":0,"player_choice":"2 cards matched","damage_taken":0,"max_hp_gain":0,"max_hp_loss":0,"event_name":"Match and Keep!","floor":11,"gold_loss":0,"cards_obtained":["After Image","Dash"]},{"damage_healed":0,"gold_gain":0,"player_choice":"Simplicity","damage_taken":0,"max_hp_gain":0,"max_hp_loss":0,"event_name":"Back to Basics","floor":25,"gold_loss":0,"cards_upgraded":["Defend_G","Defend_G","Defend_G","Defend_G","Defend_G","Strike_G","Strike_G"]},{"damage_healed":0,"gold_gain":0,"player_choice":"Shed Blood","damage_taken":25,"max_hp_gain":5,"max_hp_loss":0,"event_name":"Forgotten Altar","floor":29,"gold_loss":0},{"damage_healed":0,"gold_gain":0,"player_choice":"Forge","damage_taken":0,"max_hp_gain":0,"max_hp_loss":0,"event_name":"Accursed Blacksmith","floor":30,"gold_loss":0,"cards_upgraded":["A Thousand Cuts"]}],"is_beta":false,"boss_relics":[{"not_picked":["Snecko Eye","Busted Crown"],"picked":"Cursed Key"}],"items_purged_floors":[],"is_endless":false,"potions_floor_spawned":[1,4,12,13,16,18,22],"killed_by":"Collector","ascension_level":20}