{"gold_per_floor":[214,214,214,139,151,151,151,161,231,265,281,293,309,64,64,64],"floor_reached":16,"playtime":801,"items_purged":["Strike_R","Defend_R"],"score":122,"play_id":"4141b6a9-9c21-4d4e-8ccd-9577cb2442f1","local_time":"20181224005952","is_ascension_mode":true,"campfire_choices":[{"data":"Bash","floor":6,"key":"SMITH"},{"data":"Thunderclap","floor":15,"key":"SMITH"}],"neow_cost":"NONE","seed_source_timestamp":9142487382023,"circlet_count":0,"master_deck":["Strike_R","Strike_R+1","Strike_R+1","Defend_R","Defend_R","Defend_R+1","Bash+1","Thunderclap+1","Pommel Strike","Offering"],"relics":["Burning Blood","Singing Bowl","Orichalcum"],"potions_floor_usage":[16,16],"damage_taken":[{"damage":1,"enemies":"Small Slimes","floor":1,"turns":4},{"damage":4,"enemies":"Jaw Worm","floor":5,"turns":4},{"damage":0,"enemies":"Cultist","floor":8,"turns":3},{"damage":32,"enemies":"Gremlin Nob","floor":10,"turns":4},{"damage":12,"enemies":"Lots of Slimes","floor":11,"turns":3},{"damage":11,"enemies":"Red Slaver","floor":12,"turns":4},{"damage":1,"enemies":"3 Louse","floor":13,"turns":2},{"damage":39,"enemies":"The Guardian","floor":16,"turns":8}],"seed_played":"-4184878521760385265","potions_obtained":[{"floor":1,"key":"Ancient Potion"},{"floor":8,"key":"Dexterity Potion"},{"floor":10,"key":"FearPotion"},{"floor":12,"key":"AttackPotion"},{"floor":13,"key":"Block Potion"}],"is_trial":false,"path_per_floor":["M","?","?","$","M","R","?","M","T","E","M","M","M","$","R","B"],"character_chosen":"IRONCLAD","items_purchased":["Offering"],"campfire_rested":0,"item_purchase_floors":[14],"current_hp_per_floor":[80,73,57,57,59,59,59,65,65,39,35,32,39,39,39,0],"gold":64,"neow_bonus":"HUNDRED_GOLD","is_prod":false,"is_daily":false,"chose_seed":false,"campfire_upgraded":2,"win_rate":0,"timestamp":1545584392,"path_taken":["M","?","?","$","M","R","?","M","T","E","M","M","?","$","R","BOSS"],"build_version":"2018-12-20","purchased_purges":2,"victory":false,"max_hp_per_floor":[80,80,80,80,80,80,80,80,80,80,82,84,86,86,86,86],"card_choices":[{"not_picked":["Carnage","Sword Boomerang","True Grit"],"picked":"SKIP","floor":1},{"not_picked":["Metallicize","Clash","Pummel"],"picked":"SKIP","floor":5},{"not_picked":["Body Slam","Warcry"],"picked":"Thunderclap","floor":8},{"not_picked":["Body Slam","Bloodletting"],"picked":"Pommel Strike","floor":10},{"not_picked":["Headbutt","Iron Wave","Sword Boomerang"],"picked":"Singing Bowl","floor":11},{"not_picked":["Seeing Red","Pummel","Flex"],"picked":"Singing Bowl","floor":12},{"not_picked":["Pommel Strike","Disarm","Havoc"],"picked":"Singing Bowl","floor":13}],"player_experience":358206,"relics_obtained":[{"floor":9,"key":"Singing Bowl"},{"floor":10,"key":"Orichalcum"}],"event_choices":[{"cards_removed":["Strike_R"],"damage_healed":0,"gold_gain":0,"player_choice":"Card Removal","damage_taken":7,"max_hp_gain":0,"max_hp_loss":0,"event_name":"Golden Wing","floor":2,"gold_loss":0},{"damage_healed":0,"gold_gain":0,"player_choice":"Entered Light","damage_taken":16,"max_hp_gain":0,"max_hp_loss":0,"event_name":"Shining Light","floor":3,"gold_loss":0,"cards_upgraded":["Strike_R","Strike_R"]},{"damage_healed":0,"gold_gain":0,"player_choice":"Upgraded","damage_taken":0,"max_hp_gain":0,"max_hp_loss":0,"event_name":"Upgrade Shrine","floor":7,"gold_loss":0,"cards_upgraded":["Defend_R"]}],"is_beta":false,"boss_relics":[],"items_purged_floors":[4,14],"is_endless":false,"potions_floor_spawned":[1,8,10,12,13],"killed_by":"The Guardian","ascension_level":4}