{"gold_per_floor":[114,129,129,142,42,42,56,73,73,73,73,104,25,50,50,127,127,147,147,147,197,214,214,225,225,225,56,56,56,91,103,103,174,174,194,212,212,9,22,22,55,70,70,70,89,3,3,3,3,3,3],"floor_reached":51,"playtime":3340,"items_purged":["Strike_G","Strike_G+1"],"score":1361,"play_id":"0addebb5-b42f-43fd-8785-14b95c67573b","local_time":"20190326171215","is_ascension_mode":true,"campfire_choices":[{"data":"Dagger Spray","floor":6.0,"key":"SMITH"},{"data":"Crippling Poison","floor":10.0,"key":"SMITH"},{"data":"Crippling Poison","floor":15.0,"key":"SMITH"},{"data":"Bullet Time","floor":23.0,"key":"SMITH"},{"floor":25.0,"key":"REST"},{"data":"Acrobatics","floor":28.0,"key":"SMITH"},{"floor":32.0,"key":"REST"},{"floor":40.0,"key":"REST"},{"data":"Prepared","floor":47.0,"key":"SMITH"},{"data":"Neutralize","floor":49.0,"key":"SMITH"}],"neow_cost":"NONE","seed_source_timestamp":653328075948401,"circlet_count":0,"master_deck":["AscendersBane","Defend_G+1","Defend_G+1","Defend_G+1","Defend_G+1","Defend_G+1","Survivor","Neutralize+1","Crippling Poison+1","Poisoned Stab","Bane","PiercingWail","Dagger Spray+1","Backflip","Crippling Poison+1","Noxious Fumes+1","PiercingWail","Bullet Time+1","Predator","RitualDagger","Prepared+1","Acrobatics+1","PiercingWail","Bullet Time","Noxious Fumes+1","PiercingWail","Infinite Blades+1","Acrobatics+1","Cloak And Dagger+1","Cloak And Dagger+1"],"special_seed":0,"relics":["Eternal Feather","Frozen Egg 2","Dead Branch","Odd Mushroom","Cursed Key","Lantern","Dodecahedron","Empty Cage","Blue Candle"],"potions_floor_usage":[51],"damage_taken":[{"damage":14.0,"enemies":"Small Slimes","floor":1.0,"turns":7.0},{"damage":0.0,"enemies":"Cultist","floor":2.0,"turns":5.0},{"damage":1.0,"enemies":"2 Louse","floor":4.0,"turns":3.0},{"damage":8.0,"enemies":"Large Slime","floor":7.0,"turns":7.0},{"damage":3.0,"enemies":"Looter","floor":8.0,"turns":3.0},{"damage":13.0,"enemies":"3 Sentries","floor":12.0,"turns":9.0},{"damage":4.0,"enemies":"The Mushroom Lair","floor":14.0,"turns":3.0},{"damage":28.0,"enemies":"Slime Boss","floor":16.0,"turns":7.0},{"damage":20.0,"enemies":"Shell Parasite","floor":18.0,"turns":5.0},{"damage":3.0,"enemies":"2 Thieves","floor":22.0,"turns":3.0},{"damage":21.0,"enemies":"Snake Plant","floor":24.0,"turns":4.0},{"damage":24.0,"enemies":"Gremlin Leader","floor":30.0,"turns":5.0},{"damage":0.0,"enemies":"Snecko","floor":31.0,"turns":7.0},{"damage":44.0,"enemies":"Automaton","floor":33.0,"turns":12.0},{"damage":10.0,"enemies":"Orb Walker","floor":35.0,"turns":4.0},{"damage":13.0,"enemies":"3 Darklings","floor":36.0,"turns":6.0},{"damage":5.0,"enemies":"Sphere and 2 Shapes","floor":39.0,"turns":6.0},{"damage":15.0,"enemies":"Nemesis","floor":41.0,"turns":7.0},{"damage":11.0,"enemies":"Transient","floor":42.0,"turns":6.0},{"damage":7.0,"enemies":"Writhing Mass","floor":45.0,"turns":9.0},{"damage":36.0,"enemies":"Donu and Deca","floor":50.0,"turns":6.0},{"damage":59,"enemies":"Time Eater","floor":51,"turns":12}],"seed_played":"1193721315695167210","potions_obtained":[{"floor":1.0,"key":"GamblersBrew"},{"floor":8.0,"key":"Swift Potion"},{"floor":16.0,"key":"EssenceOfSteel"},{"floor":30.0,"key":"Ancient Potion"},{"floor":33.0,"key":"Regen Potion"},{"floor":36.0,"key":"Swift Potion"},{"floor":37.0,"key":"Strength Potion"}],"is_trial":false,"path_per_floor":["M","M","?","M","$","R","M","M","T","R","?","E","$","?","R","B",null,"M","?","?","?","M","R","M","R","T","$","R","?","E","M","R","B",null,"M","M","?","$","M","R","E","M","T","$","M","$","R","T","R","B","B"],"character_chosen":"THE_SILENT","items_purchased":["Dagger Spray","Noxious Fumes+1","Lantern","PiercingWail","Infinite Blades+1","GhostInAJar"],"campfire_rested":3,"item_purchase_floors":[5,13,27,38,38,46],"current_hp_per_floor":[45,45,45,44,44,53,45,42,42,51,56,43,43,39,51,23,59,39,33,33,33,30,42,21,57,57,57,71,51,27,27,64,20,62,52,39,39,39,34,71,56,45,45,45,38,38,56,56,74,38,0],"gold":3,"neow_bonus":"BOSS_RELIC","is_prod":false,"is_daily":false,"chose_seed":false,"campfire_upgraded":7,"win_rate":0,"timestamp":1553587935,"path_taken":["M","M","?","M","?","R","?","M","T","R","?","E","$","?","R","BOSS","M","?","?","?","M","R","?","R","T","$","R","?","E","M","R","BOSS","M","M","?","?","M","R","E","M","T","$","M","?","R","?","R","BOSS","BOSS"],"build_version":"2019-01-23","purchased_purges":2,"victory":false,"max_hp_per_floor":[66,66,66,66,66,66,66,66,66,66,71,71,71,71,71,71,71,71,71,71,71,71,71,71,71,71,71,71,76,76,76,76,76,76,76,76,76,76,76,76,76,76,76,76,76,76,76,76,76,76,76],"card_choices":[{"not_picked":["Masterful Stab","Slice"],"picked":"Crippling Poison","floor":1.0},{"not_picked":["Calculated Gamble","Flying Knee"],"picked":"Poisoned Stab","floor":2.0},{"not_picked":["Choke","Bane"],"picked":"PiercingWail","floor":4.0},{"not_picked":["Caltrops","Eviscerate"],"picked":"Backflip","floor":7.0},{"not_picked":["Backstab","Dagger Throw","All Out Attack"],"picked":"SKIP","floor":8.0},{"not_picked":["Concentrate","All Out Attack"],"picked":"Crippling Poison","floor":12.0},{"not_picked":["Poisoned Stab","Bouncing Flask"],"picked":"PiercingWail","floor":14.0},{"not_picked":["Burst","Die Die Die"],"picked":"Bullet Time","floor":16.0},{"not_picked":["Eviscerate","Heel Hook"],"picked":"Predator","floor":18.0},{"not_picked":["Endless Agony","Blade Dance"],"picked":"Prepared","floor":22.0},{"not_picked":["Poisoned Stab","Choke"],"picked":"Acrobatics","floor":24.0},{"not_picked":["Flechettes+1","Phantasmal Killer","Heel Hook+1"],"picked":"SKIP","floor":30.0},{"not_picked":["Poisoned Stab+1","Dodge and Roll"],"picked":"PiercingWail","floor":31.0},{"not_picked":["Unload","Tools of the Trade+1"],"picked":"Bullet Time","floor":33.0},{"not_picked":["Acrobatics","Skewer+1"],"picked":"Noxious Fumes+1","floor":35.0},{"not_picked":["Sucker Punch","Slice","Flying Knee"],"picked":"SKIP","floor":36.0},{"not_picked":["Blade Dance","Bane"],"picked":"Acrobatics+1","floor":39.0},{"not_picked":["Dagger Spray","Flechettes"],"picked":"Cloak And Dagger+1","floor":41.0},{"not_picked":["Poisoned Stab","Riddle With Holes+1","Sucker Punch"],"picked":"SKIP","floor":42.0},{"not_picked":["Backflip","Concentrate+1"],"picked":"Cloak And Dagger+1","floor":45.0}],"player_experience":797440,"relics_obtained":[{"floor":9.0,"key":"Frozen Egg 2"},{"floor":12.0,"key":"Dead Branch"},{"floor":14.0,"key":"Odd Mushroom"},{"floor":30.0,"key":"Dodecahedron"},{"floor":41.0,"key":"Blue Candle"}],"event_choices":[{"damage_healed":0.0,"max_hp_gain":0.0,"max_hp_loss":0.0,"gold_gain":0.0,"cards_transformed":["Strike_G"],"event_name":"Transmorgrifier","player_choice":"Transformed","floor":3.0,"gold_loss":0.0,"damage_taken":0.0,"cards_obtained":["Bane"]},{"damage_healed":0.0,"max_hp_gain":5.0,"max_hp_loss":0.0,"gold_gain":0.0,"event_name":"Big Fish","player_choice":"Donut","floor":11.0,"gold_loss":0.0,"damage_taken":0.0},{"damage_healed":0.0,"max_hp_gain":0.0,"max_hp_loss":0.0,"gold_gain":0.0,"event_name":"Mushrooms","player_choice":"Fought Mushrooms","floor":14.0,"gold_loss":0.0,"damage_taken":0.0},{"damage_healed":0.0,"max_hp_gain":0.0,"max_hp_loss":0.0,"gold_gain":0.0,"event_name":"Nest","player_choice":"Joined the Cult","floor":19.0,"gold_loss":0.0,"damage_taken":6.0,"cards_obtained":["RitualDagger"]},{"damage_healed":0.0,"max_hp_gain":0.0,"max_hp_loss":0.0,"gold_gain":0.0,"event_name":"Back to Basics","player_choice":"Simplicity","floor":20.0,"gold_loss":0.0,"damage_taken":0.0,"cards_upgraded":["Defend_G","Defend_G","Defend_G","Defend_G","Defend_G","Strike_G","Strike_G","Strike_G"]},{"damage_healed":0.0,"max_hp_gain":0.0,"max_hp_loss":0.0,"gold_gain":50.0,"event_name":"Golden Shrine","player_choice":"Pray","floor":21.0,"gold_loss":0.0,"damage_taken":0.0},{"damage_healed":0.0,"max_hp_gain":5.0,"max_hp_loss":0.0,"gold_gain":0.0,"event_name":"Forgotten Altar","player_choice":"Shed Blood","floor":29.0,"gold_loss":0.0,"damage_taken":25.0},{"damage_healed":0.0,"max_hp_gain":0.0,"max_hp_loss":0.0,"gold_gain":0.0,"event_name":"Lab","player_choice":"Got Potions","floor":37.0,"gold_loss":0.0,"damage_taken":0.0}],"is_beta":false,"boss_relics":[{"not_picked":["Philosopher\u0027s Stone","Lizard Tail"],"picked":"Cursed Key"},{"not_picked":["Fusion Hammer","White Beast Statue"],"picked":"Empty Cage"}],"items_purged_floors":[5,38],"is_endless":false,"potions_floor_spawned":[1,8,12,16,30,33,36,39],"killed_by":"Time Eater","ascension_level":20}