{"gold_per_floor":[110,125,191,191,207,207,55,55,55,55,72,107,117,128,128,231,231,243,261,261,14,28,28,59,59,83,83,96,109,141,16,16,113,113,129,142,155,255,265,265,62,62,62,96,96,111,121,139,139,139],"floor_reached":51,"playtime":2724,"items_purged":["Strike_R","Pain","Strike_R"],"score":945,"play_id":"30e668b3-39de-4ff5-bf05-b48f31268f48","local_time":"20190406025436","is_ascension_mode":true,"campfire_choices":[{"data":"Pommel Strike","floor":6,"key":"SMITH"},{"data":"Feed","floor":8,"key":"SMITH"},{"data":"Armaments","floor":15,"key":"SMITH"},{"floor":23,"key":"REST"},{"floor":27,"key":"REST"},{"floor":32,"key":"REST"},{"floor":40,"key":"REST"},{"data":"Exhume","floor":42,"key":"SMITH"},{"floor":49,"key":"REST"}],"neow_cost":"NONE","seed_source_timestamp":1324039059496,"circlet_count":0,"master_deck":["Strike_R","Strike_R+1","Strike_R","Defend_R","Defend_R","Defend_R+1","Defend_R","Bash+1","Thunderclap","Pommel Strike+1","Feed+1","Spot Weakness","Armaments+1","Offering","Disarm","Limit Break","Dropkick+1","Battle Trance","Dual Wield","Flex+1","Dropkick","Fiend Fire","Flame Barrier+1","Heavy Blade+1","Rage","Exhume+1","Panacea","Body Slam+1","Infernal Blade+1"],"relics":["Black Blood","Gremlin Horn","Prayer Wheel","Strawberry","Runic Cube","WarpedTongs","Blood Vial","Vajra","Regal Pillow","Bottled Lightning","Lee\u0027s Waffle","Incense Burner"],"potions_floor_usage":[19,28,30,50],"damage_taken":[{"damage":11,"enemies":"2 Louse","floor":1,"turns":3},{"damage":12,"enemies":"Jaw Worm","floor":2,"turns":3},{"damage":0,"enemies":"Cultist","floor":5,"turns":3},{"damage":0,"enemies":"3 Louse","floor":11,"turns":2},{"damage":12,"enemies":"3 Sentries","floor":12,"turns":4},{"damage":2,"enemies":"Gremlin Gang","floor":13,"turns":2},{"damage":6,"enemies":"Large Slime","floor":14,"turns":4},{"damage":64,"enemies":"Slime Boss","floor":16,"turns":9},{"damage":20,"enemies":"2 Thieves","floor":18,"turns":3},{"damage":30,"enemies":"Chosen","floor":19,"turns":6},{"damage":15,"enemies":"Snake Plant","floor":22,"turns":3},{"damage":68,"enemies":"Book of Stabbing","floor":24,"turns":6},{"damage":40,"enemies":"Centurion and Healer","floor":28,"turns":5},{"damage":18,"enemies":"Cultist and Chosen","floor":29,"turns":3},{"damage":33,"enemies":"Gremlin Leader","floor":30,"turns":3},{"damage":63,"enemies":"Champ","floor":33,"turns":7},{"damage":17,"enemies":"Orb Walker","floor":35,"turns":2},{"damage":42,"enemies":"3 Shapes","floor":36,"turns":2},{"damage":6,"enemies":"Jaw Worm Horde","floor":37,"turns":2},{"damage":53,"enemies":"Maw","floor":39,"turns":6},{"damage":28,"enemies":"Nemesis","floor":44,"turns":3},{"damage":36,"enemies":"Transient","floor":46,"turns":5},{"damage":19,"enemies":"Writhing Mass","floor":47,"turns":3},{"damage":33,"enemies":"Jaw Worm Horde","floor":48,"turns":3},{"damage":75,"enemies":"Donu and Deca","floor":50,"turns":5}],"seed_played":"7199192993651347090","potions_obtained":[{"floor":11,"key":"FairyPotion"},{"floor":14,"key":"SteroidPotion"},{"floor":16,"key":"Swift Potion"},{"floor":22,"key":"BloodPotion"},{"floor":33,"key":"Ancient Potion"},{"floor":39,"key":"SkillPotion"},{"floor":46,"key":"EssenceOfSteel"},{"floor":48,"key":"Strength Potion"}],"is_trial":false,"path_per_floor":["M","M","?","?","M","R","$","R","T","?","M","E","M","M","R","B",null,"M","M","?","$","M","R","E","$","T","R","M","M","E","$","R","B",null,"M","M","M","?","M","R","$","R","T","E","?","M","M","M","R","B",null],"character_chosen":"IRONCLAD","items_purchased":["Feed","Blood Vial","Lee\u0027s Waffle"],"campfire_rested":5,"item_purchase_floors":[7,21,41],"current_hp_per_floor":[75,69,69,53,59,59,59,59,59,59,69,74,82,86,86,32,88,78,58,58,58,51,85,29,29,29,79,62,52,31,31,84,29,103,102,76,82,82,41,96,142,142,142,124,124,100,93,76,134,71],"gold":139,"neow_bonus":"UPGRADE_CARD","is_prod":false,"is_daily":false,"chose_seed":false,"campfire_upgraded":4,"win_rate":0,"timestamp":1554490476,"path_taken":["M","M","?","?","M","R","$","R","T","?","M","E","M","M","R","BOSS","M","M","?","$","M","R","E","$","T","R","M","M","E","?","R","BOSS","M","M","M","?","?","R","$","R","T","E","?","M","M","M","R","BOSS"],"build_version":"2019-01-23","purchased_purges":3,"victory":true,"max_hp_per_floor":[80,80,80,80,80,80,80,80,80,80,84,95,99,103,103,107,107,111,115,115,115,115,115,119,119,119,119,123,123,127,127,127,127,127,131,135,135,135,135,135,142,142,142,142,142,142,142,146,146,146],"card_choices":[{"not_picked":["Warcry","Shrug It Off","Havoc"],"picked":"SKIP","floor":1},{"not_picked":["Warcry","Burning Pact"],"picked":"Thunderclap","floor":2},{"not_picked":["Clash","Wild Strike"],"picked":"Pommel Strike","floor":5},{"not_picked":["Thunderclap","Headbutt"],"picked":"Spot Weakness","floor":11},{"not_picked":["Twin Strike","Metallicize","Power Through"],"picked":"SKIP","floor":11},{"not_picked":["Shockwave","Sentinel"],"picked":"Armaments","floor":12},{"not_picked":["Rampage","Twin Strike"],"picked":"Offering","floor":13},{"not_picked":["Infernal Blade","Sword Boomerang","Spot Weakness"],"picked":"SKIP","floor":13},{"not_picked":["Body Slam","Headbutt"],"picked":"Disarm","floor":14},{"not_picked":["Wild Strike","Cleave","Iron Wave"],"picked":"SKIP","floor":14},{"not_picked":["Barricade","Impervious"],"picked":"Limit Break","floor":16},{"not_picked":["Sword Boomerang+1","Thunderclap","Flex"],"picked":"SKIP","floor":18},{"not_picked":["Hemokinesis","Sentinel","Clothesline"],"picked":"SKIP","floor":18},{"not_picked":["Iron Wave+1","Headbutt"],"picked":"Dropkick+1","floor":19},{"not_picked":["Burning Pact","Thunderclap+1","Twin Strike"],"picked":"SKIP","floor":19},{"not_picked":["True Grit","Clothesline","Feel No Pain"],"picked":"SKIP","floor":22},{"not_picked":["Demon Form","Power Through","True Grit+1"],"picked":"SKIP","floor":22},{"not_picked":["True Grit","Clothesline"],"picked":"Battle Trance","floor":24},{"not_picked":["Iron Wave+1","Thunderclap"],"picked":"Dual Wield","floor":28},{"not_picked":["Thunderclap+1","Corruption+1"],"picked":"Flex+1","floor":28},{"not_picked":["Bloodletting","Twin Strike"],"picked":"Dropkick","floor":29},{"not_picked":["Anger","Sword Boomerang","Iron Wave"],"picked":"SKIP","floor":29},{"not_picked":["Body Slam","Thunderclap","Blood for Blood"],"picked":"SKIP","floor":30},{"not_picked":["Offering","Impervious"],"picked":"Fiend Fire","floor":33},{"not_picked":["True Grit+1","Anger+1"],"picked":"Flame Barrier+1","floor":35},{"not_picked":["Havoc+1","Iron Wave","Clothesline"],"picked":"SKIP","floor":35},{"not_picked":["Havoc","Clothesline"],"picked":"Heavy Blade+1","floor":36},{"not_picked":["Twin Strike","Clothesline+1","True Grit+1"],"picked":"SKIP","floor":36},{"not_picked":["Carnage","Shrug It Off"],"picked":"Rage","floor":37},{"not_picked":["Warcry","Battle Trance","Havoc+1"],"picked":"SKIP","floor":37},{"not_picked":["Clash","Cleave+1"],"picked":"Exhume","floor":39},{"not_picked":["Perfected Strike","Wild Strike","Anger"],"picked":"SKIP","floor":39},{"not_picked":["Sword Boomerang+1","Headbutt","Armaments"],"picked":"SKIP","floor":44},{"not_picked":["Violence","Finesse"],"picked":"Panacea","floor":45},{"not_picked":["Clash+1","Flex+1"],"picked":"Body Slam+1","floor":46},{"not_picked":["Warcry+1","Heavy Blade"],"picked":"Infernal Blade+1","floor":46},{"not_picked":["Blood for Blood+1","Combust+1","Havoc"],"picked":"SKIP","floor":47},{"not_picked":["True Grit","Combust+1","Wild Strike+1"],"picked":"SKIP","floor":47},{"not_picked":["Searing Blow","Battle Trance+1","Headbutt"],"picked":"SKIP","floor":48},{"not_picked":["Second Wind","Clothesline","Warcry"],"picked":"SKIP","floor":48}],"player_experience":417457,"relics_obtained":[{"floor":9,"key":"Gremlin Horn"},{"floor":12,"key":"Strawberry"},{"floor":24,"key":"Vajra"},{"floor":26,"key":"Regal Pillow"},{"floor":30,"key":"Bottled Lightning"},{"floor":44,"key":"Incense Burner"}],"event_choices":[{"damage_healed":0,"gold_gain":66,"player_choice":"Gained Gold","damage_taken":0,"max_hp_gain":0,"max_hp_loss":0,"event_name":"Golden Wing","floor":3,"gold_loss":0},{"damage_healed":0,"gold_gain":0,"player_choice":"Entered Light","damage_taken":16,"max_hp_gain":0,"max_hp_loss":0,"event_name":"Shining Light","floor":4,"gold_loss":0,"cards_upgraded":["Defend_R","Strike_R"]},{"damage_healed":0,"gold_gain":0,"player_choice":"Searched \u00271\u0027 times","damage_taken":0,"relics_obtained":["Prayer Wheel"],"max_hp_gain":0,"max_hp_loss":0,"event_name":"Dead Adventurer","floor":10,"gold_loss":0},{"damage_healed":0,"gold_gain":0,"player_choice":"Rummage","damage_taken":0,"relics_obtained":["WarpedTongs"],"max_hp_gain":0,"max_hp_loss":0,"event_name":"Accursed Blacksmith","floor":20,"gold_loss":0,"cards_obtained":["Pain"]},{"damage_healed":0,"gold_gain":100,"player_choice":"Pray","damage_taken":0,"max_hp_gain":0,"max_hp_loss":0,"event_name":"Golden Shrine","floor":38,"gold_loss":0},{"damage_healed":0,"gold_gain":0,"player_choice":"Memory 1","damage_taken":0,"max_hp_gain":0,"max_hp_loss":0,"event_name":"SensoryStone","floor":45,"gold_loss":0}],"is_beta":false,"boss_relics":[{"not_picked":["Orrery","Fusion Hammer"],"picked":"Runic Cube"},{"not_picked":["Velvet Choker","Eternal Feather"],"picked":"Black Blood"}],"items_purged_floors":[7,21,31],"is_endless":false,"potions_floor_spawned":[11,14,16,18,22,33,39,46,47,48],"ascension_level":5}