{"gold_per_floor":[118,118,138,152,2,2,14,45,122,122],"floor_reached":10,"playtime":547,"items_purged":[],"score":102,"play_id":"2a092b6d-043f-4a2c-b99d-cf06a2bfb158","local_time":"20190502194928","is_ascension_mode":true,"campfire_choices":[{"data":"True Grit","floor":6.0,"key":"SMITH"}],"neow_cost":"NONE","seed_source_timestamp":0,"circlet_count":0,"master_deck":["AscendersBane","Strike_R","Strike_R","Strike_R","Strike_R+1","Strike_R","Defend_R","Defend_R","Defend_R+1","Defend_R","Bash","Pummel","Ghostly Armor","True Grit+1","Headbutt","Havoc"],"special_seed":0,"relics":["Burning Blood","NeowsBlessing","PreservedInsect","Shovel","Toxic Egg 2"],"potions_floor_usage":[],"damage_taken":[{"damage":0.0,"enemies":"2 Louse","floor":1.0,"turns":1.0},{"damage":0.0,"enemies":"Small Slimes","floor":3.0,"turns":1.0},{"damage":0.0,"enemies":"Cultist","floor":4.0,"turns":1.0},{"damage":28.0,"enemies":"Gremlin Gang","floor":7.0,"turns":7.0},{"damage":28,"enemies":"Gremlin Nob","floor":8,"turns":5},{"damage":13,"enemies":"Lagavulin","floor":10,"turns":6}],"seed_played":"-2768601130616897602","potions_obtained":[{"floor":3.0,"key":"AttackPotion"}],"is_trial":false,"path_per_floor":["M","?","M","M","$","R","M","E","T","E"],"character_chosen":"IRONCLAD","items_purchased":["PreservedInsect"],"campfire_rested":0,"item_purchase_floors":[5],"current_hp_per_floor":[78,62,68,74,74,74,52,30,30,17],"gold":122,"neow_bonus":"THREE_ENEMY_KILL","is_prod":false,"is_daily":false,"chose_seed":false,"campfire_upgraded":1,"win_rate":0,"timestamp":1556844568,"path_taken":["M","?","M","M","$","R","M","E","T","E"],"build_version":"2019-01-23","purchased_purges":0,"victory":false,"max_hp_per_floor":[80,80,80,80,80,80,80,80,80,80],"card_choices":[{"not_picked":["Perfected Strike","Sword Boomerang"],"picked":"Pummel","floor":1.0},{"not_picked":["Corruption","Clothesline"],"picked":"Ghostly Armor","floor":3.0},{"not_picked":["Sword Boomerang","Armaments"],"picked":"True Grit","floor":4.0},{"not_picked":["Dual Wield","Heavy Blade"],"picked":"Headbutt","floor":7.0},{"not_picked":["Anger","Heavy Blade"],"picked":"Havoc","floor":8}],"player_experience":371226,"relics_obtained":[{"floor":8,"key":"Shovel"},{"floor":9,"key":"Toxic Egg 2"}],"event_choices":[{"damage_healed":0.0,"max_hp_gain":0.0,"max_hp_loss":0.0,"gold_gain":0.0,"event_name":"Shining Light","player_choice":"Entered Light","floor":2.0,"gold_loss":0.0,"damage_taken":16.0,"cards_upgraded":["Defend_R","Strike_R"]}],"is_beta":false,"boss_relics":[],"items_purged_floors":[],"is_endless":false,"potions_floor_spawned":[3],"killed_by":"Lagavulin","ascension_level":10}