{"gold_per_floor":[109,109,129,145,145,145,180,180,180,180,10,41,66,89,89,210,210,233,252,61,84,284,284],"floor_reached":23,"playtime":1554,"items_purged":["Strike_R"],"score":221,"play_id":"8d4fd854-9ab3-4e02-b37a-3afcec274183","local_time":"20190428003307","is_ascension_mode":true,"campfire_choices":[{"data":"Bash","floor":6,"key":"SMITH"},{"data":"Heavy Blade","floor":8,"key":"SMITH"},{"floor":10,"key":"REST"},{"floor":15,"key":"REST"}],"neow_cost":"NONE","seed_source_timestamp":354360789674240,"circlet_count":0,"master_deck":["Bash+1","Heavy Blade+1","Armaments","Cleave+1","True Grit","Spot Weakness","Juggernaut","Impervious","Pummel+1","Rupture","Wild Strike+1","Limit Break","Searing Blow+1","Cleave+1","True Grit","Inflame","Anger+1"],"relics":["Burning Blood","Golden Idol","Gambling Chip","Molten Egg 2","Kunai","Pandora\u0027s Box","Strange Spoon"],"potions_floor_usage":[7,12,14,16,23],"damage_taken":[{"damage":4,"enemies":"2 Louse","floor":1,"turns":4},{"damage":6,"enemies":"Cultist","floor":3,"turns":3},{"damage":5,"enemies":"Small Slimes","floor":4,"turns":4},{"damage":44,"enemies":"Lagavulin","floor":7,"turns":6},{"damage":17,"enemies":"3 Sentries","floor":12,"turns":7},{"damage":24,"enemies":"Exordium Wildlife","floor":13,"turns":5},{"damage":24,"enemies":"Large Slime","floor":14,"turns":6},{"damage":36,"enemies":"Slime Boss","floor":16,"turns":9},{"damage":16,"enemies":"Shell Parasite","floor":18,"turns":4},{"damage":31,"enemies":"2 Thieves","floor":19,"turns":4},{"damage":49,"enemies":"Centurion and Healer","floor":21,"turns":6},{"damage":16,"enemies":"Book of Stabbing","floor":23,"turns":2}],"seed_played":"367018955215121440","potions_obtained":[{"floor":1,"key":"Ancient Potion"},{"floor":3,"key":"AttackPotion"},{"floor":7,"key":"Swift Potion"},{"floor":14,"key":"AttackPotion"},{"floor":19,"key":"EssenceOfSteel"}],"is_trial":false,"path_per_floor":["M","?","M","M","?","R","E","R","T","R","$","E","M","M","R","B",null,"M","M","$","M","?","E"],"character_chosen":"IRONCLAD","items_purchased":["Armaments","SteroidPotion","Strange Spoon"],"campfire_rested":2,"item_purchase_floors":[11,11,20],"current_hp_per_floor":[88,93,93,93,70,70,32,32,32,59,59,48,30,12,39,9,93,83,58,58,15,15,0],"gold":284,"neow_bonus":"TEN_PERCENT_HP_BONUS","is_prod":false,"is_daily":false,"chose_seed":false,"campfire_upgraded":2,"win_rate":0,"timestamp":1556425987,"path_taken":["M","?","M","M","?","R","E","R","T","R","$","E","M","M","R","BOSS","M","M","$","M","?","E"],"build_version":"2019-01-23","purchased_purges":1,"victory":false,"max_hp_per_floor":[88,93,93,93,93,93,93,93,93,93,93,93,93,93,93,93,93,93,93,93,93,93,93],"card_choices":[{"not_picked":["Combust","Sentinel"],"picked":"Heavy Blade","floor":1},{"not_picked":["Flex","Perfected Strike","Sword Boomerang"],"picked":"SKIP","floor":3},{"not_picked":["Rupture","Body Slam","Havoc"],"picked":"SKIP","floor":4},{"not_picked":["Clash","Headbutt","Havoc"],"picked":"SKIP","floor":7},{"not_picked":["Warcry","Thunderclap+1"],"picked":"Cleave+1","floor":12},{"not_picked":["Burning Pact","Twin Strike+1"],"picked":"True Grit","floor":13},{"not_picked":["Body Slam+1","Flex"],"picked":"Spot Weakness","floor":14},{"not_picked":["Fiend Fire+1","Bludgeon+1"],"picked":"Juggernaut","floor":16},{"not_picked":["Clash+1","Perfected Strike+1"],"picked":"Inflame","floor":18},{"not_picked":["Dropkick+1","Warcry"],"picked":"Anger+1","floor":19},{"not_picked":["Rage","Sword Boomerang+1","Evolve"],"picked":"SKIP","floor":21}],"player_experience":59656,"relics_obtained":[{"floor":7,"key":"Gambling Chip"},{"floor":9,"key":"Molten Egg 2"},{"floor":12,"key":"Kunai"}],"event_choices":[{"damage_healed":0,"gold_gain":0,"player_choice":"Donut","damage_taken":0,"max_hp_gain":5,"max_hp_loss":0,"event_name":"Big Fish","floor":2,"gold_loss":0},{"damage_healed":0,"gold_gain":0,"player_choice":"Take Damage","damage_taken":23,"relics_obtained":["Golden Idol"],"max_hp_gain":0,"max_hp_loss":0,"event_name":"Golden Idol","floor":5,"gold_loss":0},{"damage_healed":0,"gold_gain":200,"player_choice":"Gold","damage_taken":0,"max_hp_gain":0,"max_hp_loss":0,"event_name":"Wheel of Change","floor":22,"gold_loss":0}],"is_beta":false,"boss_relics":[{"not_picked":["Lizard Tail","Ectoplasm"],"picked":"Pandora\u0027s Box"}],"items_purged_floors":[11],"is_endless":false,"potions_floor_spawned":[1,3,7,14,19],"killed_by":"Book of Stabbing","ascension_level":2}