{"gold_per_floor":[111,186,186,204,204,237,237,249,249,249,277,277,288,307,307,384,384,399,324,342,342,361,361,381,46,71,71,21,38,38,58,58,58],"floor_reached":33,"playtime":1376,"items_purged":[],"score":479,"play_id":"21331ced-9464-4200-8d3f-970ce02620fc","local_time":"20190513005610","is_ascension_mode":true,"campfire_choices":[{"data":"Uppercut","floor":7.0,"key":"SMITH"},{"data":"Disarm","floor":10.0,"key":"SMITH"},{"data":"Bludgeon","floor":12.0,"key":"SMITH"},{"data":"Shockwave","floor":15.0,"key":"SMITH"},{"floor":23.0,"key":"REST"},{"floor":30,"key":"REST"},{"floor":32,"key":"REST"}],"neow_cost":"NONE","seed_source_timestamp":1369354821116802,"circlet_count":0,"master_deck":["AscendersBane","Strike_R","Strike_R","Strike_R","Defend_R","Defend_R","Defend_R","Defend_R","Bash","Inflame","Uppercut+1","Disarm+1","Bludgeon+1","Shockwave+1","Demon Form","Whirlwind+1","Inflame","Disarm","Inflame"],"special_seed":0,"relics":["Burning Blood","NeowsBlessing","Ginger","Incense Burner","Gambling Chip","Runic Pyramid","StoneCalendar","Bag of Marbles"],"potions_floor_usage":[29,33],"damage_taken":[{"damage":0.0,"enemies":"2 Louse","floor":1.0,"turns":1.0},{"damage":0.0,"enemies":"Jaw Worm","floor":4.0,"turns":1.0},{"damage":0.0,"enemies":"Lagavulin","floor":6.0,"turns":1.0},{"damage":0.0,"enemies":"Small Slimes","floor":8.0,"turns":3.0},{"damage":35.0,"enemies":"3 Sentries","floor":11.0,"turns":11.0},{"damage":1.0,"enemies":"Exordium Wildlife","floor":13.0,"turns":2.0},{"damage":26.0,"enemies":"Lots of Slimes","floor":14.0,"turns":5.0},{"damage":17.0,"enemies":"Slime Boss","floor":16.0,"turns":9.0},{"damage":25.0,"enemies":"2 Thieves","floor":18.0,"turns":5.0},{"damage":23.0,"enemies":"Shell Parasite","floor":20.0,"turns":6.0},{"damage":21.0,"enemies":"3 Cultists","floor":22.0,"turns":5.0},{"damage":35.0,"enemies":"Centurion and Healer","floor":24.0,"turns":7.0},{"damage":15,"enemies":"Cultist and Chosen","floor":29,"turns":5},{"damage":35,"enemies":"Sentry and Sphere","floor":31,"turns":7},{"damage":64,"enemies":"Automaton","floor":33,"turns":6}],"seed_played":"4246419867237599866","potions_obtained":[{"floor":1.0,"key":"FearPotion"},{"floor":14.0,"key":"EssenceOfSteel"},{"floor":16.0,"key":"Poison Potion"},{"floor":18.0,"key":"Regen Potion"},{"floor":20.0,"key":"Swift Potion"}],"is_trial":false,"path_per_floor":["M","?","?","M","?","E","R","M","T","R","E","R","M","M","R","B",null,"M","?","M","?","M","R","M","$","T","$","?","M","R","M","R","B"],"character_chosen":"IRONCLAD","items_purchased":["Disarm","StoneCalendar"],"campfire_rested":3,"item_purchase_floors":[25,25],"current_hp_per_floor":[74,63,68,74,74,80,80,80,80,80,51,51,56,36,36,25,66,47,47,45,45,30,54,25,25,25,25,25,16,40,11,35,0],"gold":58,"neow_bonus":"THREE_ENEMY_KILL","is_prod":false,"is_daily":false,"chose_seed":false,"campfire_upgraded":4,"win_rate":0,"timestamp":1557680170,"path_taken":["M","?","?","M","?","E","R","M","T","R","E","R","M","M","R","BOSS","M","?","M","?","M","R","?","$","T","?","?","M","R","M","R","BOSS"],"build_version":"2019-01-23","purchased_purges":0,"victory":false,"max_hp_per_floor":[75,75,80,80,80,80,80,80,80,80,80,80,80,80,80,80,80,80,80,80,80,80,80,80,80,80,80,80,80,80,80,80,80],"card_choices":[{"not_picked":["Rupture","Clothesline","Twin Strike"],"picked":"SKIP","floor":1.0},{"not_picked":["Heavy Blade","Rampage"],"picked":"Inflame","floor":4.0},{"not_picked":["Iron Wave","Body Slam"],"picked":"Uppercut","floor":6.0},{"not_picked":["Combust","Armaments"],"picked":"Disarm","floor":8.0},{"not_picked":["Clash","Wild Strike"],"picked":"Bludgeon","floor":11.0},{"not_picked":["Warcry","Armaments","Blood for Blood"],"picked":"SKIP","floor":13.0},{"not_picked":["Heavy Blade","Disarm"],"picked":"Shockwave","floor":14.0},{"not_picked":["Impervious","Fiend Fire"],"picked":"Demon Form","floor":16.0},{"not_picked":["Sentinel+1","Power Through"],"picked":"Whirlwind+1","floor":18.0},{"not_picked":["Twin Strike","Pommel Strike"],"picked":"Inflame","floor":20.0},{"not_picked":["Reckless Charge","Headbutt+1","Anger"],"picked":"SKIP","floor":22.0},{"not_picked":["Sword Boomerang","Entrench","Uppercut"],"picked":"SKIP","floor":24.0},{"not_picked":["Uppercut","Clash"],"picked":"Inflame","floor":29},{"not_picked":["Rampage+1","Pummel","Cleave"],"picked":"SKIP","floor":31}],"player_experience":517387,"relics_obtained":[{"floor":6.0,"key":"Ginger"},{"floor":9.0,"key":"Incense Burner"},{"floor":11.0,"key":"Gambling Chip"},{"floor":26.0,"key":"Bag of Marbles"}],"event_choices":[{"damage_healed":0.0,"max_hp_gain":0.0,"max_hp_loss":0.0,"gold_gain":75.0,"event_name":"World of Goop","player_choice":"Gather Gold","floor":2.0,"gold_loss":0.0,"damage_taken":11.0},{"damage_healed":0.0,"max_hp_gain":5.0,"max_hp_loss":0.0,"gold_gain":0.0,"event_name":"Big Fish","player_choice":"Donut","floor":3.0,"gold_loss":0.0,"damage_taken":0.0},{"cards_removed":["Strike_R"],"damage_healed":0.0,"max_hp_gain":0.0,"max_hp_loss":0.0,"gold_gain":0.0,"event_name":"Living Wall","player_choice":"Forget","floor":5.0,"gold_loss":0.0,"damage_taken":0.0},{"cards_removed":["Strike_R"],"damage_healed":0.0,"max_hp_gain":0.0,"max_hp_loss":0.0,"gold_gain":0.0,"event_name":"Beggar","player_choice":"Gave Gold","floor":19.0,"gold_loss":75.0,"damage_taken":0.0},{"damage_healed":0.0,"max_hp_gain":0.0,"max_hp_loss":0.0,"gold_gain":0.0,"event_name":"Vampires","player_choice":"Ignored","floor":21.0,"gold_loss":0.0,"damage_taken":0.0},{"damage_healed":0.0,"max_hp_gain":0.0,"max_hp_loss":0.0,"gold_gain":0.0,"event_name":"The Joust","player_choice":"Bet on Murderer","floor":28.0,"gold_loss":50.0,"damage_taken":0.0}],"is_beta":false,"boss_relics":[{"not_picked":["Black Blood","Lizard Tail"],"picked":"Runic Pyramid"}],"items_purged_floors":[],"is_endless":false,"potions_floor_spawned":[1,14,16,18,20,24],"killed_by":"Automaton","ascension_level":14}