{"gold_per_floor":[163,52,202,30,40,54,54,72,72,72,82,82,82,96,96,96],"floor_reached":16,"playtime":590,"items_purged":["Doubt"],"score":161,"play_id":"b7ec7e0c-cc8e-4b66-8523-dd1f86a9a64c","local_time":"20190121125934","is_ascension_mode":true,"campfire_choices":[{"data":"Blind","floor":7,"key":"SMITH"},{"data":"Footwork","floor":12,"key":"SMITH"},{"floor":15,"key":"REST"}],"neow_cost":"NONE","seed_source_timestamp":1426308544622512,"circlet_count":0,"master_deck":["AscendersBane","Defend_G","Defend_G","Defend_G+1","Defend_G","Defend_G+1","Strike_G","Strike_G","Strike_G","Strike_G","Strike_G+1","Survivor","Neutralize","Dash","Footwork+1","Blur","All Out Attack","Blind+1","Cloak And Dagger","Bullet Time"],"relics":["Tiny House","Blue Candle","Gambling Chip"],"potions_floor_usage":[8,16,16],"damage_taken":[{"damage":0,"enemies":"2 Louse","floor":1,"turns":3},{"damage":4,"enemies":"Small Slimes","floor":5,"turns":5},{"damage":0,"enemies":"Cultist","floor":6,"turns":4},{"damage":1,"enemies":"Looter","floor":8,"turns":3},{"damage":6,"enemies":"Blue Slaver","floor":11,"turns":5},{"damage":0,"enemies":"Gremlin Gang","floor":14,"turns":6},{"damage":61,"enemies":"Slime Boss","floor":16,"turns":9}],"seed_played":"8540213922752592375","potions_obtained":[{"floor":0,"key":"EssenceOfSteel"},{"floor":1,"key":"SpeedPotion"},{"floor":6,"key":"Poison Potion"},{"floor":14,"key":"Fire Potion"}],"is_trial":false,"path_per_floor":["M","$","?","$","M","M","R","M","T","?","M","R","?","M","R","B"],"character_chosen":"THE_SILENT","items_purchased":["Blur","All Out Attack","Blind"],"campfire_rested":1,"item_purchase_floors":[2,2,4],"current_hp_per_floor":[64,64,64,64,60,60,60,59,59,59,53,53,32,32,53,0],"gold":96,"neow_bonus":"BOSS_RELIC","is_prod":false,"is_daily":false,"chose_seed":false,"campfire_upgraded":2,"win_rate":0,"timestamp":1548043174,"path_taken":["M","$","?","$","M","M","R","M","T","?","?","R","?","M","R","BOSS"],"build_version":"2019-01-17v2","purchased_purges":1,"victory":false,"max_hp_per_floor":[71,71,71,71,71,71,71,71,71,71,71,71,71,71,71,71],"card_choices":[{"not_picked":["Dodge and Roll","Accuracy"],"picked":"Dash","floor":0},{"not_picked":["Blade Dance","Poisoned Stab"],"picked":"Footwork","floor":1},{"not_picked":["Blade Dance","Poisoned Stab"],"picked":"Cloak And Dagger","floor":5},{"not_picked":["Slice","Bane","Outmaneuver"],"picked":"SKIP","floor":6},{"not_picked":["Dodge and Roll","Finisher"],"picked":"Bullet Time","floor":8},{"not_picked":["Expertise","Poisoned Stab","Underhanded Strike"],"picked":"SKIP","floor":11},{"not_picked":["Reflex","Eviscerate","Deadly Poison"],"picked":"SKIP","floor":14}],"player_experience":413166,"relics_obtained":[{"floor":9,"key":"Blue Candle"},{"floor":10,"key":"Gambling Chip"}],"event_choices":[{"damage_healed":0,"gold_gain":150,"player_choice":"AGREE","damage_taken":0,"max_hp_gain":0,"max_hp_loss":0,"event_name":"Liars Game","floor":3,"gold_loss":0,"cards_obtained":["Doubt"]},{"damage_healed":0,"gold_gain":0,"player_choice":"Relic","damage_taken":0,"max_hp_gain":0,"max_hp_loss":0,"event_name":"Wheel of Change","floor":10,"gold_loss":0},{"damage_healed":0,"gold_gain":0,"player_choice":"Entered Light","damage_taken":21,"max_hp_gain":0,"max_hp_loss":0,"event_name":"Shining Light","floor":13,"gold_loss":0,"cards_upgraded":["Defend_G","Defend_G"]}],"is_beta":false,"boss_relics":[],"items_purged_floors":[4],"is_endless":false,"potions_floor_spawned":[1,6,14],"killed_by":"Slime Boss","ascension_level":15}