{"gold_per_floor":[112,123,135,81,96,130,141,141,171,190,222,222,278,295,295,399,399,417,417,77,77,77,77,110,110,155,155,188,205,219,76,76,180,180,192,212,224,224,174,174,205,205,205,238,238,253,267,267,267,267],"floor_reached":51,"playtime":4099,"items_purged":["Defend_R","Defend_R"],"score":922,"play_id":"832e86e2-1360-46fd-9fca-2b75817e9b67","local_time":"20180624085959","is_ascension_mode":true,"campfire_choices":[{"data":"Armaments","floor":8,"key":"SMITH"},{"data":"Armaments","floor":12,"key":"SMITH"},{"data":"Entrench","floor":15,"key":"SMITH"},{"data":"Demon Form","floor":23,"key":"SMITH"},{"data":"Rupture","floor":25,"key":"SMITH"},{"floor":27,"key":"REST"},{"floor":32,"key":"REST"},{"data":"Double Tap","floor":40,"key":"SMITH"},{"data":"Offering","floor":42,"key":"SMITH"},{"floor":49,"key":"REST"}],"neow_cost":"NONE","seed_source_timestamp":671033470236720,"circlet_count":0,"master_deck":["Strike_R","Strike_R","Strike_R","Strike_R","Defend_R","Bash","Perfected Strike","Armaments+1","Shrug It Off","Twin Strike","Armaments+1","Rage","Inflame","Combust","Entrench+1","Battle Trance","Demon Form+1","Anger","Rupture+1","Shrug It Off","Perfected Strike+1","Body Slam+1","Double Tap+1","Heavy Blade+1","Shockwave","Shrug It Off","Offering+1","Body Slam+1","Iron Wave+1","Swift Strike+1","Flash of Steel+1","Trip"],"relics":["Burning Blood","Art of War","Tiny Chest","Happy Flower","Smiling Mask","Sozu","Calipers","Mango","Molten Egg 2","Orichalcum","Bag of Preparation","Busted Crown","Anchor","Omamori","Magic Flower"],"potions_floor_usage":[5,6,10,11,16],"damage_taken":[{"damage":7,"enemies":"2 Louse","floor":1,"turns":4},{"damage":10,"enemies":"Small Slimes","floor":2,"turns":3},{"damage":2,"enemies":"Jaw Worm","floor":3,"turns":3},{"damage":34,"enemies":"Large Slime","floor":5,"turns":5},{"damage":27,"enemies":"Lagavulin","floor":6,"turns":7},{"damage":9,"enemies":"Exordium Thugs","floor":7,"turns":6},{"damage":0,"enemies":"3 Louse","floor":10,"turns":2},{"damage":0,"enemies":"3 Sentries","floor":11,"turns":8},{"damage":17,"enemies":"3 Sentries","floor":13,"turns":6},{"damage":1,"enemies":"Large Slime","floor":14,"turns":4},{"damage":21,"enemies":"The Guardian","floor":16,"turns":11},{"damage":31,"enemies":"Chosen","floor":18,"turns":6},{"damage":28,"enemies":"Slavers","floor":24,"turns":5},{"damage":43,"enemies":"Book of Stabbing","floor":28,"turns":6},{"damage":5,"enemies":"Shell Parasite","floor":29,"turns":4},{"damage":20,"enemies":"3 Cultists","floor":30,"turns":5},{"damage":27,"enemies":"Champ","floor":33,"turns":8},{"damage":5,"enemies":"3 Shapes","floor":35,"turns":3},{"damage":4,"enemies":"Orb Walker","floor":36,"turns":3},{"damage":7,"enemies":"Maw","floor":37,"turns":5},{"damage":10,"enemies":"Nemesis","floor":41,"turns":5},{"damage":6,"enemies":"Giant Head","floor":44,"turns":4},{"damage":0,"enemies":"Sphere and 2 Shapes","floor":46,"turns":3},{"damage":30,"enemies":"3 Darklings","floor":47,"turns":4},{"damage":95,"enemies":"Time Eater","floor":50,"turns":8}],"seed_played":"3648732132326641090","potions_obtained":[{"floor":1,"key":"Regen Potion"},{"floor":3,"key":"SkillPotion"},{"floor":6,"key":"Explosive Potion"},{"floor":10,"key":"EssenceOfSteel"},{"floor":14,"key":"EssenceOfSteel"}],"is_trial":false,"path_per_floor":["M","M","M","$","M","E","M","R","T","M","E","R","?","M","R","B",null,"M","?","$","?","T","R","E","R","T","R","E","M","M","$","R","B",null,"M","M","M","?","$","R","E","R","T","E","?","M","M","?","R","B"],"character_chosen":"IRONCLAD","items_purchased":["Twin Strike","Calipers","Shrug It Off","Shockwave","Shrug It Off"],"campfire_rested":3,"item_purchase_floors":[4,20,20,31,31],"current_hp_per_floor":[87,83,87,87,59,53,50,50,50,56,62,62,51,56,56,41,88,63,63,63,63,77,77,55,55,55,85,48,49,35,35,65,44,102,102,102,101,101,101,101,97,97,97,97,87,96,75,75,102,16],"gold":267,"neow_bonus":"TEN_PERCENT_HP_BONUS","is_prod":false,"is_daily":false,"chose_seed":false,"campfire_upgraded":7,"win_rate":0,"timestamp":1529848799,"path_taken":["M","M","M","$","M","E","M","R","T","M","E","R","?","M","R","BOSS","M","?","$","?","?","R","E","R","T","R","E","?","M","?","R","BOSS","M","M","M","?","$","R","E","R","T","E","?","?","M","?","R","BOSS"],"build_version":"2018-06-21v2","purchased_purges":2,"victory":true,"max_hp_per_floor":[88,88,88,88,88,88,88,88,88,88,88,88,88,88,88,88,88,88,88,88,88,102,102,102,102,102,102,102,102,102,102,102,102,102,102,102,102,102,102,102,102,102,102,102,102,102,102,102,102,102],"card_choices":[{"not_picked":["Metallicize","Dual Wield"],"picked":"Perfected Strike","floor":1},{"not_picked":["Havoc","Heavy Blade"],"picked":"Armaments","floor":2},{"not_picked":["True Grit","Clash"],"picked":"Shrug It Off","floor":3},{"not_picked":["Headbutt","Corruption"],"picked":"Armaments","floor":5},{"not_picked":["Body Slam","Havoc"],"picked":"Rage","floor":6},{"not_picked":["Armaments","Whirlwind"],"picked":"Inflame","floor":7},{"not_picked":["Seeing Red","Dark Embrace","Power Through"],"picked":"SKIP","floor":10},{"not_picked":["Shrug It Off","Flex"],"picked":"Combust","floor":11},{"not_picked":["Heavy Blade","Anger"],"picked":"Entrench","floor":13},{"not_picked":["Seeing Red","Dropkick"],"picked":"Battle Trance","floor":14},{"not_picked":["Dark Embrace","Juggernaut"],"picked":"Demon Form","floor":16},{"not_picked":["Bloodletting","Flex"],"picked":"Anger","floor":18},{"not_picked":["Seeing Red+1","Carnage+1"],"picked":"Perfected Strike","floor":24},{"not_picked":["Flex","Pommel Strike+1"],"picked":"Body Slam+1","floor":28},{"not_picked":["Clash+1","Searing Blow+1"],"picked":"Double Tap","floor":29},{"not_picked":["Warcry+1","Sword Boomerang+1"],"picked":"Heavy Blade+1","floor":30},{"not_picked":["Barricade","Fiend Fire+1"],"picked":"Offering","floor":33},{"not_picked":[],"picked":"Body Slam+1","floor":35},{"not_picked":["Clash+1"],"picked":"SKIP","floor":36},{"not_picked":["Warcry"],"picked":"SKIP","floor":37},{"not_picked":["Power Through"],"picked":"SKIP","floor":41},{"not_picked":[],"picked":"Iron Wave+1","floor":44},{"not_picked":[],"picked":"Swift Strike+1","floor":45},{"not_picked":[],"picked":"Flash of Steel+1","floor":45},{"not_picked":[],"picked":"Trip","floor":45},{"not_picked":["Shrug It Off"],"picked":"SKIP","floor":46},{"not_picked":["Sword Boomerang+1"],"picked":"SKIP","floor":47}],"player_experience":140018,"relics_obtained":[{"floor":6,"key":"Art of War"},{"floor":9,"key":"Tiny Chest"},{"floor":11,"key":"Happy Flower"},{"floor":22,"key":"Mango"},{"floor":24,"key":"Molten Egg 2"},{"floor":26,"key":"Orichalcum"},{"floor":28,"key":"Bag of Preparation"},{"floor":41,"key":"Anchor"},{"floor":43,"key":"Omamori"},{"floor":44,"key":"Magic Flower"}],"event_choices":[{"event_name":"Dead Adventurer","player_choice":"Searched \u00272\u0027 times","floor":13,"damage_taken":0},{"event_name":"The Library","player_choice":"Read","floor":19,"damage_taken":0},{"event_name":"Ghosts","player_choice":"Ignored","floor":21,"damage_taken":0},{"event_name":"Bonfire Elementals","player_choice":"BASIC","floor":38,"damage_taken":0},{"event_name":"SensoryStone","player_choice":"Memory 3","floor":45,"damage_taken":0},{"event_name":"Falling","player_choice":"Removed Attack","floor":48,"damage_taken":0}],"boss_relics":[{"not_picked":["Coffee Dripper","Runic Cube"],"picked":"Sozu"},{"not_picked":["Philosopher\u0027s Stone","Astrolabe"],"picked":"Busted Crown"}],"items_purged_floors":[31,39],"is_endless":false,"potions_floor_spawned":[1,3,6,10,14,24,30,35,44,47],"ascension_level":3}