{"gold_per_floor":[114,134,154,154,154,154,179,193,193,118,131,131,146,146,146,243,243,256,224,34,34],"floor_reached":21,"playtime":2216,"items_purged":["Writhe"],"score":181,"play_id":"42ea31ec-335a-490f-b56d-06ab5a949134","local_time":"20190421035933","is_ascension_mode":false,"campfire_choices":[{"data":"Bash","floor":6,"key":"SMITH"},{"data":"Pommel Strike","floor":12,"key":"SMITH"},{"data":"Limit Break","floor":15,"key":"SMITH"}],"neow_cost":"NONE","seed_source_timestamp":35498591662450,"circlet_count":0,"master_deck":["Strike_R+1","Strike_R+1","Strike_R","Strike_R","Defend_R","Defend_R","Defend_R","Defend_R","Bash+1","Pommel Strike+1","Iron Wave","Iron Wave","Limit Break+1","Brutality","Body Slam"],"relics":["Burning Blood","Whetstone","PreservedInsect","Black Star","TheAbacus"],"potions_floor_usage":[16,19],"damage_taken":[{"damage":4,"enemies":"Jaw Worm","floor":1,"turns":7},{"damage":1,"enemies":"2 Louse","floor":2,"turns":2},{"damage":5,"enemies":"Cultist","floor":3,"turns":4},{"damage":32,"enemies":"3 Sentries","floor":7,"turns":12},{"damage":1,"enemies":"2 Fungi Beasts","floor":8,"turns":3},{"damage":11,"enemies":"Lots of Slimes","floor":11,"turns":7},{"damage":0,"enemies":"Large Slime","floor":13,"turns":4},{"damage":41,"enemies":"Slime Boss","floor":16,"turns":11},{"damage":43,"enemies":"Chosen","floor":18,"turns":7},{"damage":33,"enemies":"2 Thieves","floor":19,"turns":5},{"damage":27,"enemies":"3 Cultists","floor":21,"turns":4}],"seed_played":"2031407255247393481","potions_obtained":[{"floor":1,"key":"SmokeBomb"},{"floor":7,"key":"Dexterity Potion"},{"floor":18,"key":"BloodPotion"}],"is_trial":false,"path_per_floor":["M","M","M","?","?","R","E","M","T","$","M","R","M","?","R","B",null,"M","M","$","M"],"character_chosen":"IRONCLAD","items_purchased":["TheAbacus"],"campfire_rested":0,"item_purchase_floors":[20],"current_hp_per_floor":[80,80,80,80,80,80,54,59,59,59,54,54,60,52,52,17,80,43,24,24,0],"gold":34,"neow_bonus":"REMOVE_CARD","is_prod":false,"is_daily":false,"chose_seed":false,"campfire_upgraded":3,"win_rate":0.0,"timestamp":1555833573,"path_taken":["M","M","M","?","?","R","E","M","T","$","?","R","M","?","R","BOSS","M","M","$","?"],"build_version":"2019-01-23","purchased_purges":1,"victory":false,"max_hp_per_floor":[80,80,80,80,80,80,80,80,80,80,80,80,80,80,80,80,80,80,80,80,80],"card_choices":[{"not_picked":["Sever Soul","Perfected Strike"],"picked":"Pommel Strike","floor":1},{"not_picked":["Twin Strike","Anger"],"picked":"Iron Wave","floor":2},{"not_picked":["Twin Strike","Ghostly Armor"],"picked":"Iron Wave","floor":3},{"not_picked":["Twin Strike","Sword Boomerang","Sever Soul"],"picked":"SKIP","floor":7},{"not_picked":["Impervious","Sword Boomerang","Intimidate"],"picked":"SKIP","floor":8},{"not_picked":["True Grit","Thunderclap","Sword Boomerang"],"picked":"SKIP","floor":11},{"not_picked":["Twin Strike","Perfected Strike"],"picked":"Limit Break","floor":13},{"not_picked":["Offering","Reaper"],"picked":"Brutality","floor":16},{"not_picked":["Fire Breathing","Hemokinesis"],"picked":"Body Slam","floor":18},{"not_picked":["Disarm","Anger+1","Fire Breathing"],"picked":"SKIP","floor":19}],"player_experience":7531,"relics_obtained":[{"floor":7,"key":"Whetstone"},{"floor":9,"key":"PreservedInsect"}],"event_choices":[{"damage_healed":0,"gold_gain":0,"player_choice":"Leave","damage_taken":0,"max_hp_gain":0,"max_hp_loss":0,"event_name":"The Cleric","floor":4,"gold_loss":0},{"damage_healed":0,"gold_gain":0,"player_choice":"1 cards matched","damage_taken":0,"max_hp_gain":0,"max_hp_loss":0,"event_name":"Match and Keep!","floor":5,"gold_loss":0,"cards_obtained":["Writhe"]},{"damage_healed":0,"gold_gain":0,"player_choice":"Damaged","damage_taken":8,"max_hp_gain":0,"max_hp_loss":0,"event_name":"Wheel of Change","floor":14,"gold_loss":0}],"is_beta":false,"boss_relics":[{"not_picked":["Coffee Dripper","Mark of Pain"],"picked":"Black Star"}],"items_purged_floors":[10],"is_endless":false,"potions_floor_spawned":[1,7,18],"killed_by":"3 Cultists","ascension_level":0}