{"gold_per_floor":[109,12,22,33,33,33,45,45,45,45,10,10,110,124,124,226,226,237,256,181,196,210,210,225,236,262,262,279,279,279,279,279,279],"floor_reached":33,"playtime":1526,"items_purged":["Strike_G"],"score":263,"play_id":"1ddf81cf-2534-4a05-b4e7-465b7d41d45e","local_time":"20190203234453","is_ascension_mode":true,"campfire_choices":[{"data":"Blade Dance","floor":6,"key":"SMITH"},{"data":"Neutralize","floor":8,"key":"SMITH"},{"data":"Slice","floor":10,"key":"SMITH"},{"data":"Survivor","floor":12,"key":"SMITH"},{"data":"Finisher","floor":15,"key":"SMITH"},{"floor":23,"key":"REST"},{"floor":27,"key":"REST"},{"floor":30,"key":"REST"},{"floor":32,"key":"REST"}],"neow_cost":"NONE","seed_source_timestamp":46094675948371,"circlet_count":0,"master_deck":["Defend_G","Defend_G","Defend_G","Defend_G","Strike_G","Strike_G","Strike_G","Survivor+1","Neutralize+1","Prepared","Blade Dance+1","Finisher+1","Slice+1","Glass Knife","Blur+1","Dagger Throw","Cloak And Dagger","Blade Dance","Blur"],"relics":["Ring of the Snake","Bag of Preparation","Fusion Hammer","Bronze Scales","Sundial"],"potions_floor_usage":[16,21,25,25,25,28],"damage_taken":[{"damage":6,"enemies":"Jaw Worm","floor":1,"turns":5},{"damage":0,"enemies":"Small Slimes","floor":3,"turns":3},{"damage":1,"enemies":"2 Louse","floor":4,"turns":3},{"damage":2,"enemies":"Gremlin Gang","floor":7,"turns":7},{"damage":4,"enemies":"Exordium Wildlife","floor":14,"turns":2},{"damage":53,"enemies":"Slime Boss","floor":16,"turns":12},{"damage":0,"enemies":"Spheric Guardian","floor":18,"turns":1},{"damage":0,"enemies":"3 Byrds","floor":19,"turns":5},{"damage":2,"enemies":"Cultist and Chosen","floor":21,"turns":8},{"damage":0,"enemies":"3 Cultists","floor":22,"turns":5},{"damage":44,"enemies":"Snecko","floor":24,"turns":5},{"damage":16,"enemies":"Snake Plant","floor":25,"turns":2},{"damage":28,"enemies":"Centurion and Healer","floor":28,"turns":5},{"damage":81,"enemies":"Champ","floor":33,"turns":13}],"seed_played":"-6891154199811321912","potions_obtained":[{"floor":14,"key":"PowerPotion"},{"floor":16,"key":"Block Potion"},{"floor":19,"key":"LiquidBronze"},{"floor":22,"key":"Poison Potion"},{"floor":24,"key":"Poison Potion"},{"floor":25,"key":"Regen Potion"}],"is_trial":false,"path_per_floor":["M","$","M","M","?","R","M","R","T","R","?","R","?","M","R","B",null,"M","M","?","M","M","R","M","M","T","R","M","?","R","?","R","B"],"character_chosen":"THE_SILENT","items_purchased":["Blade Dance"],"campfire_rested":4,"item_purchase_floors":[2],"current_hp_per_floor":[71,71,71,70,63,63,61,61,61,61,77,77,77,73,73,20,77,77,77,77,75,75,77,33,17,17,40,21,46,69,69,77,0],"gold":279,"neow_bonus":"TEN_PERCENT_HP_BONUS","is_prod":false,"is_daily":false,"chose_seed":false,"campfire_upgraded":5,"win_rate":0,"timestamp":1549208693,"path_taken":["M","$","M","M","?","R","M","R","T","R","?","R","?","M","R","BOSS","M","?","?","M","M","R","M","M","T","R","M","?","R","?","R","BOSS"],"build_version":"2019-01-23","purchased_purges":1,"victory":false,"max_hp_per_floor":[77,77,77,77,77,77,77,77,77,77,77,77,77,77,77,77,77,77,77,77,77,77,77,77,77,77,77,77,77,77,77,77,77],"card_choices":[{"not_picked":["Acrobatics","Footwork"],"picked":"Prepared","floor":1},{"not_picked":["Flechettes","Footwork","Underhanded Strike"],"picked":"SKIP","floor":3},{"not_picked":["Outmaneuver","Flying Knee"],"picked":"Finisher","floor":4},{"not_picked":["Predator","Prepared"],"picked":"Slice","floor":7},{"not_picked":["Noxious Fumes","Predator","Acrobatics"],"picked":"SKIP","floor":14},{"not_picked":["Wraith Form v2","Bullet Time"],"picked":"Glass Knife","floor":16},{"not_picked":["Underhanded Strike","Backflip+1","Noxious Fumes"],"picked":"SKIP","floor":18},{"not_picked":["Outmaneuver","Slice"],"picked":"Blur+1","floor":19},{"not_picked":["Concentrate","Deflect"],"picked":"Dagger Throw","floor":21},{"not_picked":["Riddle With Holes","Deadly Poison+1","Phantasmal Killer"],"picked":"SKIP","floor":22},{"not_picked":["Poisoned Stab+1","Slice"],"picked":"Cloak And Dagger","floor":24},{"not_picked":["All Out Attack","Noxious Fumes"],"picked":"Blade Dance","floor":25},{"not_picked":["Deadly Poison+1","Calculated Gamble"],"picked":"Blur","floor":28}],"player_experience":396254,"relics_obtained":[{"floor":9,"key":"Bag of Preparation"},{"floor":26,"key":"Bronze Scales"}],"event_choices":[{"cards_removed":["Strike_G"],"damage_healed":0,"gold_gain":0,"player_choice":"Card Removal","damage_taken":7,"max_hp_gain":0,"max_hp_loss":0,"event_name":"Golden Wing","floor":5,"gold_loss":0},{"damage_healed":19,"gold_gain":0,"player_choice":"Healed","damage_taken":0,"max_hp_gain":0,"max_hp_loss":0,"event_name":"The Cleric","floor":11,"gold_loss":35},{"damage_healed":0,"gold_gain":100,"player_choice":"Gold","damage_taken":0,"max_hp_gain":0,"max_hp_loss":0,"event_name":"Wheel of Change","floor":13,"gold_loss":0},{"cards_removed":["Defend_G"],"damage_healed":0,"gold_gain":0,"player_choice":"Gave Gold","damage_taken":0,"max_hp_gain":0,"max_hp_loss":0,"event_name":"Beggar","floor":20,"gold_loss":75},{"damage_healed":25,"gold_gain":0,"player_choice":"Heal","damage_taken":0,"max_hp_gain":0,"max_hp_loss":0,"event_name":"The Library","floor":29,"gold_loss":0},{"damage_healed":0,"gold_gain":0,"player_choice":"Opened","damage_taken":0,"relics_obtained":["Sundial"],"max_hp_gain":0,"max_hp_loss":0,"event_name":"The Mausoleum","floor":31,"gold_loss":0}],"is_beta":false,"boss_relics":[{"not_picked":["HoveringKite","Eternal Feather"],"picked":"Fusion Hammer"}],"items_purged_floors":[2],"is_endless":false,"potions_floor_spawned":[14,16,19,22,24,25],"killed_by":"Champ","ascension_level":2}