{"gold_per_floor":[113,113,130,130,141,199,199,3,53,53,69,69,92,92,92,92],"floor_reached":16,"playtime":359,"items_purged":["Strike_R"],"score":200,"play_id":"833aaf9a-65c9-47dd-8ca5-944226fc2926","local_time":"20190414232546","is_ascension_mode":true,"campfire_choices":[{"floor":7.0,"key":"REST"},{"data":"Shockwave","floor":15.0,"key":"SMITH"}],"neow_cost":"CURSE","seed_source_timestamp":106350716119900,"circlet_count":0,"master_deck":["AscendersBane","Strike_R","Strike_R","Strike_R","Strike_R+1","Defend_R","Defend_R","Defend_R","Defend_R","Bash+1","Bludgeon","Inflame","Clothesline","Burning Pact","Ghostly Armor","Shockwave+1","Disarm","Injury"],"special_seed":0,"relics":["Burning Blood","Tiny Chest","Happy Flower","Golden Idol","Nunchaku"],"potions_floor_usage":[16],"damage_taken":[{"damage":16.0,"enemies":"Small Slimes","floor":1.0,"turns":3.0},{"damage":4.0,"enemies":"Jaw Worm","floor":3.0,"turns":3.0},{"damage":1.0,"enemies":"2 Louse","floor":5.0,"turns":3.0},{"damage":24.0,"enemies":"Gremlin Nob","floor":6.0,"turns":4.0},{"damage":3.0,"enemies":"Looter","floor":11.0,"turns":3.0},{"damage":7.0,"enemies":"3 Louse","floor":13.0,"turns":5.0},{"damage":45,"enemies":"Slime Boss","floor":16,"turns":9}],"seed_played":"2590073931398543853","potions_obtained":[{"floor":6.0,"key":"Ancient Potion"},{"floor":11.0,"key":"Swift Potion"}],"is_trial":false,"path_per_floor":["M","?","M","?","M","E","R","$","T","$","M","?","M","T","R","B"],"character_chosen":"IRONCLAD","items_purchased":["Shockwave","Disarm"],"campfire_rested":1,"item_purchase_floors":[8,8],"current_hp_per_floor":[58,35,37,30,35,17,39,39,39,39,42,42,41,41,41,0],"gold":92,"neow_bonus":"THREE_RARE_CARDS","is_prod":false,"is_daily":false,"chose_seed":false,"campfire_upgraded":1,"win_rate":0,"timestamp":1555277146,"path_taken":["M","?","M","?","M","E","R","$","T","?","M","?","M","?","R","BOSS"],"build_version":"2019-01-23","purchased_purges":1,"victory":false,"max_hp_per_floor":[75,75,75,75,75,75,75,75,75,75,75,75,75,75,75,75],"card_choices":[{"not_picked":["Exhume","Fiend Fire"],"picked":"Bludgeon","floor":0.0},{"not_picked":["Perfected Strike","Carnage"],"picked":"Inflame","floor":1.0},{"not_picked":["Wild Strike","Infernal Blade"],"picked":"Clothesline","floor":3.0},{"not_picked":["Pommel Strike","Clothesline"],"picked":"Burning Pact","floor":5.0},{"not_picked":["Infernal Blade","Immolate"],"picked":"Ghostly Armor","floor":6.0},{"not_picked":["Clash","Perfected Strike","Heavy Blade"],"picked":"SKIP","floor":11.0},{"not_picked":["Havoc","Twin Strike","Clash"],"picked":"SKIP","floor":13.0}],"player_experience":556430,"relics_obtained":[{"floor":6.0,"key":"Tiny Chest"},{"floor":9.0,"key":"Happy Flower"},{"floor":14.0,"key":"Nunchaku"}],"event_choices":[{"damage_healed":0.0,"max_hp_gain":0.0,"max_hp_loss":0.0,"gold_gain":0.0,"event_name":"Shining Light","player_choice":"Entered Light","floor":2.0,"gold_loss":0.0,"damage_taken":23.0,"cards_upgraded":["Strike_R","Bash"]},{"cards_removed":["Writhe"],"damage_healed":0.0,"max_hp_gain":0.0,"max_hp_loss":0.0,"gold_gain":0.0,"event_name":"Golden Wing","player_choice":"Card Removal","floor":4.0,"gold_loss":0.0,"damage_taken":7.0},{"damage_healed":0.0,"max_hp_gain":0.0,"max_hp_loss":0.0,"gold_gain":0.0,"event_name":"Golden Idol","player_choice":"Take Wound","floor":12.0,"gold_loss":0.0,"damage_taken":0.0,"relics_obtained":["Golden Idol"],"cards_obtained":["Injury"]}],"is_beta":false,"boss_relics":[],"items_purged_floors":[8],"is_endless":false,"potions_floor_spawned":[6,11],"killed_by":"Slime Boss","ascension_level":20}