{"path_per_floor":["M","M","M","M","?","R","E","M","T","?","M","M","M","M","R","B",null,"M","?","?","M","M"],"character_chosen":"IRONCLAD","items_purchased":[],"gold_per_floor":[115,127,144,160,223,223,250,264,346,346,361,375,385,396,396,498,498,513,513,513,529,548,548],"floor_reached":23,"campfire_rested":1,"playtime":1815,"item_purchase_floors":[],"current_hp_per_floor":[78,78,72,57,57,57,27,33,33,59,52,42,20,20,44,10,80,76,76,76,67,35,0],"items_purged":[],"gold":548,"score":199,"play_id":"3a3144fc-121f-4265-a81d-f9dbabc26883","local_time":"20180527215659","is_prod":false,"is_daily":false,"chose_seed":false,"is_ascension_mode":false,"campfire_upgraded":1,"win_rate":0.0,"timestamp":1527476219,"campfire_choices":[{"data":"Spot Weakness","floor":6,"key":"SMITH"},{"floor":15,"key":"REST"}],"path_taken":["M","M","M","M","?","R","E","M","T","?","M","M","M","?","R","BOSS","M","?","?","?","M","E"],"build_version":"2018-05-24","seed_source_timestamp":424863436705503,"purchased_purges":0,"victory":false,"master_deck":["Strike_R","Strike_R","Strike_R","Strike_R","Strike_R","Defend_R","Defend_R","Defend_R","Defend_R","Bash","Thunderclap","Spot Weakness+1","Heavy Blade","Inflame","Flex","Perfected Strike","Double Tap","Intimidate+1","Spot Weakness+1","Writhe"],"max_hp_per_floor":[80,80,80,80,80,80,80,80,80,80,80,80,80,80,80,80,80,80,80,80,80,80,80],"relics":["Burning Blood","Self Forming Clay","Letter Opener","Mark of Pain","Peace Pipe"],"card_choices":[{"not_picked":["Sword Boomerang","Uppercut"],"picked":"Thunderclap","floor":1},{"not_picked":["Armaments","Wild Strike"],"picked":"Spot Weakness","floor":2},{"not_picked":["Body Slam","Power Through"],"picked":"Heavy Blade","floor":3},{"not_picked":["Warcry","Dropkick","Corruption"],"picked":"SKIP","floor":4},{"not_picked":["Anger","Clothesline"],"picked":"Inflame","floor":7},{"not_picked":["Dark Embrace","Clothesline","Power Through"],"picked":"SKIP","floor":8},{"not_picked":["Perfected Strike","Entrench"],"picked":"Flex","floor":11},{"not_picked":["Rage","Bloodletting","Thunderclap"],"picked":"SKIP","floor":12},{"not_picked":["Carnage","Clothesline","Anger"],"picked":"SKIP","floor":13},{"not_picked":["Ghostly Armor","Barricade"],"picked":"Perfected Strike","floor":14},{"not_picked":["Offering","Impervious"],"picked":"Double Tap","floor":16},{"not_picked":["Second Wind","True Grit"],"picked":"Intimidate+1","floor":18},{"not_picked":["Reckless Charge","Ghostly Armor","Pommel Strike"],"picked":"SKIP","floor":21},{"not_picked":["Carnage+1","Iron Wave+1","Ghostly Armor+1"],"picked":"SKIP","floor":22}],"player_experience":29972,"potions_floor_usage":[7,7,14,16,16,18,22,23],"damage_taken":[{"damage":8,"enemies":"2 Louse","floor":1,"turns":3},{"damage":6,"enemies":"Jaw Worm","floor":2,"turns":3},{"damage":12,"enemies":"Small Slimes","floor":3,"turns":3},{"damage":21,"enemies":"3 Louse","floor":4,"turns":3},{"damage":36,"enemies":"Lagavulin","floor":7,"turns":4},{"damage":0,"enemies":"Large Slime","floor":8,"turns":5},{"damage":13,"enemies":"Red Slaver","floor":11,"turns":2},{"damage":16,"enemies":"2 Fungi Beasts","floor":12,"turns":3},{"damage":28,"enemies":"Gremlin Gang","floor":13,"turns":4},{"damage":6,"enemies":"Large Slime","floor":14,"turns":3},{"damage":40,"enemies":"Hexaghost","floor":16,"turns":8},{"damage":10,"enemies":"Chosen","floor":18,"turns":3},{"damage":15,"enemies":"Shell Parasite","floor":21,"turns":5},{"damage":38,"enemies":"Centurion and Healer","floor":22,"turns":4},{"damage":35,"enemies":"Gremlin Leader","floor":23,"turns":4}],"relics_obtained":[{"floor":7,"key":"Self Forming Clay"},{"floor":9,"key":"Letter Opener"}],"event_choices":[{"event_name":"Golden Wing","player_choice":"Gained Gold","floor":5,"damage_taken":0},{"event_name":"Big Fish","player_choice":"Banana","floor":10,"damage_taken":0},{"event_name":"Duplicator","player_choice":"One dupe","floor":19,"damage_taken":0},{"event_name":"The Mausoleum","player_choice":"Yes","floor":20,"damage_taken":0}],"boss_relics":[{"not_picked":["Eternal Feather","Orrery"],"picked":"Mark of Pain"}],"items_purged_floors":[],"potions_floor_spawned":[2,3,8,12,13,16,18,22],"seed_played":"6803951929252591041","killed_by":"Gremlin Leader","ascension_level":0,"potions_obtained":[{"floor":2,"key":"Poison Potion"},{"floor":3,"key":"Fire Potion"},{"floor":8,"key":"SpeedPotion"},{"floor":12,"key":"Swift Potion"},{"floor":13,"key":"Energy Potion"},{"floor":16,"key":"Fire Potion"},{"floor":18,"key":"SkillPotion"},{"floor":22,"key":"AttackPotion"}],"is_trial":false}