{"gold_per_floor":[20,35,35,6,16,45,45,70,70,70,88,105,105,105,105,178,178,194,194,194,211,227,227,227],"floor_reached":24,"playtime":1052,"items_purged":[],"score":412,"play_id":"a8beeb8f-2b0c-4a2d-8c4c-e534d693696f","local_time":"20190506221507","is_ascension_mode":true,"campfire_choices":[{"floor":7,"key":"REST"},{"data":"Bash","floor":13,"key":"SMITH"},{"data":"Inflame","floor":15,"key":"SMITH"},{"floor":23,"key":"REST"}],"neow_cost":"NO_GOLD","seed_source_timestamp":43503540904700,"circlet_count":0,"master_deck":["AscendersBane","Strike_R","Strike_R","Strike_R","Defend_R","Defend_R","Defend_R","Defend_R","Bash+1","Inflame+1","Twin Strike","Sword Boomerang","Shrug It Off","Shrug It Off","Thunderclap","Battle Trance","Inflame","Demon Form","Pummel","Ghostly Armor"],"relics":["Burning Blood","Dead Branch","Pantograph","Pocketwatch","Eternal Feather"],"potions_floor_usage":[11,16,16,22,22],"damage_taken":[{"damage":2,"enemies":"Jaw Worm","floor":1,"turns":3},{"damage":0,"enemies":"Cultist","floor":2,"turns":2},{"damage":10,"enemies":"Small Slimes","floor":5,"turns":3},{"damage":56,"enemies":"Lagavulin","floor":6,"turns":8},{"damage":20,"enemies":"3 Sentries","floor":8,"turns":7},{"damage":1,"enemies":"Exordium Wildlife","floor":11,"turns":3},{"damage":6,"enemies":"Looter","floor":12,"turns":3},{"damage":11,"enemies":"Slime Boss","floor":16,"turns":7},{"damage":50,"enemies":"3 Byrds","floor":18,"turns":5},{"damage":18,"enemies":"Spheric Guardian","floor":21,"turns":5},{"damage":18,"enemies":"Snake Plant","floor":22,"turns":4},{"damage":55,"enemies":"Slavers","floor":24,"turns":3}],"seed_played":"-7019530675962808783","potions_obtained":[{"floor":5,"key":"Explosive Potion"},{"floor":8,"key":"Block Potion"},{"floor":11,"key":"Weak Potion"},{"floor":16,"key":"SpeedPotion"},{"floor":18,"key":"SteroidPotion"},{"floor":21,"key":"Block Potion"}],"is_trial":false,"path_per_floor":["M","M","?","$","M","E","R","E","T","$","M","M","R","?","R","B",null,"M","?","?","M","M","R","E"],"character_chosen":"IRONCLAD","items_purchased":["Shrug It Off"],"campfire_rested":2,"item_purchase_floors":[4],"current_hp_per_floor":[72,75,75,75,71,21,43,29,29,29,34,34,34,59,59,70,74,30,45,45,33,21,55,0],"gold":227,"neow_bonus":"TRANSFORM_TWO_CARDS","is_prod":false,"is_daily":false,"chose_seed":false,"campfire_upgraded":2,"win_rate":0,"timestamp":1557148507,"path_taken":["M","M","?","?","M","E","R","E","T","$","M","M","R","?","R","BOSS","M","?","?","M","M","R","E"],"build_version":"2019-01-23","purchased_purges":0,"victory":false,"max_hp_per_floor":[75,75,75,75,75,75,75,75,75,75,75,75,75,75,75,75,75,75,75,75,75,75,75,75],"card_choices":[{"not_picked":["Iron Wave","True Grit"],"picked":"Sword Boomerang","floor":1},{"not_picked":["Iron Wave","Perfected Strike"],"picked":"Shrug It Off","floor":2},{"not_picked":["Sword Boomerang","Pommel Strike"],"picked":"Thunderclap","floor":5},{"not_picked":["Intimidate","Evolve"],"picked":"Battle Trance","floor":6},{"not_picked":["Infernal Blade","Double Tap"],"picked":"Inflame","floor":8},{"not_picked":["Iron Wave","Clash","Twin Strike"],"picked":"SKIP","floor":11},{"not_picked":["Thunderclap","Perfected Strike","Havoc"],"picked":"SKIP","floor":12},{"not_picked":["Dark Embrace","Barricade"],"picked":"Demon Form","floor":16},{"not_picked":["Bloodletting","Rupture","Heavy Blade"],"picked":"SKIP","floor":18},{"not_picked":["Battle Trance","Dual Wield"],"picked":"Pummel","floor":21},{"not_picked":["Clash","Headbutt+1"],"picked":"Ghostly Armor","floor":22}],"player_experience":1251828,"relics_obtained":[{"floor":6,"key":"Dead Branch"},{"floor":8,"key":"Pantograph"},{"floor":9,"key":"Pocketwatch"}],"event_choices":[{"damage_healed":0,"gold_gain":0,"player_choice":"0 cards matched","damage_taken":0,"max_hp_gain":0,"max_hp_loss":0,"event_name":"Match and Keep!","floor":3,"gold_loss":0,"cards_obtained":[]},{"damage_healed":25,"gold_gain":0,"player_choice":"Banana","damage_taken":0,"max_hp_gain":0,"max_hp_loss":0,"event_name":"Big Fish","floor":14,"gold_loss":0},{"damage_healed":15,"gold_gain":0,"player_choice":"Heal","damage_taken":0,"max_hp_gain":0,"max_hp_loss":0,"event_name":"The Library","floor":19,"gold_loss":0},{"damage_healed":0,"gold_gain":0,"player_choice":"Ignored","damage_taken":0,"max_hp_gain":0,"max_hp_loss":0,"event_name":"Vampires","floor":20,"gold_loss":0}],"is_beta":false,"boss_relics":[{"not_picked":["Philosopher\u0027s Stone","Calling Bell"],"picked":"Eternal Feather"}],"items_purged_floors":[],"is_endless":false,"potions_floor_spawned":[5,8,11,12,16,18,21],"killed_by":"Slavers","ascension_level":20}