{"gold_per_floor":[114,39,50,67,242,275,175,175,198,198,209,209,222,237,237,342,342,353,353,353,41,41,41,57,67,67,67,84,84,102,118,118,222,222,239,256,256,106,0,0,0,100,100,114,114,131,154,168,168,168],"floor_reached":50,"playtime":2932,"items_purged":["Strike_G","Doubt","Strike_G","Strike_G"],"score":488,"play_id":"3312cd40-dc16-4a5e-8acf-a58ca0b0c2bc","local_time":"20190129235346","is_ascension_mode":true,"campfire_choices":[{"data":"Neutralize","floor":8,"key":"SMITH"},{"data":"Quick Slash","floor":10,"key":"SMITH"},{"data":"Infinite Blades","floor":12,"key":"SMITH"},{"floor":15,"key":"REST"},{"data":"Infinite Blades","floor":23,"key":"SMITH"},{"floor":27,"key":"REST"},{"floor":32,"key":"REST"},{"data":"Accuracy","floor":40,"key":"SMITH"},{"floor":45,"key":"REST"},{"floor":49,"key":"REST"}],"neow_cost":"NONE","seed_source_timestamp":1764486978996,"circlet_count":0,"master_deck":["Defend_G","Defend_G","Defend_G","Defend_G","Defend_G","Strike_G","Strike_G","Survivor","Neutralize+1","Quick Slash+1","Slice","Infinite Blades+1","Prepared","Blade Dance","Accuracy+1","Infinite Blades+1","Blade Dance+1","Adrenaline","Blade Dance+1","Purity","Calculated Gamble+1","Calculated Gamble+1","Parasite"],"relics":["Ring of the Serpent","Strawberry","Lantern","Enchiridion","Bag of Preparation","Nloth\u0027s Gift","WristBlade","Red Mask","Thread and Needle","Blue Candle","Snake Skull"],"potions_floor_usage":[3,16,16,25,30,36,42],"damage_taken":[{"damage":0,"enemies":"Cultist","floor":1,"turns":4},{"damage":0,"enemies":"Jaw Worm","floor":3,"turns":5},{"damage":0,"enemies":"2 Louse","floor":4,"turns":3},{"damage":46,"enemies":"Gremlin Nob","floor":6,"turns":7},{"damage":0,"enemies":"Blue Slaver","floor":11,"turns":3},{"damage":0,"enemies":"Red Slaver","floor":13,"turns":3},{"damage":6,"enemies":"Exordium Wildlife","floor":14,"turns":6},{"damage":42,"enemies":"The Guardian","floor":16,"turns":12},{"damage":3,"enemies":"Chosen","floor":18,"turns":4},{"damage":5,"enemies":"3 Byrds","floor":24,"turns":5},{"damage":30,"enemies":"Centurion and Healer","floor":25,"turns":4},{"damage":24,"enemies":"Snake Plant","floor":28,"turns":4},{"damage":1,"enemies":"Cultist and Chosen","floor":30,"turns":5},{"damage":14,"enemies":"Shelled Parasite and Fungi","floor":31,"turns":4},{"damage":71,"enemies":"Collector","floor":33,"turns":14},{"damage":8,"enemies":"Orb Walker","floor":35,"turns":2},{"damage":29,"enemies":"3 Darklings","floor":36,"turns":4},{"damage":10,"enemies":"Mind Bloom Boss Battle","floor":42,"turns":3},{"damage":0,"enemies":"Jaw Worm Horde","floor":44,"turns":3},{"damage":12,"enemies":"Sphere and 2 Shapes","floor":46,"turns":3},{"damage":45,"enemies":"Writhing Mass","floor":48,"turns":6},{"damage":42,"enemies":"Donu and Deca","floor":50,"turns":3}],"seed_played":"-811960773555975425","potions_obtained":[{"floor":1,"key":"Explosive Potion"},{"floor":11,"key":"AttackPotion"},{"floor":14,"key":"PowerPotion"},{"floor":24,"key":"PowerPotion"},{"floor":28,"key":"Regen Potion"},{"floor":33,"key":"Regen Potion"},{"floor":35,"key":"FearPotion"}],"is_trial":false,"path_per_floor":["M","$","M","M","?","E","$","R","T","R","M","R","M","M","R","B",null,"M","?","?","$","?","R","M","M","T","R","M","?","M","M","R","B",null,"M","M","?","$","?","R","$","?","T","M","R","M","T","M","R","B"],"character_chosen":"THE_SILENT","items_purchased":["Bag of Preparation","Infinite Blades"],"campfire_rested":5,"item_purchase_floors":[21,21],"current_hp_per_floor":[77,77,77,77,77,38,38,38,38,38,38,38,38,32,57,15,84,81,65,65,65,84,84,79,49,49,74,58,58,71,57,82,11,84,76,56,56,56,56,56,56,46,46,46,71,59,59,14,39,0],"gold":168,"neow_bonus":"TEN_PERCENT_HP_BONUS","is_prod":false,"is_daily":false,"chose_seed":false,"campfire_upgraded":5,"win_rate":0,"timestamp":1548777226,"path_taken":["M","$","M","M","?","E","$","R","T","R","M","R","M","M","R","BOSS","M","?","?","$","?","R","M","?","T","R","M","?","M","?","R","BOSS","M","M","?","$","?","R","$","?","T","M","R","?","?","M","R","BOSS"],"build_version":"2019-01-23","purchased_purges":4,"victory":false,"max_hp_per_floor":[77,77,77,77,77,84,84,84,84,84,84,84,84,84,84,84,84,84,84,84,84,84,84,84,84,84,84,84,84,84,84,84,84,84,84,84,84,84,84,84,84,84,84,84,84,84,84,84,84,84],"card_choices":[{"not_picked":["Backstab","Leg Sweep"],"picked":"Quick Slash","floor":1},{"not_picked":["Sucker Punch","Dash","Leg Sweep"],"picked":"SKIP","floor":3},{"not_picked":["Acrobatics","Caltrops"],"picked":"Slice","floor":4},{"not_picked":["Choke","Dagger Spray","Die Die Die"],"picked":"SKIP","floor":6},{"not_picked":["Riddle With Holes","Blur"],"picked":"Infinite Blades","floor":11},{"not_picked":["Flying Knee","Deadly Poison"],"picked":"Prepared","floor":13},{"not_picked":["Outmaneuver","Deadly Poison"],"picked":"Blade Dance","floor":14},{"not_picked":["Expertise","Dash","Masterful Stab"],"picked":"SKIP","floor":18},{"not_picked":["Dagger Spray","Quick Slash","Deflect+1"],"picked":"SKIP","floor":24},{"not_picked":["Concentrate","Caltrops"],"picked":"Blade Dance+1","floor":25},{"not_picked":["Acrobatics","Blade Dance","Bane+1"],"picked":"SKIP","floor":28},{"not_picked":["Slice","After Image","Underhanded Strike"],"picked":"SKIP","floor":30},{"not_picked":["Deflect","Skewer","Blade Dance"],"picked":"SKIP","floor":31},{"not_picked":["Glass Knife","A Thousand Cuts"],"picked":"Adrenaline","floor":33},{"not_picked":["Blur+1","Sucker Punch","Backflip"],"picked":"SKIP","floor":35},{"not_picked":["Masterful Stab","Burst"],"picked":"Blade Dance+1","floor":36},{"not_picked":["Chrysalis","HandOfGreed"],"picked":"Purity","floor":37},{"not_picked":["Terror","Underhanded Strike"],"picked":"Calculated Gamble+1","floor":42},{"not_picked":["Underhanded Strike","Skewer","Acrobatics"],"picked":"SKIP","floor":44},{"not_picked":["Tactician+1","Bullet Time"],"picked":"Calculated Gamble+1","floor":46},{"not_picked":["Dagger Throw","Deadly Poison+1","Flying Knee+1"],"picked":"SKIP","floor":48}],"player_experience":388218,"relics_obtained":[{"floor":6,"key":"Strawberry"},{"floor":9,"key":"Lantern"},{"floor":19,"key":"Enchiridion"},{"floor":26,"key":"Bird Faced Urn"},{"floor":42,"key":"Thread and Needle"},{"floor":43,"key":"Blue Candle"},{"floor":47,"key":"Snake Skull"}],"event_choices":[{"damage_healed":0,"gold_gain":175,"player_choice":"AGREE","damage_taken":0,"max_hp_gain":0,"max_hp_loss":0,"event_name":"Liars Game","floor":5,"gold_loss":0,"cards_obtained":["Doubt"]},{"damage_healed":0,"gold_gain":0,"player_choice":"Obtained Book","damage_taken":16,"max_hp_gain":0,"max_hp_loss":0,"event_name":"Cursed Tome","floor":19,"gold_loss":0},{"damage_healed":0,"gold_gain":0,"player_choice":"Read","damage_taken":0,"max_hp_gain":0,"max_hp_loss":0,"event_name":"The Library","floor":20,"gold_loss":0,"cards_obtained":["Accuracy"]},{"damage_healed":19,"gold_gain":0,"player_choice":"Full Heal","damage_taken":0,"max_hp_gain":0,"max_hp_loss":0,"event_name":"Wheel of Change","floor":22,"gold_loss":0},{"damage_healed":0,"gold_gain":0,"player_choice":"Traded Relic","damage_taken":0,"relics_obtained":["Nloth\u0027s Gift"],"max_hp_gain":0,"max_hp_loss":0,"event_name":"N\u0027loth","floor":29,"relics_lost":["Bird Faced Urn"],"gold_loss":0},{"damage_healed":0,"gold_gain":0,"player_choice":"Memory 1","damage_taken":0,"max_hp_gain":0,"max_hp_loss":0,"event_name":"SensoryStone","floor":37,"gold_loss":0},{"damage_healed":0,"gold_gain":0,"player_choice":"Paid","damage_taken":0,"relics_obtained":["Red Mask"],"max_hp_gain":0,"max_hp_loss":0,"event_name":"Tomb of Lord Red Mask","floor":39,"gold_loss":106},{"damage_healed":0,"gold_gain":0,"player_choice":"Fight","damage_taken":0,"max_hp_gain":0,"max_hp_loss":0,"event_name":"MindBloom","floor":42,"gold_loss":0}],"is_beta":false,"boss_relics":[{"not_picked":["Black Star","Busted Crown"],"picked":"Ring of the Serpent"},{"not_picked":["HoveringKite","Tiny House"],"picked":"WristBlade"}],"items_purged_floors":[2,7,21,38],"is_endless":false,"potions_floor_spawned":[1,11,14,24,28,33,35],"killed_by":"Donu and Deca","ascension_level":2}