{"gold_per_floor":[118,43,43,57,70,70,80,80,80,80,80,110,125,145,145,216,216,229,229,24,35,35,68,68,79,127,127,142,2,2,102,102,102],"floor_reached":33,"playtime":1465,"items_purged":["Shame"],"score":530,"play_id":"f5465ebf-448b-46e0-9203-57a6866ed7b3","local_time":"20190317213709","is_ascension_mode":true,"campfire_choices":[{"data":"Carnage","floor":6,"key":"SMITH"},{"data":"Shrug It Off","floor":8,"key":"SMITH"},{"data":"Shrug It Off","floor":15,"key":"SMITH"},{"floor":27,"key":"REST"},{"floor":30,"key":"REST"},{"floor":32,"key":"REST"}],"neow_cost":"CURSE","seed_source_timestamp":923468893764645,"circlet_count":0,"master_deck":["AscendersBane","Strike_R","Strike_R","Strike_R+1","Strike_R","Defend_R","Defend_R","Defend_R","Defend_R","Bash+1","Shrug It Off+1","Carnage+1","Shrug It Off+1","Pommel Strike","Battle Trance+1","Feed","Impervious+1","Limit Break+1","Disarm+1","Battle Trance+1","Uppercut","Shrug It Off+1","Metallicize+1","Disarm+1"],"relics":["Burning Blood","Torii","Art of War","Pantograph","Toxic Egg 2","Fusion Hammer","Oddly Smooth Stone","Frozen Egg 2","Bag of Marbles","Magic Flower","Dodecahedron"],"potions_floor_usage":[12,16,23,25],"damage_taken":[{"damage":2,"enemies":"2 Louse","floor":1,"turns":4},{"damage":1,"enemies":"Small Slimes","floor":4,"turns":4},{"damage":1,"enemies":"Jaw Worm","floor":5,"turns":3},{"damage":15,"enemies":"3 Louse","floor":7,"turns":3},{"damage":13,"enemies":"Lagavulin","floor":12,"turns":4},{"damage":12,"enemies":"2 Fungi Beasts","floor":13,"turns":3},{"damage":1,"enemies":"Exordium Wildlife","floor":14,"turns":3},{"damage":60,"enemies":"Hexaghost","floor":16,"turns":10},{"damage":0,"enemies":"Chosen","floor":18,"turns":3},{"damage":18,"enemies":"Shell Parasite","floor":21,"turns":10},{"damage":15,"enemies":"Book of Stabbing","floor":23,"turns":5},{"damage":36,"enemies":"3 Cultists","floor":25,"turns":8},{"damage":3,"enemies":"Snake Plant","floor":28,"turns":3},{"damage":2,"enemies":"Colosseum Slavers","floor":31,"turns":6},{"damage":24,"enemies":"Colosseum Nobs","floor":31,"turns":5},{"damage":81,"enemies":"Collector","floor":33,"turns":8}],"seed_played":"5602344540891151363","potions_obtained":[{"floor":1,"key":"Strength Potion"},{"floor":5,"key":"Energy Potion"},{"floor":21,"key":"SteroidPotion"},{"floor":23,"key":"Strength Potion"}],"is_trial":false,"path_per_floor":["M","$","?","M","M","R","M","R","T","?","T","E","M","M","R","B",null,"M","?","$","M","?","E","?","M","T","R","M","$","R","?","R","B"],"character_chosen":"IRONCLAD","items_purchased":["Oddly Smooth Stone","Disarm+1","Shrug It Off+1","Metallicize+1"],"campfire_rested":3,"item_purchase_floors":[20,20,29,29],"current_hp_per_floor":[72,72,49,54,59,59,50,50,50,50,50,43,37,42,42,13,60,66,66,66,57,57,48,48,18,18,41,44,44,67,56,80,0],"gold":102,"neow_bonus":"ONE_RARE_RELIC","is_prod":false,"is_daily":false,"chose_seed":false,"campfire_upgraded":3,"win_rate":0,"timestamp":1552826229,"path_taken":["M","$","?","M","M","R","M","R","T","?","?","E","M","M","R","BOSS","M","?","$","M","?","E","?","?","T","R","M","?","R","?","R","BOSS"],"build_version":"2019-01-23","purchased_purges":1,"victory":false,"max_hp_per_floor":[75,75,75,75,75,75,75,75,75,75,75,75,75,75,75,75,75,75,75,75,78,78,78,78,78,78,78,78,78,78,81,81,81],"card_choices":[{"not_picked":["Searing Blow","Pommel Strike"],"picked":"Shrug It Off","floor":1},{"not_picked":["Armaments","Warcry"],"picked":"Carnage","floor":4},{"not_picked":["Perfected Strike","Spot Weakness"],"picked":"Shrug It Off","floor":5},{"not_picked":["Blood for Blood","Juggernaut","Feel No Pain"],"picked":"SKIP","floor":7},{"not_picked":["Sword Boomerang","Thunderclap"],"picked":"Pommel Strike","floor":12},{"not_picked":["Perfected Strike","Body Slam"],"picked":"Battle Trance+1","floor":13},{"not_picked":["Perfected Strike","Clash","Heavy Blade"],"picked":"SKIP","floor":14},{"not_picked":["Reaper","Barricade"],"picked":"Feed","floor":16},{"not_picked":["Sever Soul","Thunderclap"],"picked":"Whirlwind","floor":18},{"not_picked":["Heavy Blade","Havoc+1","Sword Boomerang"],"picked":"SKIP","floor":21},{"not_picked":["Clash","Rupture","Flame Barrier+1"],"picked":"SKIP","floor":23},{"not_picked":["Burning Pact+1","Rupture+1"],"picked":"Battle Trance+1","floor":25},{"not_picked":["Blood for Blood","Cleave"],"picked":"Uppercut","floor":28},{"not_picked":["Burning Pact+1","Rupture+1"],"picked":"Disarm+1","floor":31}],"player_experience":727262,"relics_obtained":[{"floor":9,"key":"Art of War"},{"floor":11,"key":"Pantograph"},{"floor":12,"key":"Toxic Egg 2"},{"floor":23,"key":"Frozen Egg 2"},{"floor":26,"key":"Bag of Marbles"},{"floor":31,"key":"Magic Flower"},{"floor":31,"key":"Dodecahedron"}],"event_choices":[{"damage_healed":0,"gold_gain":0,"player_choice":"Entered Light","damage_taken":23,"max_hp_gain":0,"max_hp_loss":0,"event_name":"Shining Light","floor":3,"gold_loss":0,"cards_upgraded":["Bash","Strike_R"]},{"damage_healed":0,"gold_gain":0,"player_choice":"Ignored","damage_taken":0,"max_hp_gain":0,"max_hp_loss":0,"event_name":"Liars Game","floor":10,"gold_loss":0},{"damage_healed":0,"gold_gain":0,"cards_transformed":["Strike_R","Whirlwind"],"player_choice":"Became Test Subject","damage_taken":0,"max_hp_gain":0,"max_hp_loss":0,"event_name":"Drug Dealer","floor":19,"gold_loss":0,"cards_obtained":["Impervious","Limit Break"]},{"damage_healed":0,"gold_gain":0,"player_choice":"Ignored","damage_taken":0,"max_hp_gain":0,"max_hp_loss":0,"event_name":"Beggar","floor":22,"gold_loss":0},{"damage_healed":0,"gold_gain":0,"player_choice":"Fight","damage_taken":0,"max_hp_gain":0,"max_hp_loss":0,"event_name":"Colosseum","floor":31,"gold_loss":0},{"damage_healed":0,"gold_gain":0,"player_choice":"Fought Nobs","damage_taken":0,"max_hp_gain":0,"max_hp_loss":0,"event_name":"Colosseum","floor":31,"gold_loss":0}],"is_beta":false,"boss_relics":[{"not_picked":["Empty Cage","Runic Cube"],"picked":"Fusion Hammer"}],"items_purged_floors":[2],"is_endless":false,"potions_floor_spawned":[1,5,21,23],"killed_by":"Collector","ascension_level":20}