{"gold_per_floor":[210,210,55,71,71,71,83,158,158,3,3,23,55,25,25,103,103,123,73,93,93,93,93,93,8,8,26,26,26],"floor_reached":29,"playtime":961,"items_purged":["Strike_G"],"score":442,"play_id":"7565ac3d-694e-48f3-84eb-2f379f6f91a7","local_time":"20190324215805","is_ascension_mode":true,"campfire_choices":[{"data":"Dagger Spray","floor":6,"key":"SMITH"},{"data":"Terror","floor":11,"key":"SMITH"},{"data":"Dagger Spray","floor":15,"key":"SMITH"},{"floor":23,"key":"REST"},{"data":"Noxious Fumes","floor":24,"key":"SMITH"},{"floor":28,"key":"REST"}],"neow_cost":"NONE","seed_source_timestamp":500937629418653,"circlet_count":0,"master_deck":["AscendersBane","Defend_G","Defend_G","Defend_G","Defend_G","Defend_G","Strike_G+1","Strike_G+1","Strike_G","Strike_G","Survivor","Neutralize+1","Noxious Fumes+1","Leg Sweep","Cloak And Dagger","Dagger Spray+1","Dagger Spray+1","Cloak And Dagger","Terror+1","Prepared","Decay","Normality","Decay","Glass Knife","Catalyst"],"relics":["Ring of the Snake","Darkstone Periapt","Ice Cream","Calling Bell","Regal Pillow","Matryoshka","WingedGreaves","GremlinMask","Snake Skull","Whetstone"],"potions_floor_usage":[13,18,29,29],"damage_taken":[{"damage":0,"enemies":"2 Louse","floor":1,"turns":3},{"damage":0,"enemies":"Cultist","floor":4,"turns":4},{"damage":0,"enemies":"Small Slimes","floor":7,"turns":4},{"damage":0,"enemies":"2 Fungi Beasts","floor":12,"turns":2},{"damage":15,"enemies":"Lagavulin","floor":13,"turns":6},{"damage":25,"enemies":"The Guardian","floor":16,"turns":12},{"damage":22,"enemies":"3 Byrds","floor":18,"turns":8},{"damage":24,"enemies":"2 Thieves","floor":19,"turns":5},{"damage":16,"enemies":"Centurion and Healer","floor":20,"turns":9},{"damage":29,"enemies":"Snake Plant","floor":27,"turns":5},{"damage":86,"enemies":"Gremlin Leader","floor":29,"turns":7}],"seed_played":"-7099080649107514089","potions_obtained":[{"floor":1,"key":"FearPotion"},{"floor":4,"key":"Fire Potion"},{"floor":12,"key":"SteroidPotion"},{"floor":14,"key":"SteroidPotion"},{"floor":18,"key":"Dexterity Potion"}],"is_trial":false,"path_per_floor":["M","?","$","M","$","R","M","?","T","$","R","M","E","?","R","B",null,"M","M","M","?","?","R","R","$","T","M","R","E"],"character_chosen":"THE_SILENT","items_purchased":["Leg Sweep","Cloak And Dagger","Dagger Spray","Terror","Catalyst"],"campfire_rested":2,"item_purchase_floors":[3,3,3,10,25],"current_hp_per_floor":[59,59,59,59,59,59,59,48,48,48,48,48,33,33,33,8,70,48,24,8,25,25,65,65,65,65,36,76,0],"gold":26,"neow_bonus":"HUNDRED_GOLD","is_prod":false,"is_daily":false,"chose_seed":false,"campfire_upgraded":4,"win_rate":0,"timestamp":1553432285,"path_taken":["M","?","$","M","?","R","M","?","T","$","R","M","E","?","R","BOSS","M","?","M","?","?","R","R","$","T","?","R","E"],"build_version":"2019-01-23","purchased_purges":1,"victory":false,"max_hp_per_floor":[66,66,66,66,66,66,66,66,66,66,66,66,66,66,66,66,84,84,84,84,84,84,84,84,84,84,84,84,84],"card_choices":[{"not_picked":["Heel Hook","Poisoned Stab"],"picked":"Noxious Fumes","floor":1},{"not_picked":["Outmaneuver","Deflect"],"picked":"Dagger Spray","floor":4},{"not_picked":["Poisoned Stab","Bane"],"picked":"Cloak And Dagger","floor":7},{"not_picked":["Concentrate","Reflex"],"picked":"Prepared","floor":12},{"not_picked":["All Out Attack","Endless Agony","Setup"],"picked":"SKIP","floor":13},{"not_picked":["Riddle With Holes","Deadly Poison","Flying Knee"],"picked":"SKIP","floor":18},{"not_picked":["Bane","Dagger Throw"],"picked":"Glass Knife","floor":19},{"not_picked":["Quick Slash","Flechettes","Acrobatics+1"],"picked":"SKIP","floor":20},{"not_picked":["Dagger Spray","Deadly Poison","Sucker Punch"],"picked":"SKIP","floor":27}],"player_experience":788977,"relics_obtained":[{"floor":9,"key":"Darkstone Periapt"},{"floor":13,"key":"Ice Cream"},{"floor":17,"key":"Regal Pillow"},{"floor":17,"key":"Matryoshka"},{"floor":17,"key":"WingedGreaves"},{"floor":26,"key":"Snake Skull"},{"floor":26,"key":"Whetstone"}],"event_choices":[{"damage_healed":0,"gold_gain":0,"player_choice":"Upgraded","damage_taken":0,"max_hp_gain":0,"max_hp_loss":0,"event_name":"Upgrade Shrine","floor":2,"gold_loss":0,"cards_upgraded":["Neutralize"]},{"damage_healed":0,"gold_gain":75,"player_choice":"Gather Gold","damage_taken":11,"max_hp_gain":0,"max_hp_loss":0,"event_name":"World of Goop","floor":8,"gold_loss":0},{"damage_healed":0,"gold_gain":0,"player_choice":"Bought 2 Potions","damage_taken":0,"max_hp_gain":0,"max_hp_loss":0,"event_name":"The Woman in Blue","floor":14,"gold_loss":0},{"damage_healed":17,"gold_gain":0,"player_choice":"Heal","damage_taken":0,"max_hp_gain":0,"max_hp_loss":0,"event_name":"The Library","floor":21,"gold_loss":0},{"damage_healed":0,"gold_gain":0,"player_choice":"Trade","damage_taken":0,"relics_obtained":["GremlinMask"],"max_hp_gain":0,"max_hp_loss":0,"event_name":"FaceTrader","floor":22,"gold_loss":0}],"is_beta":false,"boss_relics":[{"not_picked":["Orrery","Busted Crown"],"picked":"Calling Bell"}],"items_purged_floors":[10],"is_endless":false,"potions_floor_spawned":[1,4,12,16,18,19,20],"killed_by":"Gremlin Leader","ascension_level":20}