{"gold_per_floor":[210,210,1,101,119,119,133,152,179,243,254,270,270,280,280,384,384,398,411,336,336,336,336,355,381,381,120,130,229,229,257,257,257],"floor_reached":33,"playtime":1702,"items_purged":["Defend_B"],"score":312,"play_id":"98b36433-30ee-4b56-9cdc-b8c9f908789b","local_time":"20181211212143","is_ascension_mode":false,"campfire_choices":[{"data":"Dualcast","floor":6,"key":"SMITH"},{"data":"Tempest","floor":15,"key":"SMITH"},{"data":"Consume","floor":23,"key":"SMITH"},{"data":"Ghostly","floor":32,"key":"SMITH"}],"neow_cost":"NONE","seed_source_timestamp":1108267081494074,"circlet_count":0,"master_deck":["Strike_B","Strike_B","Strike_B","Strike_B+1","Defend_B+1","Defend_B+1","Defend_B+1","Zap+1","Dualcast+1","Glacier","Tempest+1","Static Discharge","Ball Lightning","Conserve Battery","Consume+1","Auto Shields","Ghostly+1","Ghostly","Ghostly","Ghostly","Ghostly","Barrage"],"relics":["Cracked Core","ClockworkSouvenir","War Paint","Tiny Chest","White Beast Statue","Bottled Flame","Cables","Unceasing Top"],"potions_floor_usage":[8,10,25,25,33,33],"damage_taken":[{"damage":2,"enemies":"Small Slimes","floor":1,"turns":3},{"damage":1,"enemies":"Cultist","floor":5,"turns":3},{"damage":6,"enemies":"Jaw Worm","floor":7,"turns":2},{"damage":0,"enemies":"3 Louse","floor":8,"turns":3},{"damage":10,"enemies":"3 Sentries","floor":10,"turns":8},{"damage":0,"enemies":"Large Slime","floor":11,"turns":5},{"damage":10,"enemies":"Looter","floor":12,"turns":3},{"damage":0,"enemies":"3 Louse","floor":14,"turns":3},{"damage":4,"enemies":"The Guardian","floor":16,"turns":13},{"damage":3,"enemies":"Chosen","floor":18,"turns":4},{"damage":7,"enemies":"3 Byrds","floor":19,"turns":4},{"damage":2,"enemies":"Shelled Parasite and Fungi","floor":24,"turns":8},{"damage":4,"enemies":"Book of Stabbing","floor":25,"turns":5},{"damage":0,"enemies":"Cultist and Chosen","floor":28,"turns":6},{"damage":8,"enemies":"Slavers","floor":31,"turns":4},{"damage":68,"enemies":"Automaton","floor":33,"turns":12}],"seed_played":"-6682540367659203428","potions_obtained":[{"floor":5,"key":"Poison Potion"},{"floor":8,"key":"PowerPotion"},{"floor":12,"key":"SkillPotion"},{"floor":18,"key":"Swift Potion"},{"floor":19,"key":"LiquidBronze"},{"floor":24,"key":"FairyPotion"},{"floor":25,"key":"GamblersBrew"},{"floor":28,"key":"SneckoOil"},{"floor":31,"key":"Regen Potion"}],"is_trial":false,"path_per_floor":["M","?","$","?","M","R","M","M","T","E","M","M","?","M","R","B",null,"M","M","$","?","$","R","M","E","T","$","M","?","?","E","R","B"],"character_chosen":"DEFECT","items_purchased":["ClockworkSouvenir","Cables"],"campfire_rested":0,"item_purchase_floors":[3,27],"current_hp_per_floor":[73,73,73,73,72,72,66,66,66,56,56,46,31,31,31,27,75,72,65,65,37,37,37,35,31,31,31,31,31,27,19,19,0],"gold":257,"neow_bonus":"HUNDRED_GOLD","is_prod":false,"is_daily":false,"chose_seed":false,"campfire_upgraded":4,"win_rate":0,"timestamp":1544530903,"path_taken":["M","?","$","?","?","R","?","M","T","E","M","M","?","M","R","BOSS","M","M","$","?","$","R","M","E","T","$","M","?","?","E","R","BOSS"],"build_version":"2018-12-06","purchased_purges":1,"victory":false,"max_hp_per_floor":[75,75,75,75,75,75,75,75,75,75,75,75,75,75,75,75,75,75,75,75,37,37,37,37,37,37,37,37,37,42,42,42,42],"card_choices":[{"not_picked":["Streamline","Hologram","Storm"],"picked":"SKIP","floor":1},{"not_picked":["Redo","Fusion","Streamline"],"picked":"SKIP","floor":5},{"not_picked":["Scrape","Sweeping Beam"],"picked":"Glacier","floor":7},{"not_picked":["Reprogram","Doom and Gloom"],"picked":"Tempest","floor":8},{"not_picked":["Gash","Loop"],"picked":"Static Discharge","floor":10},{"not_picked":["Coolheaded","Sunder"],"picked":"Ball Lightning","floor":11},{"not_picked":["Redo","Coolheaded"],"picked":"Conserve Battery","floor":12},{"not_picked":["Sweeping Beam","Coolheaded","Redo"],"picked":"SKIP","floor":14},{"not_picked":["Gash","FTL"],"picked":"Consume","floor":18},{"not_picked":["Steam","Streamline+1"],"picked":"Auto Shields","floor":19},{"not_picked":["Steam Power","Skim"],"picked":"Barrage","floor":24},{"not_picked":["Skim","Leap","Consume"],"picked":"SKIP","floor":25},{"not_picked":["Stack","Scrape","Compile Driver"],"picked":"SKIP","floor":28},{"not_picked":["Stack","Ball Lightning","Coolheaded"],"picked":"SKIP","floor":31}],"player_experience":151508,"relics_obtained":[{"floor":9,"key":"War Paint"},{"floor":10,"key":"Tiny Chest"},{"floor":25,"key":"Bottled Flame"},{"floor":31,"key":"Unceasing Top"}],"event_choices":[{"damage_healed":0,"gold_gain":0,"player_choice":"Grow","damage_taken":0,"max_hp_gain":0,"max_hp_loss":0,"event_name":"Living Wall","floor":2,"gold_loss":0,"cards_upgraded":["Zap"]},{"damage_healed":0,"gold_gain":100,"player_choice":"Pray","damage_taken":0,"max_hp_gain":0,"max_hp_loss":0,"event_name":"Golden Shrine","floor":4,"gold_loss":0},{"damage_healed":0,"gold_gain":0,"player_choice":"Entered Light","damage_taken":15,"max_hp_gain":0,"max_hp_loss":0,"event_name":"Shining Light","floor":13,"gold_loss":0,"cards_upgraded":["Defend_B","Strike_B"]},{"damage_healed":0,"gold_gain":0,"player_choice":"Became a Ghost","damage_taken":0,"max_hp_gain":0,"max_hp_loss":38,"event_name":"Ghosts","floor":21,"gold_loss":0,"cards_obtained":["Ghostly","Ghostly","Ghostly","Ghostly","Ghostly"]},{"damage_healed":0,"gold_gain":99,"player_choice":"Stole From Cult","damage_taken":0,"max_hp_gain":0,"max_hp_loss":0,"event_name":"Nest","floor":29,"gold_loss":0},{"damage_healed":0,"gold_gain":0,"player_choice":"Shed Blood","damage_taken":9,"max_hp_gain":5,"max_hp_loss":0,"event_name":"Forgotten Altar","floor":30,"gold_loss":0}],"is_beta":false,"boss_relics":[{"not_picked":["Tiny House","Orrery"],"picked":"White Beast Statue"}],"items_purged_floors":[20],"is_endless":false,"potions_floor_spawned":[5,8,12,18,19,24,25,28,31],"killed_by":"Automaton","ascension_level":0}