{"gold_per_floor":[363,377,377,387,33,59,70,70],"floor_reached":8,"playtime":489,"items_purged":["Strike_G"],"score":87,"play_id":"ab12a9eb-953a-4e3a-aff4-4456cb47ef5c","local_time":"20190322163757","is_ascension_mode":true,"campfire_choices":[],"neow_cost":"TEN_PERCENT_HP_LOSS","seed_source_timestamp":517934604917442,"circlet_count":0,"master_deck":["AscendersBane","Defend_G","Defend_G","Defend_G","Defend_G","Defend_G","Strike_G","Strike_G","Strike_G","Survivor","Neutralize","Dodge and Roll","Dagger Spray","Cloak And Dagger","Blade Dance","Burst","Deflect"],"relics":["Ring of the Snake","Vajra","Blood Vial"],"potions_floor_usage":[7],"damage_taken":[{"damage":1,"enemies":"2 Louse","floor":1,"turns":3},{"damage":3,"enemies":"Jaw Worm","floor":2,"turns":6},{"damage":4,"enemies":"Small Slimes","floor":4,"turns":3},{"damage":13,"enemies":"3 Sentries","floor":6,"turns":7},{"damage":22,"enemies":"Exordium Thugs","floor":7,"turns":7},{"damage":26,"enemies":"Lots of Slimes","floor":8,"turns":3}],"seed_played":"-3923285319813026768","potions_obtained":[{"floor":4,"key":"Strength Potion"}],"is_trial":false,"path_per_floor":["M","M","?","M","$","E","M","M"],"character_chosen":"THE_SILENT","items_purchased":["Vajra","Blade Dance","Burst"],"campfire_rested":0,"item_purchase_floors":[5,5,5],"current_hp_per_floor":[62,59,59,55,55,42,22,0],"gold":70,"neow_bonus":"TWO_FIFTY_GOLD","is_prod":false,"is_daily":false,"chose_seed":false,"campfire_upgraded":0,"win_rate":0,"timestamp":1553269077,"path_taken":["M","M","?","M","$","E","M","M"],"build_version":"2019-01-23","purchased_purges":1,"victory":false,"max_hp_per_floor":[63,63,63,63,63,63,63,63],"card_choices":[{"not_picked":["Leg Sweep","Prepared"],"picked":"Dodge and Roll","floor":1},{"not_picked":["Tactician","Deadly Poison"],"picked":"Dagger Spray","floor":2},{"not_picked":["Backstab","Leg Sweep"],"picked":"Cloak And Dagger","floor":4},{"not_picked":["Acrobatics","All Out Attack","Bouncing Flask"],"picked":"SKIP","floor":6},{"not_picked":["Sucker Punch","PiercingWail"],"picked":"Deflect","floor":7}],"player_experience":347524,"relics_obtained":[{"floor":6,"key":"Blood Vial"}],"event_choices":[{"cards_removed":["Strike_G"],"damage_healed":0,"gold_gain":0,"player_choice":"Forget","damage_taken":0,"max_hp_gain":0,"max_hp_loss":0,"event_name":"Living Wall","floor":3,"gold_loss":0}],"is_beta":false,"boss_relics":[],"items_purged_floors":[5],"is_endless":false,"potions_floor_spawned":[4],"killed_by":"Lots of Slimes","ascension_level":10}