{"path_per_floor":["M","M","$","M","M","E","R","M","T","M","M","M","R","M","R","B",null,"M","M","M","$","?","R","M","R","T","?","M","M","R","M","R","B",null,"M","$","M","M","M","R","?","M","T","E","R","M","M","M","R"],"character_chosen":"IRONCLAD","items_purchased":["Entrench","Block Potion","Bottled Tornado","Apotheosis"],"gold_per_floor":[118,134,8,24,40,70,70,90,90,109,126,143,143,158,158,255,255,274,292,311,57,57,57,75,75,129,129,139,154,154,171,171,272,272,289,13,28,46,66,66,0,12,12,45,45,62,72,92,92,92],"floor_reached":50,"campfire_rested":2,"playtime":4794,"item_purchase_floors":[],"current_hp_per_floor":[44,50,50,55,40,45,45,44,44,44,50,47,47,51,51,39,90,69,44,41,41,41,41,30,30,30,30,27,23,23,27,69,24,93,81,81,78,72,72,72,72,67,67,34,34,22,27,30,72,0],"items_purged":["Bash"],"gold":92,"score":563,"play_id":"348b4fdb-0782-43a1-be3a-3f4a6fb0cb60","local_time":"20180528100725","is_prod":false,"is_daily":false,"chose_seed":false,"is_ascension_mode":false,"campfire_upgraded":8,"win_rate":0,"timestamp":1527520045,"campfire_choices":[{"data":"Shockwave","floor":7.0,"key":"SMITH"},{"data":"Berserk","floor":13.0,"key":"SMITH"},{"data":"Entrench","floor":15.0,"key":"SMITH"},{"data":"Barricade","floor":23,"key":"SMITH"},{"data":"Shrug It Off","floor":25,"key":"SMITH"},{"data":"Shrug It Off","floor":30,"key":"SMITH"},{"floor":32,"key":"REST"},{"data":"Apotheosis","floor":40,"key":"SMITH"},{"data":"Double Tap","floor":45,"key":"SMITH"},{"floor":49,"key":"REST"}],"path_taken":["M","M","$","M","M","E","R","M","T","M","M","M","R","M","R","BOSS","M","M","M","$","?","R","M","R","T","?","M","M","R","M","R","BOSS","M","$","M","M","M","R","?","M","T","E","R","M","M","M","R","BOSS"],"build_version":"2018-05-24","seed_source_timestamp":0,"purchased_purges":1,"victory":false,"master_deck":["Strike_R","Strike_R","Strike_R","Strike_R","Strike_R","Defend_R","Defend_R","Defend_R","Defend_R","Body Slam","Thunderclap","Entrench+1","Shrug It Off+1","Heavy Blade","Shockwave+1","Flex","Body Slam","Berserk+1","Dropkick","Barricade+1","Spot Weakness","Infernal Blade+1","Shrug It Off+1","Body Slam+1","Flex","Body Slam+1","Iron Wave","Double Tap+1","Feel No Pain+1","Apotheosis+1","Shrug It Off+1","Body Slam+1","Power Through+1","Iron Wave+1","Shrug It Off+1"],"max_hp_per_floor":[80,80,80,80,80,90,90,90,90,90,90,90,90,90,90,90,90,90,90,90,90,90,90,93,93,93,93,93,93,93,93,93,93,93,93,93,93,93,93,93,93,93,93,93,93,93,93,93,93,93],"relics":["Burning Blood","Red Skull","Pear","Mercury Hourglass","Velvet Choker","Bottled Tornado","Regal Pillow","Sozu","Red Mask","Question Card","Boot"],"card_choices":[{"not_picked":["Iron Wave","Havoc"],"picked":"Body Slam","floor":1.0},{"not_picked":["Flex","Rampage"],"picked":"Thunderclap","floor":2.0},{"not_picked":["Headbutt","True Grit"],"picked":"Shrug It Off","floor":4.0},{"not_picked":["Headbutt","Sword Boomerang"],"picked":"Heavy Blade","floor":5.0},{"not_picked":["Pummel","Pommel Strike"],"picked":"Shockwave","floor":6.0},{"not_picked":["Uppercut","Cleave"],"picked":"Flex","floor":8.0},{"not_picked":["Hemokinesis","Clothesline"],"picked":"Body Slam","floor":10.0},{"not_picked":["Warcry","Pommel Strike"],"picked":"Berserk","floor":11.0},{"not_picked":["Shockwave","Warcry","Headbutt"],"picked":"SKIP","floor":12.0},{"not_picked":["Perfected Strike","Wild Strike"],"picked":"Dropkick","floor":14.0},{"not_picked":["Dark Embrace","Offering"],"picked":"Barricade","floor":16},{"not_picked":["Warcry","Iron Wave"],"picked":"Spot Weakness","floor":18},{"not_picked":["Anger","Sword Boomerang"],"picked":"Infernal Blade+1","floor":19},{"not_picked":["Sword Boomerang","Bloodletting"],"picked":"Shrug It Off","floor":20},{"not_picked":["Pommel Strike","Rage"],"picked":"Body Slam+1","floor":24},{"not_picked":["Heavy Blade","Sword Boomerang+1"],"picked":"Flex","floor":28},{"not_picked":["Bludgeon","Twin Strike"],"picked":"Body Slam+1","floor":29},{"not_picked":["Headbutt","True Grit"],"picked":"Iron Wave","floor":31},{"not_picked":["Exhume","Bludgeon"],"picked":"Double Tap","floor":33},{"not_picked":["Clothesline+1","Uppercut"],"picked":"Feel No Pain+1","floor":35},{"not_picked":["Pommel Strike","Thunderclap","Warcry"],"picked":"SKIP","floor":37},{"not_picked":["Headbutt+1","Feel No Pain+1"],"picked":"Shrug It Off+1","floor":38},{"not_picked":["Fire Breathing+1","Burning Pact+1"],"picked":"Body Slam+1","floor":39},{"not_picked":["Uppercut","Disarm+1"],"picked":"Power Through+1","floor":42},{"not_picked":["Sword Boomerang+1","Cleave","Flex"],"picked":"Iron Wave+1","floor":44},{"not_picked":["Feel No Pain+1","Hemokinesis+1","Wild Strike+1","Armaments"],"picked":"SKIP","floor":46},{"not_picked":["Perfected Strike","Evolve","Havoc+1","Dark Embrace"],"picked":"SKIP","floor":47},{"not_picked":["Pommel Strike+1","Anger+1","Power Through"],"picked":"Shrug It Off+1","floor":48}],"player_experience":38790,"potions_floor_usage":[16,16,20,31,33,44],"damage_taken":[{"damage":2.0,"enemies":"2 Louse","floor":1.0,"turns":3.0},{"damage":0.0,"enemies":"Small Slimes","floor":2.0,"turns":3.0},{"damage":1.0,"enemies":"Jaw Worm","floor":4.0,"turns":3.0},{"damage":21.0,"enemies":"Gremlin Gang","floor":5.0,"turns":5.0},{"damage":11.0,"enemies":"3 Sentries","floor":6.0,"turns":4.0},{"damage":7.0,"enemies":"Large Slime","floor":8.0,"turns":5.0},{"damage":6.0,"enemies":"3 Louse","floor":10.0,"turns":2.0},{"damage":0.0,"enemies":"Looter","floor":11.0,"turns":2.0},{"damage":9.0,"enemies":"Red Slaver","floor":12.0,"turns":2.0},{"damage":2.0,"enemies":"2 Fungi Beasts","floor":14.0,"turns":3.0},{"damage":18,"enemies":"Hexaghost","floor":16,"turns":6},{"damage":27,"enemies":"3 Byrds","floor":18,"turns":6},{"damage":31,"enemies":"Spheric Guardian","floor":19,"turns":5},{"damage":18,"enemies":"Snake Plant","floor":20,"turns":5},{"damage":20,"enemies":"Sentry and Sphere","floor":24,"turns":4},{"damage":9,"enemies":"Centurion and Healer","floor":28,"turns":4},{"damage":10,"enemies":"3 Cultists","floor":29,"turns":4},{"damage":2,"enemies":"Snake Plant","floor":31,"turns":4},{"damage":51,"enemies":"Collector","floor":33,"turns":9},{"damage":18,"enemies":"Orb Walker","floor":35,"turns":3},{"damage":9,"enemies":"3 Shapes","floor":37,"turns":7},{"damage":12,"enemies":"3 Darklings","floor":38,"turns":4},{"damage":6,"enemies":"Sphere and 2 Shapes","floor":39,"turns":4},{"damage":11,"enemies":"4 Shapes","floor":42,"turns":5},{"damage":39,"enemies":"Nemesis","floor":44,"turns":7},{"damage":18,"enemies":"Maw","floor":46,"turns":7},{"damage":1,"enemies":"3 Darklings","floor":47,"turns":4},{"damage":10,"enemies":"Sphere and 2 Shapes","floor":48,"turns":4},{"damage":82,"enemies":"Time Eater","floor":50,"turns":10}],"relics_obtained":[{"floor":6.0,"key":"Pear"},{"floor":9.0,"key":"Mercury Hourglass"},{"floor":26,"key":"Regal Pillow"},{"floor":43,"key":"Question Card"},{"floor":44,"key":"Boot"}],"event_choices":[{"event_name":"Vampires","player_choice":"Ignored","floor":22,"damage_taken":0},{"event_name":"N\u0027loth","player_choice":"Ignored","floor":27,"damage_taken":0},{"event_name":"Tomb of Lord Red Mask","player_choice":"Paid","floor":41,"damage_taken":0}],"boss_relics":[{"not_picked":["Lizard Tail","Runic Dome"],"picked":"Velvet Choker"},{"not_picked":["Runic Pyramid","Tiny House"],"picked":"Sozu"}],"items_purged_floors":[36],"potions_floor_spawned":[4,5,6,8,10,18,29,31,33,35,38,39,47,48],"seed_played":"-2476252171996530685","killed_by":"Time Eater","ascension_level":0,"potions_obtained":[{"floor":4.0,"key":"GamblersBrew"},{"floor":5.0,"key":"Energy Potion"},{"floor":6.0,"key":"Block Potion"},{"floor":8.0,"key":"FearPotion"},{"floor":10.0,"key":"Strength Potion"},{"floor":18,"key":"BloodPotion"},{"floor":29,"key":"EssenceOfSteel"},{"floor":31,"key":"Poison Potion"},{"floor":33,"key":"AttackPotion"}],"is_trial":false}