{"gold_per_floor":[118,131,206,8,8,41,60,60,86,86,99,99,118,143,143,214,214,232,232,244,272,301,313],"floor_reached":23,"playtime":571,"items_purged":["Strike_R"],"score":452,"play_id":"2d1b32d2-93a0-42d6-815b-2825ee949668","local_time":"20190426234528","is_ascension_mode":true,"campfire_choices":[{"data":"Seeing Red","floor":8,"key":"SMITH"},{"data":"Disarm","floor":10,"key":"SMITH"},{"data":"Demon Form","floor":15,"key":"SMITH"}],"neow_cost":"NONE","seed_source_timestamp":90576497856600,"circlet_count":0,"master_deck":["AscendersBane","Strike_R","Strike_R","Strike_R","Strike_R","Defend_R","Defend_R","Defend_R","Defend_R","Bash","Disarm+1","Sword Boomerang","Metallicize+1","Spot Weakness","Demon Form+1","Seeing Red+1","Uppercut","Clothesline","Immolate","Limit Break","Warcry+1","Sword Boomerang"],"relics":["Burning Blood","NeowsBlessing","Regal Pillow","Lantern","Blue Candle","Torii","Philosopher\u0027s Stone","MawBank"],"potions_floor_usage":[16,23],"damage_taken":[{"damage":0,"enemies":"Cultist","floor":1,"turns":1},{"damage":0,"enemies":"2 Louse","floor":2,"turns":1},{"damage":0,"enemies":"3 Sentries","floor":6,"turns":1},{"damage":10,"enemies":"Small Slimes","floor":7,"turns":4},{"damage":13,"enemies":"Blue Slaver","floor":11,"turns":3},{"damage":14,"enemies":"Large Slime","floor":13,"turns":6},{"damage":6,"enemies":"Lagavulin","floor":14,"turns":7},{"damage":37,"enemies":"Slime Boss","floor":16,"turns":9},{"damage":11,"enemies":"3 Byrds","floor":18,"turns":5},{"damage":27,"enemies":"Shell Parasite","floor":21,"turns":5},{"damage":19,"enemies":"Centurion and Healer","floor":22,"turns":5},{"damage":26,"enemies":"Book of Stabbing","floor":23,"turns":4}],"seed_played":"-1568831468444011823","potions_obtained":[{"floor":2,"key":"Fire Potion"},{"floor":7,"key":"FearPotion"},{"floor":13,"key":"Strength Potion"},{"floor":18,"key":"Poison Potion"},{"floor":22,"key":"PowerPotion"}],"is_trial":false,"path_per_floor":["M","M","?","$","?","E","M","R","T","R","M","T","M","E","R","B",null,"M","?","?","M","M","E"],"character_chosen":"IRONCLAD","items_purchased":["Metallicize","Spot Weakness"],"campfire_rested":0,"item_purchase_floors":[4,4],"current_hp_per_floor":[74,75,64,64,64,70,66,66,66,66,59,59,51,51,51,20,61,56,56,56,35,22,0],"gold":313,"neow_bonus":"THREE_ENEMY_KILL","is_prod":false,"is_daily":false,"chose_seed":false,"campfire_upgraded":3,"win_rate":0,"timestamp":1556315128,"path_taken":["M","?","?","$","?","E","M","R","T","R","M","?","M","E","R","BOSS","M","?","?","M","M","E"],"build_version":"2019-01-23","purchased_purges":1,"victory":false,"max_hp_per_floor":[75,75,75,75,75,75,75,75,75,75,75,75,75,75,75,75,75,75,75,75,75,75,75],"card_choices":[{"not_picked":["Flex","Shockwave"],"picked":"Disarm","floor":1},{"not_picked":["Thunderclap","Pommel Strike"],"picked":"Sword Boomerang","floor":2},{"not_picked":["Clothesline","Sever Soul"],"picked":"Demon Form","floor":6},{"not_picked":["Shrug It Off","Iron Wave"],"picked":"Seeing Red","floor":7},{"not_picked":["Entrench","Armaments"],"picked":"Uppercut","floor":11},{"not_picked":["Clash","Blood for Blood"],"picked":"Clothesline","floor":13},{"not_picked":["Thunderclap","Havoc"],"picked":"Immolate","floor":14},{"not_picked":["Double Tap","Dark Embrace"],"picked":"Limit Break","floor":16},{"not_picked":["Anger","Cleave"],"picked":"Warcry+1","floor":18},{"not_picked":["Clothesline","Cleave"],"picked":"Sword Boomerang","floor":21},{"not_picked":["Intimidate","Heavy Blade","Reckless Charge"],"picked":"SKIP","floor":22}],"player_experience":608254,"relics_obtained":[{"floor":6,"key":"Regal Pillow"},{"floor":9,"key":"Lantern"},{"floor":12,"key":"Blue Candle"},{"floor":14,"key":"Torii"}],"event_choices":[{"damage_healed":0,"gold_gain":75,"player_choice":"Gather Gold","damage_taken":11,"max_hp_gain":0,"max_hp_loss":0,"event_name":"World of Goop","floor":3,"gold_loss":0},{"damage_healed":0,"gold_gain":0,"player_choice":"Grow","damage_taken":0,"max_hp_gain":0,"max_hp_loss":0,"event_name":"Living Wall","floor":5,"gold_loss":0,"cards_upgraded":["Metallicize"]},{"damage_healed":0,"gold_gain":0,"player_choice":"Stole Relic","damage_taken":0,"relics_obtained":["MawBank"],"max_hp_gain":0,"max_hp_loss":0,"event_name":"Addict","floor":19,"gold_loss":0,"cards_obtained":["Shame"]},{"cards_removed":["Shame"],"damage_healed":0,"gold_gain":0,"player_choice":"Elegance","damage_taken":0,"max_hp_gain":0,"max_hp_loss":0,"event_name":"Back to Basics","floor":20,"gold_loss":0}],"is_beta":false,"boss_relics":[{"not_picked":["Coffee Dripper","Eternal Feather"],"picked":"Philosopher\u0027s Stone"}],"items_purged_floors":[4],"is_endless":false,"potions_floor_spawned":[2,7,13,14,18,22],"killed_by":"Book of Stabbing","ascension_level":20}