{"gold_per_floor":[110,36,48,48,48,48,64,64,64,98,117,117,117,134,134,134],"floor_reached":16,"playtime":670,"items_purged":[],"score":100,"play_id":"65adf616-88e9-44e2-9783-ae47bc5b5f5a","local_time":"20190508175909","is_ascension_mode":false,"campfire_choices":[{"data":"Adrenaline","floor":6,"key":"SMITH"},{"data":"Footwork","floor":8,"key":"SMITH"},{"floor":12,"key":"REST"},{"data":"Acrobatics","floor":15,"key":"SMITH"}],"neow_cost":"NONE","seed_source_timestamp":90612637015000,"circlet_count":0,"master_deck":["Defend_G","Defend_G","Defend_G","Defend_G","Defend_G","Strike_G","Strike_G","Strike_G","Strike_G","Survivor","Neutralize","Adrenaline+1","Quick Slash","Footwork+1","Slice","Acrobatics+1","Underhanded Strike","Dagger Throw"],"relics":["Ring of the Snake","Juzu Bracelet","Happy Flower","Lantern"],"potions_floor_usage":[16],"damage_taken":[{"damage":1,"enemies":"Cultist","floor":1,"turns":4},{"damage":3,"enemies":"2 Louse","floor":3,"turns":3},{"damage":0,"enemies":"Jaw Worm","floor":7,"turns":4},{"damage":27,"enemies":"3 Sentries","floor":10,"turns":14},{"damage":1,"enemies":"Blue Slaver","floor":11,"turns":3},{"damage":0,"enemies":"3 Louse","floor":14,"turns":3},{"damage":57,"enemies":"Slime Boss","floor":16,"turns":14}],"seed_played":"-5193013563797096607","potions_obtained":[{"floor":3,"key":"Dexterity Potion"},{"floor":11,"key":"FearPotion"},{"floor":14,"key":"SpeedPotion"}],"is_trial":false,"path_per_floor":["M","$","M","$","?","R","M","R","T","E","M","R","?","M","R","B"],"character_chosen":"THE_SILENT","items_purchased":["Footwork"],"campfire_rested":1,"item_purchase_floors":[2],"current_hp_per_floor":[69,69,66,66,66,66,66,66,66,39,38,59,52,52,52,0],"gold":134,"neow_bonus":"ONE_RANDOM_RARE_CARD","is_prod":false,"is_daily":false,"chose_seed":false,"campfire_upgraded":3,"win_rate":0.0,"timestamp":1557356349,"path_taken":["M","?","M","$","?","R","?","R","T","E","M","R","?","M","R","BOSS"],"build_version":"2019-01-23","purchased_purges":0,"victory":false,"max_hp_per_floor":[70,70,70,70,70,70,70,70,70,70,70,70,70,70,70,70],"card_choices":[{"not_picked":["Prepared","Bane"],"picked":"Quick Slash","floor":1},{"not_picked":["Dagger Spray","Noxious Fumes"],"picked":"Slice","floor":3},{"not_picked":["Dodge and Roll","Tactician"],"picked":"Acrobatics","floor":7},{"not_picked":["Flying Knee","Slice"],"picked":"Underhanded Strike","floor":10},{"not_picked":["Acrobatics","Deflect"],"picked":"Dagger Throw","floor":11},{"not_picked":["Backflip","Bouncing Flask","Footwork"],"picked":"SKIP","floor":14}],"player_experience":16971,"relics_obtained":[{"floor":9,"key":"Juzu Bracelet"},{"floor":10,"key":"Happy Flower"}],"event_choices":[{"cards_removed":["Strike_G"],"damage_healed":0,"gold_gain":0,"player_choice":"Purged","damage_taken":0,"max_hp_gain":0,"max_hp_loss":0,"event_name":"Purifier","floor":5,"gold_loss":0},{"damage_healed":0,"gold_gain":0,"player_choice":"Success","damage_taken":7,"relics_obtained":["Lantern"],"max_hp_gain":0,"max_hp_loss":0,"event_name":"Scrap Ooze","floor":13,"gold_loss":0}],"is_beta":false,"boss_relics":[],"items_purged_floors":[],"is_endless":false,"potions_floor_spawned":[3,11,14],"killed_by":"Slime Boss","ascension_level":0}