{"gold_per_floor":[112,112,124,124,140,140,100,123,146,161,194,194,9,43,43,43],"floor_reached":16,"playtime":590,"items_purged":[],"score":220,"play_id":"3d260d64-2355-44fc-b043-9a7013773f59","local_time":"20190321174158","is_ascension_mode":true,"campfire_choices":[{"data":"Dualcast","floor":6,"key":"SMITH"},{"floor":12,"key":"REST"},{"floor":15,"key":"REST"}],"neow_cost":"NONE","seed_source_timestamp":226741660515106,"circlet_count":0,"master_deck":["AscendersBane","Strike_B","Strike_B","Strike_B","Strike_B","Defend_B+1","Defend_B+1","Defend_B","Defend_B","Zap+1","Dualcast+1","Cold Snap","Coolheaded","BootSequence","Glacier","Streamline","Core Surge","Turbo"],"relics":["Cracked Core","Golden Idol","Smiling Mask","Lantern","PreservedInsect","Matryoshka"],"potions_floor_usage":[10,16],"damage_taken":[{"damage":0,"enemies":"2 Louse","floor":1,"turns":2},{"damage":0,"enemies":"Jaw Worm","floor":3,"turns":4},{"damage":0,"enemies":"Cultist","floor":5,"turns":3},{"damage":0,"enemies":"Looter","floor":8,"turns":3},{"damage":0,"enemies":"Exordium Thugs","floor":10,"turns":6},{"damage":27,"enemies":"3 Sentries","floor":11,"turns":9},{"damage":10,"enemies":"Lagavulin","floor":14,"turns":5},{"damage":52,"enemies":"Slime Boss","floor":16,"turns":9}],"seed_played":"359186347458287700","potions_obtained":[{"floor":7,"key":"Poison Potion"},{"floor":7,"key":"Block Potion"},{"floor":11,"key":"Ancient Potion"}],"is_trial":false,"path_per_floor":["M","?","M","?","M","R","?","M","T","M","E","R","$","E","R","B"],"character_chosen":"DEFECT","items_purchased":["PreservedInsect","Turbo"],"campfire_rested":2,"item_purchase_floors":[13,13],"current_hp_per_floor":[64,43,43,43,43,43,43,43,43,43,16,35,35,25,44,0],"gold":43,"neow_bonus":"UPGRADE_CARD","is_prod":false,"is_daily":false,"chose_seed":false,"campfire_upgraded":1,"win_rate":0,"timestamp":1553157718,"path_taken":["M","?","M","?","M","R","?","?","T","M","E","R","$","E","R","BOSS"],"build_version":"2019-01-23","purchased_purges":0,"victory":false,"max_hp_per_floor":[71,71,71,64,64,64,64,64,64,64,64,64,64,64,64,64],"card_choices":[{"not_picked":["Leap","Blizzard"],"picked":"Cold Snap","floor":1},{"not_picked":["Sweeping Beam","Streamline"],"picked":"Coolheaded","floor":3},{"not_picked":["Go for the Eyes","Barrage"],"picked":"BootSequence","floor":5},{"not_picked":["Tempest","Cold Snap"],"picked":"Glacier","floor":8},{"not_picked":["Static Discharge","Conserve Battery"],"picked":"Streamline","floor":10},{"not_picked":["Cold Snap","Creative AI"],"picked":"Core Surge","floor":11},{"not_picked":["Chaos","Hyperbeam","Meteor Strike"],"picked":"SKIP","floor":14}],"player_experience":763675,"relics_obtained":[{"floor":9,"key":"Smiling Mask"},{"floor":11,"key":"Lantern"},{"floor":14,"key":"Matryoshka"}],"event_choices":[{"damage_healed":0,"gold_gain":0,"player_choice":"Entered Light","damage_taken":21,"max_hp_gain":0,"max_hp_loss":0,"event_name":"Shining Light","floor":2,"gold_loss":0,"cards_upgraded":["Defend_B","Defend_B"]},{"damage_healed":0,"gold_gain":0,"player_choice":"Lose Max HP","damage_taken":0,"relics_obtained":["Golden Idol"],"max_hp_gain":0,"max_hp_loss":7,"event_name":"Golden Idol","floor":4,"gold_loss":0},{"damage_healed":0,"gold_gain":0,"player_choice":"Bought 3 Potions","damage_taken":0,"max_hp_gain":0,"max_hp_loss":0,"event_name":"The Woman in Blue","floor":7,"gold_loss":0}],"is_beta":false,"boss_relics":[],"items_purged_floors":[],"is_endless":false,"potions_floor_spawned":[11,14],"killed_by":"Slime Boss","ascension_level":20}