{"gold_per_floor":[114,124,144,154,117,117,148,148,148,148,159,185,8,22,22,22],"floor_reached":16,"playtime":655,"items_purged":["Strike_R"],"score":224,"play_id":"80f1de89-a92c-48e5-8f23-f349fba21b03","local_time":"20190511170628","is_ascension_mode":true,"campfire_choices":[{"data":"Bash","floor":6,"key":"SMITH"},{"data":"Whirlwind","floor":8,"key":"SMITH"},{"data":"Thunderclap","floor":10,"key":"SMITH"},{"data":"Feel No Pain","floor":15,"key":"SMITH"}],"neow_cost":"NONE","seed_source_timestamp":457377540366600,"circlet_count":0,"master_deck":["AscendersBane","Strike_R","Strike_R","Strike_R","Strike_R","Defend_R","Defend_R","Defend_R","Defend_R","Bash+1","Shrug It Off","Rampage","Pommel Strike","Thunderclap+1","Whirlwind+1","Evolve","Feel No Pain+1","Shrug It Off","Warcry"],"relics":["Burning Blood","Bag of Marbles","Pen Nib","Pear"],"potions_floor_usage":[7,16,16],"damage_taken":[{"damage":1,"enemies":"Cultist","floor":1,"turns":3},{"damage":14,"enemies":"Small Slimes","floor":2,"turns":4},{"damage":2,"enemies":"Jaw Worm","floor":3,"turns":4},{"damage":20,"enemies":"Gremlin Gang","floor":4,"turns":8},{"damage":32,"enemies":"Gremlin Nob","floor":7,"turns":4},{"damage":6,"enemies":"Lots of Slimes","floor":11,"turns":2},{"damage":15,"enemies":"3 Sentries","floor":12,"turns":4},{"damage":4,"enemies":"2 Fungi Beasts","floor":14,"turns":3},{"damage":46,"enemies":"Hexaghost","floor":16,"turns":11}],"seed_played":"3465841072016778248","potions_obtained":[{"floor":2,"key":"SteroidPotion"},{"floor":4,"key":"PowerPotion"},{"floor":14,"key":"EssenceOfSteel"}],"is_trial":false,"path_per_floor":["M","M","M","M","$","R","E","R","T","R","M","E","$","M","R","B"],"character_chosen":"IRONCLAD","items_purchased":["Whirlwind","Shrug It Off","Warcry"],"campfire_rested":0,"item_purchase_floors":[5,13,13],"current_hp_per_floor":[80,72,76,62,62,62,36,36,36,36,36,37,37,39,39,0],"gold":22,"neow_bonus":"TEN_PERCENT_HP_BONUS","is_prod":false,"is_daily":false,"chose_seed":false,"campfire_upgraded":4,"win_rate":0,"timestamp":1557561988,"path_taken":["M","M","M","M","$","R","E","R","T","R","M","E","$","M","R","BOSS"],"build_version":"2019-01-23","purchased_purges":1,"victory":false,"max_hp_per_floor":[82,82,82,82,82,82,82,82,82,82,82,92,92,92,92,92],"card_choices":[{"not_picked":["Carnage","Warcry"],"picked":"Shrug It Off","floor":1},{"not_picked":["Warcry","Havoc"],"picked":"Rampage","floor":2},{"not_picked":["Heavy Blade","Rage"],"picked":"Pommel Strike","floor":3},{"not_picked":["Perfected Strike","Warcry"],"picked":"Thunderclap","floor":4},{"not_picked":["Berserk","Searing Blow"],"picked":"Evolve","floor":7},{"not_picked":["Rage","Wild Strike","Hemokinesis"],"picked":"SKIP","floor":11},{"not_picked":["Dropkick","Pummel"],"picked":"Feel No Pain","floor":12},{"not_picked":["Infernal Blade","Body Slam","Entrench"],"picked":"SKIP","floor":14}],"player_experience":1336664,"relics_obtained":[{"floor":7,"key":"Bag of Marbles"},{"floor":9,"key":"Pen Nib"},{"floor":12,"key":"Pear"}],"event_choices":[],"is_beta":false,"boss_relics":[],"items_purged_floors":[13],"is_endless":false,"potions_floor_spawned":[2,4,14],"killed_by":"Hexaghost","ascension_level":20}