{"gold_per_floor":[213,232,248,24,99,99,117,117,192,192,224,186,198,37,37,141,141,158,177,131,131,147,147,246,146,198,213,213,232,246,246],"floor_reached":31,"playtime":1009,"items_purged":["Strike_R","Strike_R"],"score":282,"play_id":"188f9d37-e0c8-489f-8dcb-ae5b54c4988c","local_time":"20181026215833","is_ascension_mode":true,"campfire_choices":[{"data":"Metallicize","floor":6,"key":"SMITH"},{"data":"Spot Weakness","floor":8,"key":"SMITH"},{"data":"Bash","floor":10,"key":"SMITH"},{"data":"Entrench","floor":15,"key":"SMITH"},{"floor":23,"key":"REST"},{"floor":28,"key":"REST"}],"neow_cost":"NONE","seed_source_timestamp":518932523123848,"circlet_count":0,"master_deck":["Defend_R","Defend_R","Defend_R","Defend_R","Bash+1","Cleave","Twin Strike","Metallicize+1","Spot Weakness+1","Metallicize","Metallicize","Entrench+1","Spot Weakness","Juggernaut","Anger","Shrug It Off","Shrug It Off","Iron Wave+1","Immolate"],"relics":["Burning Blood","Bag of Marbles","Dodecahedron","MawBank","Empty Cage","Vajra"],"potions_floor_usage":[16,16,27],"damage_taken":[{"damage":6,"enemies":"Cultist","floor":1,"turns":4},{"damage":14,"enemies":"Jaw Worm","floor":2,"turns":3},{"damage":2,"enemies":"2 Louse","floor":3,"turns":2},{"damage":1,"enemies":"Exordium Wildlife","floor":7,"turns":3},{"damage":12,"enemies":"Gremlin Nob","floor":11,"turns":4},{"damage":61,"enemies":"Slime Boss","floor":16,"turns":13},{"damage":13,"enemies":"Spheric Guardian","floor":18,"turns":5},{"damage":54,"enemies":"3 Byrds","floor":19,"turns":6},{"damage":8,"enemies":"Snecko","floor":22,"turns":6},{"damage":17,"enemies":"Cultist and Chosen","floor":27,"turns":8},{"damage":10,"enemies":"Centurion and Healer","floor":29,"turns":7},{"damage":25,"enemies":"Shelled Parasite and Fungi","floor":30,"turns":5},{"damage":21,"enemies":"Snake Plant","floor":31,"turns":3}],"seed_played":"-7831012636874645985","potions_obtained":[{"floor":7,"key":"AttackPotion"},{"floor":11,"key":"Energy Potion"},{"floor":19,"key":"SkillPotion"},{"floor":22,"key":"Regen Potion"}],"is_trial":false,"path_per_floor":["M","M","M","$","?","R","M","R","T","R","E","?","?","$","R","B",null,"M","M","$","?","M","R","?","$","T","M","R","M","M"],"character_chosen":"IRONCLAD","items_purchased":["Bag of Marbles","Metallicize","Entrench","Spot Weakness","Shrug It Off"],"campfire_rested":2,"item_purchase_floors":[4,14,14,14,20],"current_hp_per_floor":[80,72,76,76,65,65,70,70,70,70,64,64,64,64,64,9,80,73,25,25,25,23,47,47,47,47,36,60,56,37,16],"gold":246,"neow_bonus":"HUNDRED_GOLD","is_prod":false,"is_daily":false,"chose_seed":false,"campfire_upgraded":4,"win_rate":0,"timestamp":1540583913,"path_taken":["M","M","M","$","?","R","M","R","T","R","E","?","?","?","R","BOSS","M","M","$","?","M","R","?","$","T","?","R","?","?","M"],"build_version":"2018-10-25v2","purchased_purges":2,"victory":false,"max_hp_per_floor":[80,80,80,80,80,80,80,80,80,80,80,80,80,80,80,80,80,80,80,80,80,80,80,80,80,80,80,80,80,80,80],"card_choices":[{"not_picked":["Thunderclap","Heavy Blade"],"picked":"Cleave","floor":1},{"not_picked":["Iron Wave","Burning Pact"],"picked":"Twin Strike","floor":2},{"not_picked":["Perfected Strike","Sword Boomerang"],"picked":"Metallicize","floor":3},{"not_picked":["Uppercut","Pummel"],"picked":"Spot Weakness","floor":7},{"not_picked":["Dual Wield","Sever Soul"],"picked":"Metallicize","floor":11},{"not_picked":["Reaper","Fiend Fire"],"picked":"Juggernaut","floor":16},{"not_picked":["Hemokinesis","Disarm","Clash"],"picked":"SKIP","floor":18},{"not_picked":["Combust","Pummel"],"picked":"Anger","floor":19},{"not_picked":["Warcry+1","Flex"],"picked":"Shrug It Off","floor":22},{"not_picked":["Clothesline","Heavy Blade"],"picked":"Iron Wave+1","floor":27},{"not_picked":["Warcry","Shrug It Off"],"picked":"Immolate","floor":29},{"not_picked":["Sword Boomerang+1","Twin Strike","Warcry"],"picked":"SKIP","floor":30}],"player_experience":255554,"relics_obtained":[{"floor":9,"key":"Dodecahedron"},{"floor":11,"key":"MawBank"},{"floor":26,"key":"Vajra"}],"event_choices":[{"damage_healed":0,"gold_gain":75,"player_choice":"Gather Gold","damage_taken":11,"max_hp_gain":0,"max_hp_loss":0,"event_name":"World of Goop","floor":5,"gold_loss":0},{"cards_removed":["Strike_R"],"damage_healed":0,"gold_gain":0,"player_choice":"Card Removal","damage_taken":0,"max_hp_gain":0,"max_hp_loss":0,"event_name":"The Cleric","floor":12,"gold_loss":50},{"damage_healed":0,"gold_gain":0,"player_choice":"Bought 0 Potions","damage_taken":0,"max_hp_gain":0,"max_hp_loss":0,"event_name":"The Woman in Blue","floor":13,"gold_loss":0},{"damage_healed":0,"gold_gain":0,"player_choice":"Ignored","damage_taken":0,"max_hp_gain":0,"max_hp_loss":0,"event_name":"Cursed Tome","floor":21,"gold_loss":0},{"damage_healed":0,"gold_gain":99,"player_choice":"Stole From Cult","damage_taken":0,"max_hp_gain":0,"max_hp_loss":0,"event_name":"Nest","floor":24,"gold_loss":0}],"is_beta":false,"boss_relics":[{"not_picked":["Tiny House","Astrolabe"],"picked":"Empty Cage"}],"items_purged_floors":[4,25],"is_endless":false,"potions_floor_spawned":[7,11,19,22],"killed_by":"Snake Plant","ascension_level":4}