{"gold_per_floor":[109,109,109,109,124,124,142,217,217,269,293,293,332,179,179,298,298,314,36,0,0,0,0,70,70,117,133,154,154,172,197,197,326,326,340,340,353,373,24,24,39,39,92,92,92],"floor_reached":45,"playtime":1471,"items_purged":["Strike_R","Strike_R","Strike_R"],"score":481,"play_id":"c9c2800c-fd68-47ad-951d-237f0ade40bd","local_time":"20181104213032","is_ascension_mode":false,"campfire_choices":[{"data":"Wild Strike","floor":6,"key":"SMITH"},{"floor":12,"key":"REST"},{"data":"Inflame","floor":15,"key":"SMITH"},{"data":"Demon Form","floor":23,"key":"SMITH"},{"floor":29,"key":"REST"},{"floor":32,"key":"REST"},{"floor":40,"key":"REST"},{"floor":42,"key":"REST"},{"floor":44,"key":"REST"}],"neow_cost":"NONE","seed_source_timestamp":85344838187541,"circlet_count":0,"master_deck":["Strike_R","Strike_R","Defend_R","Defend_R","Defend_R+1","Defend_R","Bash","Spot Weakness+1","Wild Strike+1","Twin Strike","Heavy Blade","Shrug It Off","Inflame+1","Demon Form+1","Shrug It Off","Shrug It Off","Rage+1","Rage","Ghostly Armor","Shrug It Off","Clothesline+1"],"relics":["Burning Blood","Dream Catcher","Golden Idol","Shuriken","Question Card","Centennial Puzzle","Black Star","Vajra","Nloth\u0027s Gift","Tiny Chest","Happy Flower","Bag of Preparation","Lizard Tail","Bronze Scales","Omamori"],"potions_floor_usage":[13,13,24],"damage_taken":[{"damage":6,"enemies":"Small Slimes","floor":1,"turns":4},{"damage":10,"enemies":"2 Louse","floor":5,"turns":2},{"damage":6,"enemies":"Cultist","floor":7,"turns":3},{"damage":11,"enemies":"Large Slime","floor":11,"turns":4},{"damage":18,"enemies":"Lagavulin","floor":13,"turns":3},{"damage":38,"enemies":"Hexaghost","floor":16,"turns":7},{"damage":16,"enemies":"Shell Parasite","floor":18,"turns":4},{"damage":37,"enemies":"Gremlin Leader","floor":24,"turns":6},{"damage":20,"enemies":"2 Thieves","floor":27,"turns":4},{"damage":13,"enemies":"Cultist and Chosen","floor":28,"turns":5},{"damage":6,"enemies":"Centurion and Healer","floor":30,"turns":5},{"damage":14,"enemies":"Shelled Parasite and Fungi","floor":31,"turns":6},{"damage":23,"enemies":"Champ","floor":33,"turns":9},{"damage":16,"enemies":"Orb Walker","floor":35,"turns":4},{"damage":37,"enemies":"3 Shapes","floor":37,"turns":5},{"damage":51,"enemies":"3 Darklings","floor":38,"turns":8},{"damage":33,"enemies":"Jaw Worm Horde","floor":41,"turns":6},{"damage":93,"enemies":"Giant Head","floor":45,"turns":8}],"seed_played":"-2695234238231398220","potions_obtained":[{"floor":1,"key":"Explosive Potion"},{"floor":7,"key":"BloodPotion"},{"floor":11,"key":"Fire Potion"},{"floor":28,"key":"SteroidPotion"},{"floor":30,"key":"LiquidBronze"},{"floor":33,"key":"Ancient Potion"}],"is_trial":false,"path_per_floor":["M","?","?","?","M","R","M","?","T","T","M","R","E","$","R","B",null,"M","$","?","?","?","R","E","$","T","M","M","R","M","M","R","B",null,"M","?","M","M","$","R","M","R","T","R","E"],"character_chosen":"IRONCLAD","items_purchased":["Inflame","Vajra","Shrug It Off","Bronze Scales","Ghostly Armor"],"campfire_rested":6,"item_purchase_floors":[14,19,19,39,39],"current_hp_per_floor":[80,74,71,56,52,52,52,41,41,41,36,58,53,53,53,21,74,64,64,64,64,64,64,33,33,33,19,12,34,34,26,48,31,74,64,64,33,28,28,50,23,45,45,67,0],"gold":92,"neow_bonus":"RANDOM_COMMON_RELIC","is_prod":false,"is_daily":false,"chose_seed":false,"campfire_upgraded":3,"win_rate":0,"timestamp":1541363432,"path_taken":["M","?","?","?","M","R","M","?","T","?","M","R","E","?","R","BOSS","M","$","?","?","?","R","E","$","T","M","M","R","?","M","R","BOSS","M","?","M","M","$","R","M","R","T","R","E"],"build_version":"2018-11-01","purchased_purges":3,"victory":false,"max_hp_per_floor":[80,74,74,74,74,74,74,74,74,74,74,74,74,74,74,74,74,74,74,74,74,74,74,74,74,74,74,74,74,74,74,74,74,74,74,74,74,74,74,74,74,74,74,74,74],"card_choices":[{"not_picked":["Combust","Warcry"],"picked":"Spot Weakness","floor":1},{"not_picked":["Ghostly Armor","Infernal Blade"],"picked":"Wild Strike","floor":5},{"not_picked":["Hemokinesis","Flex"],"picked":"Twin Strike","floor":7},{"not_picked":["Clothesline","Cleave","Clash"],"picked":"Heavy Blade","floor":11},{"not_picked":["Heavy Blade","Armaments","Warcry"],"picked":"Shrug It Off","floor":12},{"not_picked":["Second Wind","Fiend Fire","Havoc","Barricade"],"picked":"SKIP","floor":13},{"not_picked":["Berserk","Feed","Immolate"],"picked":"Demon Form","floor":16},{"not_picked":["Flex","Rupture","Uppercut","Clothesline"],"picked":"SKIP","floor":18},{"not_picked":["Immolate","Reaper","Fire Breathing+1","Heavy Blade+1"],"picked":"SKIP","floor":24},{"not_picked":["True Grit+1","Headbutt","Armaments"],"picked":"Shrug It Off","floor":27},{"not_picked":["Perfected Strike","Feel No Pain","Body Slam","Bloodletting+1"],"picked":"SKIP","floor":28},{"not_picked":["Twin Strike+1","Heavy Blade","Wild Strike"],"picked":"Rage+1","floor":30},{"not_picked":["Hemokinesis","Heavy Blade","Demon Form","Havoc"],"picked":"SKIP","floor":31},{"not_picked":["Anger","Disarm","Intimidate"],"picked":"Rage","floor":35},{"not_picked":["Warcry+1","Sentinel","Corruption+1","Headbutt+1"],"picked":"SKIP","floor":37},{"not_picked":["Metallicize","Combust","Pommel Strike","Fire Breathing+1"],"picked":"SKIP","floor":38},{"not_picked":["Dual Wield","Body Slam","Warcry+1"],"picked":"Shrug It Off","floor":40},{"not_picked":["Shockwave+1","Sever Soul+1","Evolve+1","Clothesline+1"],"picked":"SKIP","floor":41},{"not_picked":["Warcry","Heavy Blade","Anger+1"],"picked":"Clothesline+1","floor":42}],"player_experience":294205,"relics_obtained":[{"floor":9,"key":"Question Card"},{"floor":10,"key":"Ancient Tea Set"},{"floor":13,"key":"Centennial Puzzle"},{"floor":24,"key":"Tiny Chest"},{"floor":24,"key":"Happy Flower"},{"floor":26,"key":"Bag of Preparation"},{"floor":43,"key":"Omamori"}],"event_choices":[{"damage_healed":0,"gold_gain":0,"player_choice":"Lose Max HP","damage_taken":0,"relics_obtained":["Golden Idol"],"max_hp_gain":0,"max_hp_loss":6,"event_name":"Golden Idol","floor":2,"gold_loss":0},{"damage_healed":0,"gold_gain":0,"player_choice":"Success","damage_taken":3,"relics_obtained":["Shuriken"],"max_hp_gain":0,"max_hp_loss":0,"event_name":"Scrap Ooze","floor":3,"gold_loss":0},{"damage_healed":0,"gold_gain":0,"player_choice":"Entered Light","damage_taken":15,"max_hp_gain":0,"max_hp_loss":0,"event_name":"Shining Light","floor":4,"gold_loss":0,"cards_upgraded":["Spot Weakness","Defend_R"]},{"damage_healed":0,"gold_gain":75,"player_choice":"Gather Gold","damage_taken":11,"max_hp_gain":0,"max_hp_loss":0,"event_name":"World of Goop","floor":8,"gold_loss":0},{"damage_healed":0,"gold_gain":0,"player_choice":"Paid Fearfully","damage_taken":0,"max_hp_gain":0,"max_hp_loss":0,"event_name":"Masked Bandits","floor":20,"gold_loss":36},{"damage_healed":0,"gold_gain":0,"player_choice":"Ignored","damage_taken":0,"max_hp_gain":0,"max_hp_loss":0,"event_name":"Vampires","floor":21,"gold_loss":0},{"damage_healed":0,"gold_gain":0,"player_choice":"Traded Relic","damage_taken":0,"relics_obtained":["Nloth\u0027s Gift"],"max_hp_gain":0,"max_hp_loss":0,"event_name":"N\u0027loth","floor":22,"relics_lost":["Ancient Tea Set"],"gold_loss":0},{"damage_healed":0,"gold_gain":0,"player_choice":"Ignored","damage_taken":0,"max_hp_gain":0,"max_hp_loss":0,"event_name":"Tomb of Lord Red Mask","floor":36,"gold_loss":0}],"is_beta":false,"boss_relics":[{"not_picked":["Philosopher\u0027s Stone","Busted Crown"],"picked":"Black Star"},{"not_picked":["Orrery","Calling Bell"],"picked":"Lizard Tail"}],"items_purged_floors":[14,19,39],"is_endless":false,"potions_floor_spawned":[1,7,11,28,30,33,35,37,41],"killed_by":"Giant Head","ascension_level":0}