{"gold_per_floor":[112,112,128,128,128,128,163,184,255,1,1,16,56,56,56,146,146,171,192,38,61,11,11,34,55,81,81,101,28,49,73,73,73],"floor_reached":33,"playtime":1357,"items_purged":[],"score":497,"play_id":"cc003eae-e42d-4054-89da-4454e235534d","local_time":"20190122010623","is_ascension_mode":true,"campfire_choices":[{"data":"Neutralize","floor":6.0,"key":"SMITH"},{"data":"Riddle With Holes","floor":11.0,"key":"SMITH"},{"floor":15,"key":"REST"},{"floor":23,"key":"REST"},{"floor":27,"key":"REST"},{"floor":32,"key":"REST"}],"neow_cost":"NONE","seed_source_timestamp":1469116456681381,"circlet_count":0,"master_deck":["AscendersBane","Defend_G","Defend_G","Defend_G","Defend_G","Defend_G","Strike_G","Strike_G","Strike_G","Strike_G+1","Survivor","Neutralize+1","Noxious Fumes","Slice+1","Flying Knee","Riddle With Holes+1","Deadly Poison","After Image","Dash","Unload","Adrenaline","Predator+1","Prepared+1","Poisoned Stab","PiercingWail","Doppelganger","Catalyst","Footwork"],"special_seed":0,"relics":["Ring of the Snake","NeowsBlessing","Golden Idol","Strawberry","Mummified Hand","ClockworkSouvenir","Whetstone","Lizard Tail","Snake Skull","Regal Pillow"],"potions_floor_usage":[16,16,19,21,24,31,33],"damage_taken":[{"damage":0.0,"enemies":"Small Slimes","floor":1.0,"turns":1.0},{"damage":0.0,"enemies":"2 Louse","floor":3.0,"turns":1.0},{"damage":0.0,"enemies":"Gremlin Nob","floor":7.0,"turns":1.0},{"damage":3.0,"enemies":"Jaw Worm","floor":8.0,"turns":4.0},{"damage":1.0,"enemies":"2 Fungi Beasts","floor":12.0,"turns":3.0},{"damage":25.0,"enemies":"Lagavulin","floor":13.0,"turns":4.0},{"damage":8,"enemies":"Slime Boss","floor":16,"turns":11},{"damage":9,"enemies":"Spheric Guardian","floor":18,"turns":4},{"damage":23,"enemies":"3 Byrds","floor":19,"turns":4},{"damage":1,"enemies":"Cultist and Chosen","floor":21,"turns":5},{"damage":8,"enemies":"Centurion and Healer","floor":24,"turns":6},{"damage":40,"enemies":"Snake Plant","floor":25,"turns":5},{"damage":12,"enemies":"Sentry and Sphere","floor":28,"turns":4},{"damage":17,"enemies":"Cultist and Chosen","floor":30,"turns":6},{"damage":6,"enemies":"Snake Plant","floor":31,"turns":3},{"damage":105,"enemies":"Champ","floor":33,"turns":15}],"seed_played":"-5912518516641321971","potions_obtained":[{"floor":3.0,"key":"Swift Potion"},{"floor":7.0,"key":"Explosive Potion"},{"floor":13.0,"key":"AttackPotion"},{"floor":18,"key":"SteroidPotion"},{"floor":19,"key":"GhostInAJar"},{"floor":25,"key":"Fire Potion"},{"floor":31,"key":"Regen Potion"}],"is_trial":false,"path_per_floor":["M","?","M","?","?","R","E","M","T","$","R","M","E","?","R","B",null,"M","M","$","M","$","R","M","M","T","R","M","$","M","M","R","B"],"character_chosen":"THE_SILENT","items_purchased":["ClockworkSouvenir","Poison Potion","Snake Skull","AttackPotion","Catalyst"],"campfire_rested":4,"item_purchase_floors":[10,10,20,22,29],"current_hp_per_floor":[59,64,64,64,57,57,64,61,61,61,61,60,35,35,56,48,65,56,33,33,32,32,53,45,5,5,41,29,29,12,6,42,0],"gold":73,"neow_bonus":"THREE_ENEMY_KILL","is_prod":false,"is_daily":false,"chose_seed":false,"campfire_upgraded":2,"win_rate":0,"timestamp":1548086783,"path_taken":["M","?","M","?","?","R","E","M","T","?","R","M","E","?","R","BOSS","M","M","$","M","?","R","M","M","T","R","M","?","M","?","R","BOSS"],"build_version":"2019-01-17v2","purchased_purges":0,"victory":false,"max_hp_per_floor":[66,71,71,64,64,64,71,71,71,71,71,71,71,71,71,71,71,71,71,71,71,71,71,71,71,71,71,71,71,71,71,71,71],"card_choices":[{"not_picked":["Bane","Poisoned Stab"],"picked":"Noxious Fumes","floor":1.0},{"not_picked":["Bane","Concentrate"],"picked":"Slice","floor":3.0},{"not_picked":["Backflip","Dodge and Roll"],"picked":"Flying Knee","floor":7.0},{"not_picked":["Flying Knee","Backflip"],"picked":"Riddle With Holes","floor":8.0},{"not_picked":["Flechettes","Accuracy"],"picked":"Deadly Poison","floor":12.0},{"not_picked":["Acrobatics","Phantasmal Killer"],"picked":"After Image","floor":13.0},{"not_picked":["Night Terror","Doppelganger"],"picked":"Adrenaline","floor":16},{"not_picked":["Cloak And Dagger+1","Slice"],"picked":"Predator+1","floor":18},{"not_picked":["Acrobatics","Tools of the Trade"],"picked":"Prepared+1","floor":19},{"not_picked":["Bane","Slice"],"picked":"Poisoned Stab","floor":21},{"not_picked":["Choke","Backflip","Prepared"],"picked":"SKIP","floor":24},{"not_picked":["Dagger Spray","Endless Agony"],"picked":"PiercingWail","floor":25},{"not_picked":["Blade Dance","Backflip"],"picked":"Doppelganger","floor":28},{"not_picked":["Slice","Acrobatics","PiercingWail+1"],"picked":"SKIP","floor":30},{"not_picked":["Dodge and Roll","All Out Attack"],"picked":"Footwork","floor":31}],"player_experience":423255,"relics_obtained":[{"floor":7.0,"key":"Strawberry"},{"floor":9.0,"key":"Mummified Hand"},{"floor":13.0,"key":"Whetstone"},{"floor":26,"key":"Regal Pillow"}],"event_choices":[{"damage_healed":0.0,"max_hp_gain":5.0,"max_hp_loss":0.0,"gold_gain":0.0,"event_name":"Big Fish","player_choice":"Donut","floor":2.0,"gold_loss":0.0,"damage_taken":0.0},{"damage_healed":0.0,"max_hp_gain":0.0,"max_hp_loss":7.0,"gold_gain":0.0,"event_name":"Golden Idol","player_choice":"Lose Max HP","floor":4.0,"gold_loss":0.0,"damage_taken":0.0,"relics_obtained":["Golden Idol"]},{"cards_removed":["Strike_G"],"damage_healed":0.0,"max_hp_gain":0.0,"max_hp_loss":0.0,"gold_gain":0.0,"event_name":"Golden Wing","player_choice":"Card Removal","floor":5.0,"gold_loss":0.0,"damage_taken":7.0},{"damage_healed":0,"gold_gain":0,"player_choice":"2 cards matched","damage_taken":0,"max_hp_gain":0,"max_hp_loss":0,"event_name":"Match and Keep!","floor":14,"gold_loss":0,"cards_obtained":["Dash","Unload"]}],"is_beta":false,"boss_relics":[{"not_picked":["HoveringKite","Runic Pyramid"],"picked":"Lizard Tail"}],"items_purged_floors":[],"is_endless":false,"potions_floor_spawned":[3,7,13,18,19,25,31],"killed_by":"Champ","ascension_level":15}