{"gold_per_floor":[210,54,54,65,83,83,112,131,131,160,160,12,12,30,30,106,106,125,40,90,73,33,33,33],"floor_reached":24,"playtime":738,"items_purged":["Strike_R"],"score":357,"play_id":"f3062e0c-c574-417b-b4dc-61e53d87a764","local_time":"20190208200753","is_ascension_mode":true,"campfire_choices":[{"data":"Shockwave","floor":6,"key":"SMITH"},{"data":"Intimidate","floor":11,"key":"SMITH"},{"data":"Blind","floor":13,"key":"SMITH"},{"data":"Whirlwind","floor":15,"key":"SMITH"},{"floor":23,"key":"REST"}],"neow_cost":"NONE","seed_source_timestamp":1419715237294859,"circlet_count":0,"master_deck":["AscendersBane","Strike_R","Strike_R","Defend_R","Defend_R","Defend_R","Defend_R","Bash","Cleave+1","Flame Barrier","Shockwave+1","Thunderclap","Flex","Inflame+1","Blind+1","Whirlwind+1","Bludgeon","Exhume+1","Reaper+1","Cleave+1","Corruption+1"],"relics":["Burning Blood","Bottled Flame","Frozen Egg 2","Ornamental Fan","Astrolabe","Darkstone Periapt"],"potions_floor_usage":[10,16,16],"damage_taken":[{"damage":8,"enemies":"2 Louse","floor":1,"turns":3},{"damage":2,"enemies":"Jaw Worm","floor":4,"turns":3},{"damage":3,"enemies":"Small Slimes","floor":5,"turns":3},{"damage":27,"enemies":"Lagavulin","floor":7,"turns":8},{"damage":4,"enemies":"Blue Slaver","floor":8,"turns":5},{"damage":15,"enemies":"Gremlin Nob","floor":10,"turns":4},{"damage":11,"enemies":"Exordium Wildlife","floor":14,"turns":3},{"damage":16,"enemies":"Slime Boss","floor":16,"turns":7},{"damage":16,"enemies":"Chosen","floor":18,"turns":4},{"damage":32,"enemies":"2 Thieves","floor":21,"turns":4},{"damage":67,"enemies":"Slavers","floor":24,"turns":3}],"seed_played":"6406022310210477480","potions_obtained":[{"floor":1,"key":"GamblersBrew"},{"floor":7,"key":"AttackPotion"},{"floor":14,"key":"Block Potion"},{"floor":18,"key":"Ancient Potion"}],"is_trial":false,"path_per_floor":["M","$","?","M","M","R","E","M","T","E","R","$","R","M","R","B",null,"M","?","?","M","$","R","E"],"character_chosen":"IRONCLAD","items_purchased":["Flame Barrier","Inflame+1","Blind","Corruption+1"],"campfire_rested":1,"item_purchase_floors":[2,12,12,22],"current_hp_per_floor":[66,66,66,70,73,73,52,54,54,45,45,45,45,40,40,30,64,54,54,54,44,44,66,0],"gold":33,"neow_bonus":"HUNDRED_GOLD","is_prod":false,"is_daily":false,"chose_seed":false,"campfire_upgraded":4,"win_rate":0,"timestamp":1549624073,"path_taken":["M","$","?","M","M","R","E","M","T","E","R","?","R","M","R","BOSS","M","?","?","M","?","R","E"],"build_version":"2019-01-23","purchased_purges":1,"victory":false,"max_hp_per_floor":[75,75,75,75,75,75,75,75,75,75,75,75,75,75,75,75,75,75,75,75,75,75,75,75],"card_choices":[{"not_picked":["Pummel","Anger"],"picked":"Cleave","floor":1},{"not_picked":["Reckless Charge","Headbutt","Second Wind"],"picked":"SKIP","floor":4},{"not_picked":["Dual Wield","Feel No Pain"],"picked":"Shockwave","floor":5},{"not_picked":["Pommel Strike","Headbutt"],"picked":"Thunderclap","floor":7},{"not_picked":["Dropkick","Sword Boomerang"],"picked":"Flex","floor":8},{"not_picked":["Thunderclap","Warcry"],"picked":"Intimidate","floor":10},{"not_picked":["Juggernaut+1","Perfected Strike"],"picked":"Whirlwind","floor":14},{"not_picked":["Feed","Offering"],"picked":"Bludgeon","floor":16},{"not_picked":["Iron Wave","Warcry","Infernal Blade"],"picked":"SKIP","floor":18},{"not_picked":["Bloodletting","Sever Soul","Perfected Strike"],"picked":"SKIP","floor":21}],"player_experience":496784,"relics_obtained":[{"floor":7,"key":"Bottled Flame"},{"floor":9,"key":"Frozen Egg 2"},{"floor":10,"key":"Ornamental Fan"}],"event_choices":[{"damage_healed":0,"gold_gain":0,"player_choice":"Grow","damage_taken":0,"max_hp_gain":0,"max_hp_loss":0,"event_name":"Living Wall","floor":3,"gold_loss":0,"cards_upgraded":["Cleave"]},{"damage_healed":0,"gold_gain":0,"player_choice":"Obtained Relic","damage_taken":0,"relics_obtained":["Darkstone Periapt"],"max_hp_gain":0,"max_hp_loss":0,"event_name":"Addict","floor":19,"gold_loss":85},{"damage_healed":0,"gold_gain":50,"player_choice":"Stole From Cult","damage_taken":0,"max_hp_gain":0,"max_hp_loss":0,"event_name":"Nest","floor":20,"gold_loss":0}],"is_beta":false,"boss_relics":[{"not_picked":["Runic Cube","Eternal Feather"],"picked":"Astrolabe"}],"items_purged_floors":[2],"is_endless":false,"potions_floor_spawned":[1,7,14,18],"killed_by":"Slavers","ascension_level":15}