{"gold_per_floor":[109,34,34,44,54,54,80,80,80,155,155,184,184,204,204,303,303,316,330,380,35,35,35,35],"floor_reached":24,"playtime":739,"items_purged":["Strike_B"],"score":202,"play_id":"9d6bac64-3f95-414a-940c-1587c8651031","local_time":"20190419110315","is_ascension_mode":false,"campfire_choices":[{"data":"Hologram","floor":6,"key":"SMITH"},{"data":"Fusion","floor":8,"key":"SMITH"},{"data":"Zap","floor":11,"key":"SMITH"},{"data":"Streamline","floor":13,"key":"SMITH"},{"floor":15,"key":"REST"},{"data":"Seek","floor":23,"key":"SMITH"}],"neow_cost":"NONE","seed_source_timestamp":5936418087614,"circlet_count":0,"master_deck":["Strike_B","Strike_B","Strike_B","Defend_B","Defend_B","Defend_B","Defend_B","Zap+1","Dualcast","Ball Lightning","Hologram+1","Streamline+1","Fusion+1","Capacitor","Seek+1","Coolheaded","Stack+1","Gash"],"relics":["FrozenCore","NeowsBlessing","CultistMask","Dodecahedron","Tiny Chest","Shuriken","Bronze Scales","Runic Capacitor"],"potions_floor_usage":[14,24],"damage_taken":[{"damage":0,"enemies":"Jaw Worm","floor":1,"turns":1},{"damage":0,"enemies":"Cultist","floor":4,"turns":1},{"damage":0,"enemies":"Small Slimes","floor":5,"turns":1},{"damage":28,"enemies":"Gremlin Nob","floor":7,"turns":4},{"damage":21,"enemies":"Lagavulin","floor":12,"turns":4},{"damage":22,"enemies":"Exordium Thugs","floor":14,"turns":4},{"damage":6,"enemies":"Slime Boss","floor":16,"turns":6},{"damage":16,"enemies":"Shell Parasite","floor":18,"turns":4},{"damage":8,"enemies":"Chosen","floor":19,"turns":6},{"damage":55,"enemies":"Gremlin Leader","floor":24,"turns":7}],"seed_played":"-8365657264491204977","potions_obtained":[{"floor":4,"key":"LiquidBronze"},{"floor":7,"key":"Block Potion"},{"floor":16,"key":"PowerPotion"},{"floor":19,"key":"AttackPotion"}],"is_trial":false,"path_per_floor":["M","$","?","M","M","R","E","R","T","T","R","E","R","M","R","B",null,"M","M","?","$","?","R","E"],"character_chosen":"DEFECT","items_purchased":["Bronze Scales","Runic Capacitor"],"campfire_rested":1,"item_purchase_floors":[21,21],"current_hp_per_floor":[75,75,75,75,75,75,47,47,47,47,47,26,26,4,26,20,75,59,51,51,51,51,51,0],"gold":35,"neow_bonus":"THREE_ENEMY_KILL","is_prod":false,"is_daily":false,"chose_seed":false,"campfire_upgraded":5,"win_rate":0,"timestamp":1555642995,"path_taken":["M","$","?","M","?","R","E","R","T","?","R","E","R","M","R","BOSS","M","M","?","?","?","R","E"],"build_version":"2019-01-23","purchased_purges":1,"victory":false,"max_hp_per_floor":[75,75,75,75,75,75,75,75,75,75,75,75,75,75,75,75,75,75,75,75,75,75,75,75],"card_choices":[{"not_picked":["Compile Driver","Rebound"],"picked":"Ball Lightning","floor":1},{"not_picked":["Ball Lightning","Consume"],"picked":"Hologram","floor":4},{"not_picked":["Rip and Tear","Hello World"],"picked":"Streamline","floor":5},{"not_picked":["Melter","Barrage"],"picked":"Fusion","floor":7},{"not_picked":["Redo","Hologram"],"picked":"Capacitor","floor":12},{"not_picked":["Leap","Stack","Lockon"],"picked":"SKIP","floor":14},{"not_picked":["Amplify","Reboot"],"picked":"Seek","floor":16},{"not_picked":["Streamline","Cold Snap"],"picked":"Coolheaded","floor":18},{"not_picked":["Go for the Eyes","Reprogram"],"picked":"Stack+1","floor":19}],"player_experience":449485,"relics_obtained":[{"floor":7,"key":"Dodecahedron"},{"floor":10,"key":"Tiny Chest"},{"floor":12,"key":"Shuriken"}],"event_choices":[{"damage_healed":0,"gold_gain":0,"player_choice":"Trade","damage_taken":0,"relics_obtained":["CultistMask"],"max_hp_gain":0,"max_hp_loss":0,"event_name":"FaceTrader","floor":3,"gold_loss":0},{"damage_healed":0,"gold_gain":100,"player_choice":"Bet on Murderer","damage_taken":0,"max_hp_gain":0,"max_hp_loss":0,"event_name":"The Joust","floor":20,"gold_loss":50},{"damage_healed":0,"gold_gain":0,"player_choice":"Read","damage_taken":0,"max_hp_gain":0,"max_hp_loss":0,"event_name":"The Library","floor":22,"gold_loss":0,"cards_obtained":["Gash"]}],"is_beta":false,"boss_relics":[{"not_picked":["Pandora\u0027s Box","Lizard Tail"],"picked":"FrozenCore"}],"items_purged_floors":[2],"is_endless":false,"potions_floor_spawned":[4,7,16,19],"killed_by":"Gremlin Leader","ascension_level":0}