{"gold_per_floor":[114,114,39,58,58,58,73,73,100,113,123,23,23,38,38,140,140,155,155,155,172,190,190,190,190,190,190,208,222,222,237,237,336,336,352,227,238,258,258,258,258,108,161,15,15,46,63,63,63,63],"floor_reached":51,"playtime":1709,"items_purged":["Strike_B","Defend_B","Strike_B+1","Meteor Strike"],"score":767,"play_id":"eb181478-96a4-4638-bed7-2856c14fe326","local_time":"20180821113957","is_ascension_mode":false,"campfire_choices":[{"data":"Zap","floor":6,"key":"SMITH"},{"data":"Reboot","floor":8,"key":"SMITH"},{"floor":15,"key":"REST"},{"data":"Skim","floor":23,"key":"SMITH"},{"data":"RitualDagger","floor":25,"key":"SMITH"},{"floor":27,"key":"REST"},{"floor":32,"key":"REST"},{"data":"Madness","floor":40,"key":"SMITH"},{"data":"Madness","floor":45,"key":"SMITH"},{"floor":49,"key":"REST"}],"neow_cost":"PERCENT_DAMAGE","seed_source_timestamp":265497931664759,"circlet_count":0,"master_deck":["Defend_B+1","Zap+1","Reboot+1","Gash+1","Skim+1","RitualDagger+1","Hologram+1","Double Energy+1","Gash+1","Madness+1","Madness+1"],"relics":["Cracked Core","War Paint","Empty Cage","Ornamental Fan","Runic Pyramid","Omamori","Lantern","Pen Nib"],"potions_floor_usage":[16,21,21,22,22],"damage_taken":[{"damage":0,"enemies":"2 Louse","floor":1,"turns":2},{"damage":1,"enemies":"Jaw Worm","floor":4,"turns":2},{"damage":5,"enemies":"Small Slimes","floor":7,"turns":3},{"damage":0,"enemies":"Looter","floor":10,"turns":1},{"damage":0,"enemies":"Gremlin Gang","floor":11,"turns":3},{"damage":0,"enemies":"2 Fungi Beasts","floor":14,"turns":2},{"damage":31,"enemies":"Hexaghost","floor":16,"turns":8},{"damage":4,"enemies":"2 Thieves","floor":18,"turns":3},{"damage":0,"enemies":"Spheric Guardian","floor":21,"turns":1},{"damage":3,"enemies":"Snake Plant","floor":22,"turns":2},{"damage":3,"enemies":"Shelled Parasite and Fungi","floor":28,"turns":2},{"damage":0,"enemies":"Snecko","floor":29,"turns":2},{"damage":0,"enemies":"Centurion and Healer","floor":31,"turns":2},{"damage":11,"enemies":"Automaton","floor":33,"turns":6},{"damage":0,"enemies":"3 Shapes","floor":35,"turns":2},{"damage":0,"enemies":"Flame Bruiser 1 Orb","floor":37,"turns":3},{"damage":0,"enemies":"Sphere and 2 Shapes","floor":38,"turns":2},{"damage":0,"enemies":"2 Orb Walkers","floor":46,"turns":1},{"damage":4,"enemies":"Flame Bruiser 2 Orb","floor":47,"turns":2},{"damage":0,"enemies":"Donu and Deca","floor":50,"turns":1}],"seed_played":"4879623528539355161","potions_obtained":[{"floor":4,"key":"SkillPotion"},{"floor":7,"key":"Explosive Potion"},{"floor":10,"key":"Regen Potion"},{"floor":16,"key":"Explosive Potion"},{"floor":21,"key":"Explosive Potion"},{"floor":29,"key":"FearPotion"},{"floor":35,"key":"EssenceOfSteel"},{"floor":46,"key":"Ancient Potion"}],"is_trial":false,"path_per_floor":["M","?","$","M","?","R","M","R","T","M","M","$","?","M","R","B",null,"M","$","?","M","M","R","?","R","T","R","M","M","?","M","R","B",null,"M","$","M","M","?","R","?","$","T","$","R","E","M","?","R","B"],"character_chosen":"DEFECT","items_purchased":["Lantern"],"campfire_rested":4,"item_purchase_floors":[44],"current_hp_per_floor":[54,54,54,53,53,53,48,48,48,48,48,48,33,33,55,39,75,71,71,71,71,68,68,62,62,62,75,72,72,72,72,75,64,75,75,75,75,75,66,66,66,66,66,66,66,66,62,62,75,75],"gold":63,"neow_bonus":"THREE_RARE_CARDS","is_prod":false,"is_daily":false,"chose_seed":false,"campfire_upgraded":6,"win_rate":0,"timestamp":1534822797,"path_taken":["M","?","$","M","?","R","M","R","T","M","M","$","?","M","R","BOSS","M","$","?","M","M","R","?","R","T","R","M","?","?","M","R","BOSS","M","$","M","M","?","R","?","$","T","$","R","E","?","?","R","BOSS"],"build_version":"2018-08-16","purchased_purges":4,"victory":true,"max_hp_per_floor":[75,75,75,75,75,75,75,75,75,75,75,75,75,75,75,75,75,75,75,75,75,75,75,75,75,75,75,75,75,75,75,75,75,75,75,75,75,75,75,75,75,75,75,75,75,75,75,75,75,75],"card_choices":[{"not_picked":["Biased Cognition","Core Surge"],"picked":"Reboot","floor":0},{"not_picked":["Hologram","BootSequence"],"picked":"Gash","floor":1},{"not_picked":["Lockon","Rip and Tear","Darkness"],"picked":"SKIP","floor":4},{"not_picked":["Doom and Gloom","Conserve Battery","Streamline"],"picked":"SKIP","floor":7},{"not_picked":["Gash","Conserve Battery","Auto Shields"],"picked":"SKIP","floor":10},{"not_picked":["Loop","Leap","Ball Lightning"],"picked":"SKIP","floor":11},{"not_picked":["Rebound","Leap","Chill"],"picked":"SKIP","floor":14},{"not_picked":["Leap","Capacitor"],"picked":"Skim","floor":18},{"not_picked":["White Noise","Defragment+1","Gash"],"picked":"SKIP","floor":21},{"not_picked":["Conserve Battery","Beam Cell+1","Double Energy"],"picked":"SKIP","floor":22},{"not_picked":["Conserve Battery","Melter","Stack"],"picked":"SKIP","floor":28},{"not_picked":["Meteor Strike","Barrage+1"],"picked":"Hologram+1","floor":29},{"not_picked":["Rebound","Gash","Conserve Battery+1"],"picked":"SKIP","floor":31},{"not_picked":["Redo+1","Turbo+1"],"picked":"Double Energy+1","floor":35},{"not_picked":["White Noise+1","Go for the Eyes"],"picked":"Gash+1","floor":37},{"not_picked":["Conserve Battery+1","Go for the Eyes","Sweeping Beam+1"],"picked":"SKIP","floor":38},{"not_picked":["Redo","Defragment+1","Steam+1"],"picked":"SKIP","floor":46},{"not_picked":["Reinforced Body+1","Leap","Go for the Eyes"],"picked":"SKIP","floor":47}],"player_experience":322934,"relics_obtained":[{"floor":9,"key":"War Paint"},{"floor":26,"key":"Ornamental Fan"},{"floor":43,"key":"Omamori"},{"floor":46,"key":"Pen Nib"}],"event_choices":[{"event_name":"Living Wall","player_choice":"Forget","floor":2,"damage_taken":0},{"event_name":"Purifier","player_choice":"One Purge","floor":5,"damage_taken":0},{"event_name":"Shining Light","player_choice":"Entered Light","floor":13,"damage_taken":0},{"event_name":"Vampires","player_choice":"Ignored","floor":20,"damage_taken":0},{"event_name":"Nest","player_choice":"Joined the Cult","floor":24,"damage_taken":0},{"event_name":"Drug Dealer","player_choice":"Ignored","floor":30,"damage_taken":0},{"event_name":"Winding Halls","player_choice":"Embrace Madness","floor":39,"damage_taken":0},{"event_name":"Match and Keep!","player_choice":"1 cards matched","floor":41,"damage_taken":0},{"event_name":"Falling","player_choice":"Removed Skill","floor":48,"damage_taken":0}],"is_beta":false,"boss_relics":[{"not_picked":["Velvet Choker","Inserter"],"picked":"Empty Cage"},{"not_picked":["Snecko Eye","Fusion Hammer"],"picked":"Runic Pyramid"}],"items_purged_floors":[3,12,36,42],"is_endless":false,"potions_floor_spawned":[4,7,10,16,21,29,35,46],"ascension_level":0}