{"gold_per_floor":[114,31,31,31,31,60,79,79,103,103,9,9,37,56,56,56],"floor_reached":16,"playtime":432,"items_purged":[],"score":212,"play_id":"2ac8d06d-1a50-4db2-8834-db40986ffbbf","local_time":"20190329234215","is_ascension_mode":true,"campfire_choices":[{"data":"Storm","floor":8,"key":"SMITH"},{"floor":12,"key":"REST"},{"floor":15,"key":"REST"}],"neow_cost":"NONE","seed_source_timestamp":8611885271716,"circlet_count":0,"master_deck":["AscendersBane","Strike_B","Strike_B","Strike_B","Strike_B","Defend_B","Defend_B","Defend_B","Defend_B","Zap","Dualcast","Sweeping Beam","Storm+1","Go for the Eyes","Leap","Heatsinks","Conserve Battery","Undo","Compile Driver"],"relics":["Cracked Core","Vajra","Letter Opener","Potion Belt","Bronze Scales","Ornamental Fan"],"potions_floor_usage":[6,6,13,16],"damage_taken":[{"damage":3,"enemies":"Small Slimes","floor":1,"turns":3},{"damage":27,"enemies":"Gremlin Nob","floor":6,"turns":4},{"damage":0,"enemies":"Jaw Worm","floor":7,"turns":4},{"damage":23,"enemies":"Lagavulin","floor":13,"turns":6},{"damage":7,"enemies":"Cultist","floor":14,"turns":3},{"damage":53,"enemies":"Hexaghost","floor":16,"turns":10}],"seed_played":"7534183849669054603","potions_obtained":[{"floor":1,"key":"LiquidBronze"},{"floor":5,"key":"Block Potion"},{"floor":5,"key":"SteroidPotion"},{"floor":6,"key":"Explosive Potion"},{"floor":13,"key":"EssenceOfSteel"}],"is_trial":false,"path_per_floor":["M","$","?","T","?","E","M","R","T","?","$","R","E","M","R","B"],"character_chosen":"DEFECT","items_purchased":["Storm","Heatsinks","Conserve Battery"],"campfire_rested":2,"item_purchase_floors":[2,11,11],"current_hp_per_floor":[68,68,63,63,63,36,36,36,36,36,36,59,36,29,52,0],"gold":56,"neow_bonus":"TEN_PERCENT_HP_BONUS","is_prod":false,"is_daily":false,"chose_seed":false,"campfire_upgraded":1,"win_rate":0,"timestamp":1553920935,"path_taken":["M","$","?","?","?","E","?","R","T","?","$","R","E","M","R","BOSS"],"build_version":"2019-01-23","purchased_purges":0,"victory":false,"max_hp_per_floor":[78,78,78,78,78,78,78,78,78,78,78,78,78,78,78,78],"card_choices":[{"not_picked":["BootSequence","Leap"],"picked":"Sweeping Beam","floor":1},{"not_picked":["Barrage","Stack"],"picked":"Go for the Eyes","floor":6},{"not_picked":["All For One","Rebound"],"picked":"Leap","floor":7},{"not_picked":["Rebound","Streamline"],"picked":"Undo","floor":13},{"not_picked":["Steam","Conserve Battery"],"picked":"Compile Driver","floor":14}],"player_experience":1194164,"relics_obtained":[{"floor":4,"key":"Letter Opener"},{"floor":6,"key":"Potion Belt"},{"floor":9,"key":"Bronze Scales"},{"floor":13,"key":"Ornamental Fan"}],"event_choices":[{"damage_healed":0,"gold_gain":0,"player_choice":"Success","damage_taken":5,"relics_obtained":["Vajra"],"max_hp_gain":0,"max_hp_loss":0,"event_name":"Scrap Ooze","floor":3,"gold_loss":0},{"damage_healed":0,"gold_gain":0,"player_choice":"Got Potions","damage_taken":0,"max_hp_gain":0,"max_hp_loss":0,"event_name":"Lab","floor":5,"gold_loss":0},{"damage_healed":0,"gold_gain":0,"player_choice":"Ignored","damage_taken":0,"max_hp_gain":0,"max_hp_loss":0,"event_name":"Golden Wing","floor":10,"gold_loss":0}],"is_beta":false,"boss_relics":[],"items_purged_floors":[],"is_endless":false,"potions_floor_spawned":[1,6,13],"killed_by":"Hexaghost","ascension_level":20}