{"gold_per_floor":[114,129,129,142,152,177,177,190,190,190,215,215,215,103,103,202,202,222,222,238,238,248,248,266,266,266,280,280,280,294,5,5,5],"floor_reached":33,"playtime":1111,"items_purged":["Decay"],"score":423,"play_id":"cc253255-8050-4b8b-b1e9-7b3bd5b7c6b3","local_time":"20190117215906","is_ascension_mode":true,"campfire_choices":[{"floor":7.0,"key":"REST"},{"floor":10.0,"key":"REST"},{"data":"Redo","floor":13.0,"key":"SMITH"},{"data":"Zap","floor":15.0,"key":"SMITH"},{"floor":23,"key":"REST"},{"data":"Consume","floor":25,"key":"SMITH"},{"floor":28,"key":"REST"},{"data":"Capacitor","floor":32,"key":"SMITH"}],"neow_cost":"NONE","seed_source_timestamp":1112548927935015,"circlet_count":0,"master_deck":["AscendersBane","Defend_B","Defend_B+1","Defend_B","Defend_B+1","Zap+1","Dualcast","Ball Lightning","Redo+1","Cold Snap","Consume+1","Capacitor+1","Seek","Auto Shields+1","Conserve Battery+1","Bite","Bite","Bite","Bite","Bite","Mayhem"],"special_seed":0,"relics":["Cracked Core","NeowsBlessing","Happy Flower","Singing Bowl","Emotion Chip","Busted Crown","Omamori"],"potions_floor_usage":[20,22,24,33,33],"damage_taken":[{"damage":0.0,"enemies":"Cultist","floor":1.0,"turns":1.0},{"damage":0.0,"enemies":"Small Slimes","floor":2.0,"turns":1.0},{"damage":0.0,"enemies":"Jaw Worm","floor":4.0,"turns":1.0},{"damage":23.0,"enemies":"Exordium Thugs","floor":5.0,"turns":5.0},{"damage":21.0,"enemies":"Gremlin Nob","floor":6.0,"turns":4.0},{"damage":6.0,"enemies":"Blue Slaver","floor":8.0,"turns":3.0},{"damage":11.0,"enemies":"3 Sentries","floor":11.0,"turns":7.0},{"damage":11.0,"enemies":"Hexaghost","floor":16.0,"turns":8.0},{"damage":0.0,"enemies":"Chosen","floor":18.0,"turns":4.0},{"damage":12,"enemies":"2 Thieves","floor":20,"turns":4},{"damage":22,"enemies":"Snake Plant","floor":22,"turns":4},{"damage":21,"enemies":"Cultist and Chosen","floor":24,"turns":7},{"damage":25,"enemies":"3 Cultists","floor":27,"turns":5},{"damage":5,"enemies":"Snecko","floor":30,"turns":4},{"damage":58,"enemies":"Collector","floor":33,"turns":6}],"seed_played":"-5654363778473322229","potions_obtained":[{"floor":6.0,"key":"Strength Potion"},{"floor":11.0,"key":"FocusPotion"},{"floor":16.0,"key":"EssenceOfSteel"},{"floor":20,"key":"Fire Potion"},{"floor":22,"key":"Block Potion"},{"floor":27,"key":"LiquidBronze"}],"is_trial":false,"path_per_floor":["M","M","?","M","M","E","R","M","T","R","E","?","R","$","R","B",null,"M","?","M","?","M","R","M","R","T","M","R","?","M","$","R","B"],"character_chosen":"DEFECT","items_purchased":["Capacitor","Mayhem","SkillPotion","Dexterity Potion"],"campfire_rested":4,"item_purchase_floors":[14,31,31,31],"current_hp_per_floor":[68,68,53,53,30,9,31,25,25,47,36,36,36,36,36,25,63,63,63,53,46,26,49,30,30,30,5,29,29,36,36,36,0],"gold":5,"neow_bonus":"THREE_ENEMY_KILL","is_prod":false,"is_daily":false,"chose_seed":false,"campfire_upgraded":4,"win_rate":0,"timestamp":1547729946,"path_taken":["M","?","?","M","M","E","R","M","T","R","E","?","R","$","R","BOSS","M","?","M","?","M","R","?","R","T","?","R","?","M","?","R","BOSS"],"build_version":"2019-01-10","purchased_purges":1,"victory":false,"max_hp_per_floor":[75,75,75,75,75,75,75,75,75,75,75,75,75,75,75,75,75,75,75,77,77,79,79,81,81,81,81,81,56,58,58,58,58],"card_choices":[{"not_picked":["Gash","Leap"],"picked":"Ball Lightning","floor":1.0},{"not_picked":["Beam Cell","Stack","Storm"],"picked":"SKIP","floor":2.0},{"not_picked":["Aggregate","Hello World"],"picked":"Redo","floor":4.0},{"not_picked":["Beam Cell","Leap"],"picked":"Cold Snap","floor":5.0},{"not_picked":["Chill","Fusion","Turbo"],"picked":"SKIP","floor":6.0},{"not_picked":["Skim","Heatsinks","Coolheaded"],"picked":"SKIP","floor":8.0},{"not_picked":["Chaos","Meteor Strike"],"picked":"Consume","floor":11.0},{"not_picked":["Hyperbeam","Creative AI"],"picked":"Seek","floor":16.0},{"not_picked":[],"picked":"Auto Shields+1","floor":18.0},{"not_picked":["Steam+1"],"picked":"Singing Bowl","floor":20},{"not_picked":["Steam"],"picked":"Singing Bowl","floor":22},{"not_picked":["Consume+1"],"picked":"Singing Bowl","floor":24},{"not_picked":[],"picked":"Conserve Battery+1","floor":27},{"not_picked":["Rebound"],"picked":"Singing Bowl","floor":30}],"player_experience":398533,"relics_obtained":[{"floor":6.0,"key":"Happy Flower"},{"floor":9.0,"key":"Singing Bowl"},{"floor":11.0,"key":"Emotion Chip"},{"floor":26,"key":"Omamori"}],"event_choices":[{"damage_healed":0.0,"max_hp_gain":0.0,"max_hp_loss":0.0,"gold_gain":0.0,"event_name":"Shining Light","player_choice":"Entered Light","floor":3.0,"gold_loss":0.0,"damage_taken":15.0,"cards_upgraded":["Defend_B","Defend_B"]},{"damage_healed":0.0,"max_hp_gain":0.0,"max_hp_loss":0.0,"gold_gain":0.0,"event_name":"Wheel of Change","player_choice":"Cursed","floor":12.0,"gold_loss":0.0,"damage_taken":0.0,"cards_obtained":["Decay"]},{"damage_healed":0,"gold_gain":0,"player_choice":"Ignored","damage_taken":0,"max_hp_gain":0,"max_hp_loss":0,"event_name":"The Mausoleum","floor":19,"gold_loss":0},{"damage_healed":0,"gold_gain":0,"player_choice":"","damage_taken":7,"max_hp_gain":0,"max_hp_loss":0,"event_name":"Knowing Skull","floor":21,"potions_obtained":[],"gold_loss":0,"cards_obtained":[]},{"damage_healed":0,"gold_gain":0,"player_choice":"Became a vampire","damage_taken":0,"max_hp_gain":0,"max_hp_loss":25,"event_name":"Vampires","floor":29,"gold_loss":0,"cards_obtained":["Bite","Bite","Bite","Bite","Bite"]}],"is_beta":false,"boss_relics":[{"not_picked":["Philosopher\u0027s Stone","Snecko Eye"],"picked":"Busted Crown"}],"items_purged_floors":[14],"is_endless":false,"potions_floor_spawned":[6,11,16,20,22,27],"killed_by":"Collector","ascension_level":11}