{"gold_per_floor":[110,110,110,125,12,12,12,42,99,125,125,144,159,170,170,245,245,262,262,262,273,292,292,321,321,321,321,321,321,321,335,335,413,413,427,427,33,50,50],"floor_reached":39,"playtime":1784,"items_purged":[],"score":814,"play_id":"542e6a6a-46c9-4a2c-9fa2-f90f7c62347f","local_time":"20190418160413","is_ascension_mode":true,"campfire_choices":[{"floor":6.0,"key":"REST"},{"data":"Defragment","floor":11,"key":"SMITH"},{"data":"Loop","floor":15,"key":"SMITH"},{"floor":23,"key":"REST"},{"floor":25,"key":"REST"},{"floor":32,"key":"REST"}],"neow_cost":"NONE","seed_source_timestamp":1753876043203700,"circlet_count":0,"master_deck":["AscendersBane","Defend_B","Defend_B","Defend_B+1","Defend_B","Zap+1","Dualcast","Leap","Chill","Ball Lightning","Self Repair","Core Surge","Defragment+1","Loop+1","Conserve Battery","Static Discharge","Biased Cognition","Turbo","Redo","Coolheaded","Hologram+1","Ball Lightning","Decay","Glacier","Core Surge","Barrage","Cold Snap"],"special_seed":0,"relics":["FrozenCore","Potion Belt","Cables","Nunchaku","Tiny Chest","War Paint","Fusion Hammer","Du-Vu Doll","Bottled Tornado","Pear","Dead Branch"],"potions_floor_usage":[16,18,24,24,39,39],"damage_taken":[{"damage":8.0,"enemies":"Small Slimes","floor":1.0,"turns":3.0},{"damage":11.0,"enemies":"2 Louse","floor":4.0,"turns":3.0},{"damage":6.0,"enemies":"3 Sentries","floor":8.0,"turns":9.0},{"damage":12,"enemies":"Lagavulin","floor":10,"turns":6},{"damage":0,"enemies":"Cultist","floor":12,"turns":3},{"damage":6,"enemies":"Looter","floor":13,"turns":3},{"damage":0,"enemies":"2 Fungi Beasts","floor":14,"turns":3},{"damage":23,"enemies":"Hexaghost","floor":16,"turns":8},{"damage":22,"enemies":"2 Thieves","floor":18,"turns":3},{"damage":19,"enemies":"Shell Parasite","floor":21,"turns":4},{"damage":8,"enemies":"Cultist and Chosen","floor":22,"turns":8},{"damage":47,"enemies":"Slavers","floor":24,"turns":10},{"damage":30,"enemies":"Colosseum Slavers","floor":30,"turns":3},{"damage":0,"enemies":"Sentry and Sphere","floor":31,"turns":6},{"damage":18,"enemies":"Automaton","floor":33,"turns":14},{"damage":20,"enemies":"3 Darklings","floor":35,"turns":9},{"damage":4,"enemies":"3 Shapes","floor":38,"turns":4},{"damage":57,"enemies":"2 Orb Walkers","floor":39,"turns":5}],"seed_played":"9076088457155662981","potions_obtained":[{"floor":1.0,"key":"Fire Potion"},{"floor":10,"key":"Block Potion"},{"floor":16,"key":"EssenceOfSteel"},{"floor":18,"key":"SpeedPotion"},{"floor":22,"key":"SkillPotion"},{"floor":24,"key":"Strength Potion"},{"floor":31,"key":"Dexterity Potion"},{"floor":38,"key":"FocusPotion"}],"is_trial":false,"path_per_floor":["M","?","?","M","$","R","?","E","T","E","R","M","M","M","R","B",null,"M","?","?","M","M","R","E","R","T","?","T","?","?","M","R","B",null,"M","?","$","M","?"],"character_chosen":"DEFECT","items_purchased":["Ball Lightning","Self Repair","Dead Branch","FocusPotion"],"campfire_rested":4,"item_purchase_floors":[5,5,37,37],"current_hp_per_floor":[56,38,31,20,20,41,41,42,42,37,37,44,45,45,45,29,61,46,46,46,34,33,54,14,35,35,35,45,45,15,22,46,35,70,57,57,57,53,0],"gold":50,"neow_bonus":"RANDOM_COMMON_RELIC","is_prod":false,"is_daily":false,"chose_seed":false,"campfire_upgraded":2,"win_rate":0,"timestamp":1555571053,"path_taken":["M","?","?","M","$","R","?","E","T","E","R","?","M","M","R","BOSS","M","?","?","M","M","R","E","R","T","?","?","?","?","M","R","BOSS","M","?","$","M","?"],"build_version":"2019-01-23","purchased_purges":0,"victory":false,"max_hp_per_floor":[71,71,71,71,71,71,71,71,71,71,71,71,71,71,71,71,71,71,71,71,71,71,71,71,71,71,71,81,81,81,81,81,81,81,81,81,81,81,81],"card_choices":[{"not_picked":["Tempest","Blizzard"],"picked":"Leap","floor":1.0},{"not_picked":["Leap","Auto Shields"],"picked":"Chill","floor":4.0},{"not_picked":["Heatsinks","Storm"],"picked":"Core Surge","floor":8.0},{"not_picked":["Beam Cell","Steam"],"picked":"Defragment","floor":10},{"not_picked":["BootSequence","Barrage"],"picked":"Loop","floor":12},{"not_picked":["Reinforced Body","Streamline"],"picked":"Conserve Battery","floor":13},{"not_picked":["Beam Cell","Lockon"],"picked":"Static Discharge","floor":14},{"not_picked":["All For One","Buffer"],"picked":"Biased Cognition","floor":16},{"not_picked":["Conserve Battery","Beam Cell+1","Blizzard"],"picked":"SKIP","floor":18},{"not_picked":["Chill","Turbo"],"picked":"Hologram+1","floor":21},{"not_picked":["Scrape","Steam","Rebound"],"picked":"SKIP","floor":22},{"not_picked":["Sunder","Compile Driver+1"],"picked":"Ball Lightning","floor":24},{"not_picked":["Barrage","Compile Driver"],"picked":"Glacier","floor":31},{"not_picked":["Hyperbeam","Multi-Cast"],"picked":"Core Surge","floor":33},{"not_picked":["Conserve Battery","FTL+1"],"picked":"Barrage","floor":35},{"not_picked":["Steam Power","Conserve Battery+1"],"picked":"Cold Snap","floor":38}],"player_experience":966575,"relics_obtained":[{"floor":8.0,"key":"Nunchaku"},{"floor":9.0,"key":"Tiny Chest"},{"floor":10,"key":"War Paint"},{"floor":24,"key":"Du-Vu Doll"},{"floor":26,"key":"Bottled Tornado"},{"floor":28,"key":"Pear"}],"event_choices":[{"damage_healed":0.0,"max_hp_gain":0.0,"max_hp_loss":0.0,"gold_gain":0.0,"event_name":"Scrap Ooze","player_choice":"Success","floor":2.0,"gold_loss":0.0,"damage_taken":18.0,"relics_obtained":["Cables"]},{"cards_removed":["Strike_B"],"damage_healed":0.0,"max_hp_gain":0.0,"max_hp_loss":0.0,"gold_gain":0.0,"event_name":"Golden Wing","player_choice":"Card Removal","floor":3.0,"gold_loss":0.0,"damage_taken":7.0},{"cards_removed":["Strike_B"],"damage_healed":0.0,"max_hp_gain":0.0,"max_hp_loss":0.0,"gold_gain":0.0,"event_name":"Purifier","player_choice":"Purged","floor":7.0,"gold_loss":0.0,"damage_taken":0.0},{"damage_healed":0,"gold_gain":0,"cards_transformed":["Strike_B","Strike_B"],"player_choice":"Became Test Subject","damage_taken":0,"max_hp_gain":0,"max_hp_loss":0,"event_name":"Drug Dealer","floor":19,"gold_loss":0,"cards_obtained":["Turbo","Redo"]},{"damage_healed":0,"gold_gain":0,"player_choice":"Read","damage_taken":0,"max_hp_gain":0,"max_hp_loss":0,"event_name":"The Library","floor":20,"gold_loss":0,"cards_obtained":["Coolheaded"]},{"damage_healed":0,"gold_gain":0,"player_choice":"Smashed Altar","damage_taken":0,"max_hp_gain":0,"max_hp_loss":0,"event_name":"Forgotten Altar","floor":27,"gold_loss":0,"cards_obtained":["Decay"]},{"damage_healed":0,"gold_gain":0,"player_choice":"Ignored","damage_taken":0,"max_hp_gain":0,"max_hp_loss":0,"event_name":"The Mausoleum","floor":29,"gold_loss":0},{"damage_healed":0,"gold_gain":0,"player_choice":"Fight","damage_taken":0,"max_hp_gain":0,"max_hp_loss":0,"event_name":"Colosseum","floor":30,"gold_loss":0},{"damage_healed":0,"gold_gain":0,"player_choice":"Fled From Nobs","damage_taken":0,"max_hp_gain":0,"max_hp_loss":0,"event_name":"Colosseum","floor":30,"gold_loss":0},{"damage_healed":0,"gold_gain":0,"player_choice":"Memory 1","damage_taken":0,"max_hp_gain":0,"max_hp_loss":0,"event_name":"SensoryStone","floor":36,"gold_loss":0},{"damage_healed":0,"gold_gain":0,"player_choice":"Fight","damage_taken":0,"max_hp_gain":0,"max_hp_loss":0,"event_name":"Mysterious Sphere","floor":39,"gold_loss":0}],"is_beta":false,"boss_relics":[{"not_picked":["Calling Bell","Runic Dome"],"picked":"Fusion Hammer"},{"not_picked":["Velvet Choker","Coffee Dripper"],"picked":"FrozenCore"}],"items_purged_floors":[],"is_endless":false,"potions_floor_spawned":[1,10,16,18,22,24,31,38],"killed_by":"2 Orb Walkers","ascension_level":20}