{"gold_per_floor":[113,113,38,55,69,101,113,113,113,126,201,214,49,49,49,49],"floor_reached":16,"playtime":400,"items_purged":[],"score":199,"play_id":"f8c018d9-9299-40da-ab0d-77688b037eb2","local_time":"20190328012340","is_ascension_mode":true,"campfire_choices":[{"data":"Zap","floor":8,"key":"SMITH"},{"floor":15,"key":"REST"}],"neow_cost":"PERCENT_DAMAGE","seed_source_timestamp":25957509413000,"circlet_count":0,"master_deck":["AscendersBane","Strike_B","Strike_B","Strike_B","Strike_B","Defend_B","Defend_B","Defend_B","Defend_B","Zap+1","Dualcast","Trip","Flash of Steel","Hologram","Melter","Conserve Battery","Echo Form","Rebound","Steam Power","Injury"],"special_seed":0,"relics":["Cracked Core","Bronze Scales","Darkstone Periapt","Juzu Bracelet","Oddly Smooth Stone","Golden Idol"],"potions_floor_usage":[6,6,6,16,16],"damage_taken":[{"damage":3.0,"enemies":"2 Louse","floor":1.0,"turns":2.0},{"damage":4.0,"enemies":"Small Slimes","floor":4.0,"turns":2.0},{"damage":2.0,"enemies":"Jaw Worm","floor":5.0,"turns":3.0},{"damage":24,"enemies":"Gremlin Nob","floor":6,"turns":4},{"damage":0,"enemies":"Large Slime","floor":7,"turns":4},{"damage":11,"enemies":"Looter","floor":10,"turns":3},{"damage":1,"enemies":"3 Louse","floor":12,"turns":2},{"damage":34,"enemies":"Hexaghost","floor":16,"turns":9}],"seed_played":"6958486039706012958","potions_obtained":[{"floor":1.0,"key":"EntropicBrew"},{"floor":4.0,"key":"Regen Potion"},{"floor":7,"key":"FearPotion"}],"is_trial":false,"path_per_floor":["M","?","?","M","M","E","M","R","T","M","?","M","$","?","R","B"],"character_chosen":"DEFECT","items_purchased":["Oddly Smooth Stone"],"campfire_rested":1,"item_purchase_floors":[13],"current_hp_per_floor":[43,43,43,39,37,25,25,25,25,14,3,2,2,8,31,0],"gold":49,"neow_bonus":"RANDOM_COLORLESS_2","is_prod":false,"is_daily":false,"chose_seed":false,"campfire_upgraded":1,"win_rate":0,"timestamp":1553732620,"path_taken":["M","?","?","M","M","E","M","R","T","M","?","M","?","?","R","BOSS"],"build_version":"2019-01-23","purchased_purges":0,"victory":false,"max_hp_per_floor":[71,71,71,71,71,71,71,71,71,71,71,71,71,77,77,77],"card_choices":[{"not_picked":["Skim","Lockon"],"picked":"Hologram","floor":1.0},{"not_picked":["Leap","Sunder"],"picked":"Melter","floor":4.0},{"not_picked":["Stack","Compile Driver"],"picked":"Conserve Battery","floor":5.0},{"not_picked":["Beam Cell","Streamline"],"picked":"Echo Form","floor":6},{"not_picked":["Darkness","Turbo"],"picked":"Rebound","floor":7},{"not_picked":["Chaos","Ball Lightning"],"picked":"Steam Power","floor":10},{"not_picked":["Compile Driver","Lockon","Streamline"],"picked":"SKIP","floor":12}],"player_experience":501439,"relics_obtained":[{"floor":6,"key":"Darkstone Periapt"},{"floor":9,"key":"Juzu Bracelet"}],"event_choices":[{"damage_healed":0.0,"max_hp_gain":0.0,"max_hp_loss":0.0,"gold_gain":0.0,"event_name":"Big Fish","player_choice":"Box","floor":2.0,"gold_loss":0.0,"damage_taken":0.0,"relics_obtained":["Bronze Scales"],"cards_obtained":["Regret"]},{"cards_removed":["Regret"],"damage_healed":0.0,"max_hp_gain":0.0,"max_hp_loss":0.0,"gold_gain":0.0,"event_name":"The Cleric","player_choice":"Card Removal","floor":3.0,"gold_loss":75.0,"damage_taken":0.0},{"damage_healed":0,"gold_gain":75,"player_choice":"Gather Gold","damage_taken":11,"max_hp_gain":0,"max_hp_loss":0,"event_name":"World of Goop","floor":11,"gold_loss":0},{"damage_healed":0,"gold_gain":0,"player_choice":"Take Wound","damage_taken":0,"relics_obtained":["Golden Idol"],"max_hp_gain":0,"max_hp_loss":0,"event_name":"Golden Idol","floor":14,"gold_loss":0,"cards_obtained":["Injury"]}],"is_beta":false,"boss_relics":[],"items_purged_floors":[],"is_endless":false,"potions_floor_spawned":[1,4,5,7],"killed_by":"Hexaghost","ascension_level":19}