{"gold_per_floor":[110,110,124,124,124,124,136,136,136,136,166,181,146,204,204,281,281,299,314,118,118,118,118,118],"floor_reached":24,"playtime":643,"items_purged":["Strike_R"],"score":397,"play_id":"16666ce2-3eb5-45c7-b3c2-3212d6064876","local_time":"20190213133629","is_ascension_mode":true,"campfire_choices":[{"data":"Bash","floor":6,"key":"SMITH"},{"data":"Ghostly Armor","floor":8,"key":"SMITH"},{"data":"Pommel Strike","floor":10,"key":"SMITH"},{"data":"Body Slam","floor":15,"key":"SMITH"},{"floor":23,"key":"REST"}],"neow_cost":"NONE","seed_source_timestamp":1828327254391979,"circlet_count":0,"master_deck":["AscendersBane","Strike_R","Strike_R","Defend_R","Defend_R","Defend_R","Bash+1","Ghostly Armor+1","Pommel Strike+1","Body Slam+1","Offering","Berserk","Carnage","Combust","Heavy Blade","Decay"],"relics":["Burning Blood","NeowsBlessing","Matryoshka","Juzu Bracelet","Gremlin Horn","Centennial Puzzle","Tiny Chest","Black Star"],"potions_floor_usage":[11,14,16],"damage_taken":[{"damage":0,"enemies":"Jaw Worm","floor":1,"turns":1},{"damage":0,"enemies":"Cultist","floor":3,"turns":1},{"damage":0,"enemies":"Small Slimes","floor":7,"turns":1},{"damage":22,"enemies":"Lagavulin","floor":11,"turns":6},{"damage":9,"enemies":"3 Louse","floor":12,"turns":3},{"damage":6,"enemies":"Gremlin Nob","floor":14,"turns":2},{"damage":55,"enemies":"The Guardian","floor":16,"turns":11},{"damage":15,"enemies":"2 Thieves","floor":18,"turns":4},{"damage":39,"enemies":"Spheric Guardian","floor":19,"turns":4},{"damage":44,"enemies":"Snake Plant","floor":24,"turns":3}],"seed_played":"-2329758985787066423","potions_obtained":[{"floor":1,"key":"Block Potion"},{"floor":2,"key":"Swift Potion"},{"floor":2,"key":"Ancient Potion"},{"floor":11,"key":"AttackPotion"},{"floor":14,"key":"AttackPotion"},{"floor":19,"key":"SpeedPotion"}],"is_trial":false,"path_per_floor":["M","?","M","?","?","R","M","R","T","R","E","M","?","E","R","B",null,"M","M","$","?","?","R","M"],"character_chosen":"IRONCLAD","items_purchased":["Carnage","PowerPotion"],"campfire_rested":1,"item_purchase_floors":[20,20],"current_hp_per_floor":[74,74,75,68,57,57,63,63,63,63,47,44,62,62,62,13,60,51,18,18,18,18,40,0],"gold":118,"neow_bonus":"THREE_ENEMY_KILL","is_prod":false,"is_daily":false,"chose_seed":false,"campfire_upgraded":4,"win_rate":0,"timestamp":1550032589,"path_taken":["M","?","?","?","?","R","M","R","T","R","E","M","?","E","R","BOSS","M","M","$","?","?","R","M"],"build_version":"2019-01-23","purchased_purges":1,"victory":false,"max_hp_per_floor":[75,75,75,75,75,75,75,75,75,75,75,75,75,75,75,75,75,75,75,75,75,75,75,75],"card_choices":[{"not_picked":["Body Slam","Havoc"],"picked":"Ghostly Armor","floor":1},{"not_picked":["Anger","Infernal Blade","Twin Strike"],"picked":"SKIP","floor":3},{"not_picked":["Spot Weakness","Armaments"],"picked":"Pommel Strike","floor":7},{"not_picked":["Infernal Blade","Dual Wield"],"picked":"Body Slam","floor":11},{"not_picked":["Wild Strike","Havoc"],"picked":"Offering","floor":12},{"not_picked":["Sword Boomerang","Armaments","Burning Pact"],"picked":"SKIP","floor":14},{"not_picked":["Dark Embrace","Feed"],"picked":"Berserk","floor":16},{"not_picked":["Havoc","Flex","Twin Strike"],"picked":"SKIP","floor":18},{"not_picked":["Cleave","Warcry","Brutality"],"picked":"SKIP","floor":19}],"player_experience":530733,"relics_obtained":[{"floor":9,"key":"Juzu Bracelet"},{"floor":9,"key":"Gremlin Horn"},{"floor":11,"key":"Centennial Puzzle"},{"floor":14,"key":"Tiny Chest"}],"event_choices":[{"damage_healed":0,"gold_gain":0,"player_choice":"Got Potions","damage_taken":0,"max_hp_gain":0,"max_hp_loss":0,"event_name":"Lab","floor":2,"gold_loss":0},{"cards_removed":["Strike_R"],"damage_healed":0,"gold_gain":0,"player_choice":"Card Removal","damage_taken":7,"max_hp_gain":0,"max_hp_loss":0,"event_name":"Golden Wing","floor":4,"gold_loss":0},{"damage_healed":0,"gold_gain":0,"player_choice":"Success","damage_taken":11,"relics_obtained":["Matryoshka"],"max_hp_gain":0,"max_hp_loss":0,"event_name":"Scrap Ooze","floor":5,"gold_loss":0},{"damage_healed":18,"gold_gain":0,"player_choice":"Healed","damage_taken":0,"max_hp_gain":0,"max_hp_loss":0,"event_name":"The Cleric","floor":13,"gold_loss":35},{"damage_healed":0,"gold_gain":0,"cards_transformed":["Strike_R","Defend_R"],"player_choice":"Became Test Subject","damage_taken":0,"max_hp_gain":0,"max_hp_loss":0,"event_name":"Drug Dealer","floor":21,"gold_loss":0,"cards_obtained":["Combust","Heavy Blade"]},{"damage_healed":0,"gold_gain":0,"player_choice":"Smashed Altar","damage_taken":0,"max_hp_gain":0,"max_hp_loss":0,"event_name":"Forgotten Altar","floor":22,"gold_loss":0,"cards_obtained":["Decay"]}],"is_beta":false,"boss_relics":[{"not_picked":["Philosopher\u0027s Stone","Coffee Dripper"],"picked":"Black Star"}],"items_purged_floors":[20],"is_endless":false,"potions_floor_spawned":[1,11,14,19],"killed_by":"Snake Plant","ascension_level":15}