{"gold_per_floor":[118,78,97,112,132,132,166,182,205,219,219,219,294,1,1,73,73,85,99,99,24,24,24,24,24,49,59,8,21,21,21],"floor_reached":31,"playtime":1284,"items_purged":["Strike_B"],"score":470,"play_id":"60117cda-6c06-4983-b222-aa37a77ce5d1","local_time":"20190421205805","is_ascension_mode":true,"campfire_choices":[{"data":"Zap","floor":6,"key":"SMITH"},{"data":"Genetic Algorithm","floor":11,"key":"SMITH"},{"floor":15,"key":"REST"},{"floor":23,"key":"REST"},{"floor":25,"key":"REST"}],"neow_cost":"NONE","seed_source_timestamp":217771376390721,"circlet_count":0,"master_deck":["AscendersBane","Strike_B","Defend_B","Defend_B","Defend_B","Defend_B","Zap+1","Dualcast","Cold Snap","Steam","Ball Lightning","Genetic Algorithm+1","Reinforced Body","Ball Lightning","Echo Form","Hologram","Necronomicurse","Consume","Coolheaded","Capacitor"],"relics":["Cracked Core","Anchor","Centennial Puzzle","DataDisk","Happy Flower","Sozu","Necronomicon","Blood Vial","Regal Pillow"],"potions_floor_usage":[2,7,16,31],"damage_taken":[{"damage":2,"enemies":"Jaw Worm","floor":1,"turns":3},{"damage":1,"enemies":"Cultist","floor":3,"turns":3},{"damage":3,"enemies":"2 Louse","floor":4,"turns":3},{"damage":8,"enemies":"Blue Slaver","floor":5,"turns":4},{"damage":8,"enemies":"Gremlin Nob","floor":7,"turns":3},{"damage":8,"enemies":"Exordium Thugs","floor":8,"turns":5},{"damage":0,"enemies":"3 Louse","floor":10,"turns":4},{"damage":14,"enemies":"Slime Boss","floor":16,"turns":6},{"damage":9,"enemies":"2 Thieves","floor":18,"turns":4},{"damage":0,"enemies":"Chosen","floor":19,"turns":5},{"damage":21,"enemies":"Snake Plant","floor":27,"turns":4},{"damage":16,"enemies":"3 Cultists","floor":29,"turns":6},{"damage":53,"enemies":"Slavers","floor":31,"turns":3}],"seed_played":"-8532218263645770830","potions_obtained":[{"floor":2,"key":"Fruit Juice"},{"floor":2,"key":"Regen Potion"},{"floor":2,"key":"SneckoOil"},{"floor":3,"key":"Poison Potion"},{"floor":8,"key":"SpeedPotion"}],"is_trial":false,"path_per_floor":["M","?","M","M","M","R","E","M","T","M","R","?","?","$","R","B",null,"M","M","?","?","?","R","$","R","T","M","$","M","?","E"],"character_chosen":"DEFECT","items_purchased":["Happy Flower","Fire Potion","Coolheaded"],"campfire_rested":3,"item_purchase_floors":[14,14,28],"current_hp_per_floor":[62,67,66,63,55,55,47,39,39,39,39,21,10,10,32,18,62,53,53,32,32,10,34,34,58,58,39,39,25,25,0],"gold":21,"neow_bonus":"REMOVE_CARD","is_prod":false,"is_daily":false,"chose_seed":false,"campfire_upgraded":2,"win_rate":0,"timestamp":1555847885,"path_taken":["M","?","M","M","?","R","E","M","T","M","R","?","?","$","R","BOSS","M","M","?","?","?","R","?","R","T","?","?","M","?","E"],"build_version":"2019-01-23","purchased_purges":1,"victory":false,"max_hp_per_floor":[71,76,76,76,76,76,76,76,76,76,76,76,76,76,76,76,76,76,76,76,76,81,81,81,81,81,81,81,81,81,81],"card_choices":[{"not_picked":["Turbo","Coolheaded"],"picked":"Cold Snap","floor":1},{"not_picked":["Steam Power","Aggregate"],"picked":"Ball Lightning","floor":3},{"not_picked":["Redo","Beam Cell"],"picked":"Steam","floor":4},{"not_picked":["Reinforced Body","Reprogram"],"picked":"Ball Lightning","floor":5},{"not_picked":["Creative AI","Conserve Battery"],"picked":"Genetic Algorithm","floor":7},{"not_picked":["Rebound","Fusion"],"picked":"Reinforced Body","floor":8},{"not_picked":["Rebound","Conserve Battery"],"picked":"Ball Lightning","floor":10},{"not_picked":["Thunder Strike","Electrodynamics"],"picked":"Echo Form","floor":16},{"not_picked":["Barrage","Turbo"],"picked":"Hologram","floor":18},{"not_picked":["Hologram","Beam Cell","Loop"],"picked":"SKIP","floor":19},{"not_picked":["Reprogram","Steam Power"],"picked":"Consume","floor":27},{"not_picked":["Coolheaded","Steam"],"picked":"Capacitor","floor":29}],"player_experience":1026377,"relics_obtained":[{"floor":7,"key":"Anchor"},{"floor":9,"key":"Centennial Puzzle"},{"floor":20,"key":"Necronomicon"},{"floor":26,"key":"Blood Vial"}],"event_choices":[{"damage_healed":0,"gold_gain":0,"player_choice":"Bought 3 Potions","damage_taken":0,"max_hp_gain":0,"max_hp_loss":0,"event_name":"The Woman in Blue","floor":2,"gold_loss":0},{"damage_healed":0,"gold_gain":0,"player_choice":"Success","damage_taken":18,"relics_obtained":["DataDisk"],"max_hp_gain":0,"max_hp_loss":0,"event_name":"Scrap Ooze","floor":12,"gold_loss":0},{"damage_healed":0,"gold_gain":75,"player_choice":"Gather Gold","damage_taken":11,"max_hp_gain":0,"max_hp_loss":0,"event_name":"World of Goop","floor":13,"gold_loss":0},{"damage_healed":0,"gold_gain":0,"player_choice":"Obtained Book","damage_taken":21,"max_hp_gain":0,"max_hp_loss":0,"event_name":"Cursed Tome","floor":20,"gold_loss":0},{"cards_removed":["Strike_B"],"damage_healed":0,"gold_gain":0,"player_choice":"Gave Gold","damage_taken":0,"max_hp_gain":0,"max_hp_loss":0,"event_name":"Beggar","floor":21,"gold_loss":75},{"damage_healed":0,"gold_gain":0,"player_choice":"Shed Blood","damage_taken":27,"max_hp_gain":5,"max_hp_loss":0,"event_name":"Forgotten Altar","floor":22,"gold_loss":0},{"cards_removed":["Ball Lightning"],"damage_healed":0,"gold_gain":0,"player_choice":"Gave Card","damage_taken":0,"relics_obtained":["Regal Pillow"],"max_hp_gain":0,"max_hp_loss":0,"event_name":"WeMeetAgain","floor":30,"gold_loss":0}],"is_beta":false,"boss_relics":[{"not_picked":["Busted Crown","Ectoplasm"],"picked":"Sozu"}],"items_purged_floors":[14],"is_endless":false,"potions_floor_spawned":[3,4,8,18,29],"killed_by":"Slavers","ascension_level":20}