{"gold_per_floor":[113,126,126,26,46,46,46,66,112,158,158,170,19,30,30,30],"floor_reached":16,"playtime":612,"items_purged":[],"score":110,"play_id":"d43acf77-981c-427a-a30f-d237a4f1002d","local_time":"20181029214942","is_ascension_mode":true,"campfire_choices":[{"data":"Body Slam","floor":6,"key":"SMITH"},{"data":"Iron Wave","floor":15,"key":"SMITH"}],"neow_cost":"NONE","seed_source_timestamp":781601538512874,"circlet_count":0,"master_deck":["Strike_R","Strike_R","Strike_R","Strike_R","Defend_R","Defend_R","Defend_R","Defend_R","Bash","Iron Wave+1","Rage","Shrug It Off","Body Slam+1","Wild Strike","Bloodletting","Cleave"],"relics":["Burning Blood","NeowsBlessing","Potion Belt","Ancient Tea Set","Oddly Smooth Stone"],"potions_floor_usage":[16,16,16],"damage_taken":[{"damage":0,"enemies":"Cultist","floor":1,"turns":1},{"damage":0,"enemies":"Small Slimes","floor":2,"turns":1},{"damage":0,"enemies":"2 Louse","floor":5,"turns":2},{"damage":3,"enemies":"Blue Slaver","floor":8,"turns":4},{"damage":12,"enemies":"Lots of Slimes","floor":12,"turns":6},{"damage":11,"enemies":"3 Louse","floor":14,"turns":4},{"damage":69,"enemies":"Slime Boss","floor":16,"turns":15}],"seed_played":"-3775745986854153578","potions_obtained":[{"floor":1,"key":"Poison Potion"},{"floor":12,"key":"PowerPotion"},{"floor":14,"key":"Strength Potion"}],"is_trial":false,"path_per_floor":["M","M","?","$","M","R","?","M","T","T","?","M","$","M","R"],"character_chosen":"IRONCLAD","items_purchased":["Rage","Shrug It Off","Oddly Smooth Stone"],"campfire_rested":0,"item_purchase_floors":[4,4,13],"current_hp_per_floor":[80,80,80,80,80,80,80,80,80,80,80,74,74,69,69,0],"gold":30,"neow_bonus":"THREE_ENEMY_KILL","is_prod":false,"is_daily":false,"chose_seed":false,"campfire_upgraded":2,"win_rate":0,"timestamp":1540846182,"path_taken":["M","?","?","$","M","R","?","M","T","?","?","M","$","M","R","BOSS"],"build_version":"2018-10-25v2","purchased_purges":0,"victory":false,"max_hp_per_floor":[80,80,80,80,80,80,80,80,80,80,80,80,80,80,80,80],"card_choices":[{"not_picked":["Blood for Blood","Entrench","Warcry"],"picked":"SKIP","floor":1},{"not_picked":["Infernal Blade","Intimidate"],"picked":"Iron Wave","floor":2},{"not_picked":["True Grit","Wild Strike"],"picked":"Body Slam","floor":5},{"not_picked":["Impervious","Body Slam"],"picked":"Wild Strike","floor":8},{"not_picked":["Sword Boomerang","Armaments","Battle Trance"],"picked":"SKIP","floor":12},{"not_picked":["Corruption","Warcry"],"picked":"Cleave","floor":14}],"player_experience":258350,"relics_obtained":[{"floor":9,"key":"Potion Belt"},{"floor":10,"key":"Ancient Tea Set"}],"event_choices":[{"damage_healed":0,"gold_gain":0,"player_choice":"Bought 0 Potions","damage_taken":0,"max_hp_gain":0,"max_hp_loss":0,"event_name":"The Woman in Blue","floor":3,"gold_loss":0},{"damage_healed":0,"gold_gain":0,"player_choice":"Ignored","damage_taken":0,"max_hp_gain":0,"max_hp_loss":0,"event_name":"Liars Game","floor":7,"gold_loss":0},{"damage_healed":0,"gold_gain":0,"cards_transformed":["Strike_R"],"player_choice":"Transformed","damage_taken":0,"max_hp_gain":0,"max_hp_loss":0,"event_name":"Transmorgrifier","floor":11,"gold_loss":0,"cards_obtained":["Bloodletting"]}],"is_beta":false,"boss_relics":[],"items_purged_floors":[],"is_endless":false,"potions_floor_spawned":[1,12,14],"killed_by":"Slime Boss","ascension_level":4}