{"gold_per_floor":[113,113,113,123,123,150,150,20,46,57,71,91,91,110,110,110],"floor_reached":16,"playtime":584,"items_purged":["Regret"],"score":189,"play_id":"4f05c4a8-6dbc-4857-a98e-cb351d8cc0c0","local_time":"20190327210302","is_ascension_mode":true,"campfire_choices":[{"floor":7,"key":"REST"},{"floor":13,"key":"REST"},{"data":"Fission","floor":15,"key":"SMITH"}],"neow_cost":"PERCENT_DAMAGE","seed_source_timestamp":11070051218051,"circlet_count":0,"master_deck":["AscendersBane","Strike_B","Strike_B","Strike_B","Strike_B+1","Defend_B","Defend_B","Defend_B","Defend_B","Zap+1","Dualcast","Double Energy","Compile Driver+1","Leap","Go for the Eyes","Glacier","Fission+1","Hologram","Coolheaded"],"relics":["Cracked Core","Mango","Lantern","Emotion Chip","Whetstone"],"potions_floor_usage":[6,12],"damage_taken":[{"damage":0,"enemies":"2 Louse","floor":1,"turns":2},{"damage":9,"enemies":"Jaw Worm","floor":4,"turns":3},{"damage":49,"enemies":"Gremlin Nob","floor":6,"turns":5},{"damage":4,"enemies":"Cultist","floor":10,"turns":3},{"damage":1,"enemies":"2 Fungi Beasts","floor":11,"turns":3},{"damage":1,"enemies":"3 Louse","floor":12,"turns":4},{"damage":0,"enemies":"Exordium Wildlife","floor":14,"turns":5},{"damage":72,"enemies":"The Guardian","floor":16,"turns":21}],"seed_played":"-8517136182656736755","potions_obtained":[{"floor":4,"key":"SkillPotion"},{"floor":11,"key":"GamblersBrew"}],"is_trial":false,"path_per_floor":["M","?","?","M","?","E","R","$","T","M","M","M","R","M","R","B"],"character_chosen":"DEFECT","items_purchased":["Go for the Eyes"],"campfire_rested":2,"item_purchase_floors":[8],"current_hp_per_floor":[60,60,60,51,51,2,27,27,27,23,22,21,46,46,46,0],"gold":110,"neow_bonus":"ONE_RARE_RELIC","is_prod":false,"is_daily":false,"chose_seed":false,"campfire_upgraded":1,"win_rate":0,"timestamp":1553738582,"path_taken":["M","?","?","M","?","E","R","$","T","M","M","M","R","M","R","BOSS"],"build_version":"2019-01-23","purchased_purges":1,"victory":false,"max_hp_per_floor":[85,85,85,85,85,85,85,85,85,85,85,85,85,85,85,85],"card_choices":[{"not_picked":["Compile Driver","Skim"],"picked":"Double Energy","floor":1},{"not_picked":["Steam","Barrage"],"picked":"Compile Driver","floor":4},{"not_picked":["Redo","Steam"],"picked":"Leap","floor":6},{"not_picked":["Streamline","Cold Snap"],"picked":"Glacier","floor":10},{"not_picked":["Coolheaded","Steam Power"],"picked":"Fission","floor":11},{"not_picked":["Aggregate","Loop"],"picked":"Hologram","floor":12},{"not_picked":["Rebound","Leap"],"picked":"Coolheaded","floor":14}],"player_experience":1170016,"relics_obtained":[{"floor":6,"key":"Emotion Chip"},{"floor":9,"key":"Whetstone"}],"event_choices":[{"damage_healed":0,"gold_gain":0,"player_choice":"Ignored","damage_taken":0,"max_hp_gain":0,"max_hp_loss":0,"event_name":"Shining Light","floor":2,"gold_loss":0},{"damage_healed":0,"gold_gain":0,"player_choice":"Box","damage_taken":0,"relics_obtained":["Lantern"],"max_hp_gain":0,"max_hp_loss":0,"event_name":"Big Fish","floor":3,"gold_loss":0,"cards_obtained":["Regret"]},{"damage_healed":0,"gold_gain":0,"player_choice":"Forge","damage_taken":0,"max_hp_gain":0,"max_hp_loss":0,"event_name":"Accursed Blacksmith","floor":5,"gold_loss":0,"cards_upgraded":["Zap"]}],"is_beta":false,"boss_relics":[],"items_purged_floors":[8],"is_endless":false,"potions_floor_spawned":[4,11],"killed_by":"The Guardian","ascension_level":17}