{"gold_per_floor":[110,35,35,49,60,60,91,110,136,136,136,162,10,10,10,111,111,126,26,41,41],"floor_reached":21,"playtime":1253,"items_purged":["Strike_G","Pain"],"score":196,"play_id":"57dccaae-6e31-4e42-8f0e-052fd1308df3","local_time":"20190427124830","is_ascension_mode":true,"campfire_choices":[{"data":"Neutralize","floor":6,"key":"SMITH"},{"data":"Cloak And Dagger","floor":10,"key":"SMITH"},{"floor":15,"key":"REST"}],"neow_cost":"NONE","seed_source_timestamp":3137294457561,"circlet_count":0,"master_deck":["Defend_G","Defend_G","Defend_G","Defend_G","Defend_G","Strike_G","Survivor","Neutralize+1","Cloak And Dagger+1","Bullet Time","Backflip","Cloak And Dagger","Infinite Blades","Madness","Storm of Steel","Masterful Stab+1","Riddle With Holes+1","Predator+1","Quick Slash"],"relics":["WristBlade","Lantern","Orichalcum","WarpedTongs","Regal Pillow","Astrolabe"],"potions_floor_usage":[7,16],"damage_taken":[{"damage":1,"enemies":"Cultist","floor":1,"turns":5},{"damage":1,"enemies":"Jaw Worm","floor":4,"turns":4},{"damage":0,"enemies":"2 Louse","floor":5,"turns":3},{"damage":9,"enemies":"Lagavulin","floor":7,"turns":11},{"damage":4,"enemies":"Lots of Slimes","floor":8,"turns":5},{"damage":53,"enemies":"Gremlin Nob","floor":12,"turns":7},{"damage":35,"enemies":"The Guardian","floor":16,"turns":14},{"damage":17,"enemies":"Shell Parasite","floor":18,"turns":4},{"damage":14,"enemies":"Spheric Guardian","floor":20,"turns":4},{"damage":0,"enemies":"Snake Plant","floor":21,"turns":1}],"seed_played":"1112516199000651289","potions_obtained":[{"floor":4,"key":"Ancient Potion"},{"floor":12,"key":"Fire Potion"},{"floor":16,"key":"PowerPotion"},{"floor":20,"key":"SneckoOil"}],"is_trial":false,"path_per_floor":["M","$","$","M","M","R","E","M","T","R","?","E","$","T","R","B",null,"M","$","M","M"],"character_chosen":"THE_SILENT","items_purchased":["Infinite Blades","Madness"],"campfire_rested":1,"item_purchase_floors":[13,13],"current_hp_per_floor":[69,69,69,68,68,68,59,55,55,55,55,2,2,2,38,3,70,53,53,39,39],"gold":41,"neow_bonus":"BOSS_RELIC","is_prod":false,"is_daily":false,"chose_seed":false,"campfire_upgraded":2,"win_rate":0,"timestamp":1556340510,"path_taken":["M","?","$","M","?","R","E","M","T","R","?","E","?","?","R","BOSS","M","?","?","M"],"build_version":"2019-01-23","purchased_purges":2,"victory":false,"max_hp_per_floor":[70,70,70,70,70,70,70,70,70,70,70,70,70,70,70,70,70,70,70,70,70],"card_choices":[{"not_picked":["Bane","Deflect"],"picked":"Cloak And Dagger","floor":1},{"not_picked":["Sucker Punch","Predator","Leg Sweep"],"picked":"SKIP","floor":4},{"not_picked":["Deflect","Underhanded Strike","Bouncing Flask"],"picked":"SKIP","floor":5},{"not_picked":["Masterful Stab","Dagger Spray"],"picked":"Bullet Time","floor":7},{"not_picked":["Masterful Stab","Dagger Spray"],"picked":"Backflip","floor":8},{"not_picked":["Riddle With Holes","Slice"],"picked":"Cloak And Dagger","floor":12},{"not_picked":["A Thousand Cuts","Wraith Form v2"],"picked":"Storm of Steel","floor":16},{"not_picked":["Deflect","Underhanded Strike","Sucker Punch"],"picked":"SKIP","floor":18},{"not_picked":["Reflex","Escape Plan+1"],"picked":"Quick Slash","floor":20}],"player_experience":472888,"relics_obtained":[{"floor":7,"key":"Lantern"},{"floor":9,"key":"Orichalcum"},{"floor":12,"key":"Regal Pillow"}],"event_choices":[{"damage_healed":0,"gold_gain":0,"player_choice":"Rummage","damage_taken":0,"relics_obtained":["WarpedTongs"],"max_hp_gain":0,"max_hp_loss":0,"event_name":"Accursed Blacksmith","floor":11,"gold_loss":0,"cards_obtained":["Pain"]}],"is_beta":false,"boss_relics":[{"not_picked":["Snecko Eye","Eternal Feather"],"picked":"Astrolabe"}],"items_purged_floors":[2,19],"is_endless":false,"potions_floor_spawned":[4,12,16,20],"killed_by":"Snake Plant","ascension_level":1}