{"gold_per_floor":[11,27,27,27,38,38,55,55,55,72,72,105,105,115,115,191,191,202,477,497,186,201,234,234,284,284,295,295,295],"floor_reached":29,"playtime":1207,"items_purged":["Regret"],"score":490,"play_id":"cfe01f6a-09b3-47da-9a70-76469842177a","local_time":"20190409215421","is_ascension_mode":true,"campfire_choices":[{"data":"Neutralize","floor":6,"key":"SMITH"},{"data":"Terror","floor":8,"key":"SMITH"},{"floor":11,"key":"REST"},{"data":"Poisoned Stab","floor":13,"key":"SMITH"},{"data":"Well Laid Plans","floor":15,"key":"SMITH"},{"floor":24,"key":"REST"},{"floor":28,"key":"REST"}],"neow_cost":"NO_GOLD","seed_source_timestamp":997871630136508,"circlet_count":0,"master_deck":["AscendersBane","Defend_G","Defend_G","Defend_G","Strike_G","Strike_G","Strike_G","Survivor","Neutralize+1","Quick Slash","Deadly Poison","Terror+1","Poisoned Stab+1","Well Laid Plans+1","Dash+1","Glass Knife+1","Backflip+1","Predator+1","Cloak And Dagger+1","Dark Shackles+1","Bouncing Flask+1"],"relics":["Ring of the Snake","Toxic Egg 2","Molten Egg 2","Snecko Eye","Kunai","Bottled Lightning"],"potions_floor_usage":[23,23,29],"damage_taken":[{"damage":2,"enemies":"Jaw Worm","floor":1,"turns":6},{"damage":4,"enemies":"2 Louse","floor":2,"turns":3},{"damage":0,"enemies":"Cultist","floor":5,"turns":3},{"damage":10,"enemies":"Red Slaver","floor":7,"turns":4},{"damage":1,"enemies":"Looter","floor":10,"turns":3},{"damage":12,"enemies":"Lagavulin","floor":12,"turns":5},{"damage":12,"enemies":"Large Slime","floor":14,"turns":6},{"damage":2,"enemies":"The Guardian","floor":16,"turns":9},{"damage":0,"enemies":"Chosen","floor":18,"turns":3},{"damage":36,"enemies":"Spheric Guardian","floor":20,"turns":5},{"damage":0,"enemies":"Cultist and Chosen","floor":22,"turns":5},{"damage":20,"enemies":"Slavers","floor":23,"turns":6},{"damage":16,"enemies":"Snake Plant","floor":27,"turns":3},{"damage":26,"enemies":"3 Cultists","floor":29,"turns":5}],"seed_played":"752457666627346901","potions_obtained":[{"floor":1,"key":"GamblersBrew"},{"floor":5,"key":"LiquidBronze"},{"floor":10,"key":"LiquidBronze"},{"floor":14,"key":"Strength Potion"},{"floor":23,"key":"Strength Potion"}],"is_trial":false,"path_per_floor":["M","M","?","?","M","R","M","R","T","M","R","E","R","M","R","B",null,"M","?","M","$","M","E","R","?","T","M","R","M"],"character_chosen":"THE_SILENT","items_purchased":["Predator+1","Cloak And Dagger+1","Dark Shackles+1"],"campfire_rested":3,"item_purchase_floors":[21,21,21],"current_hp_per_floor":[57,53,46,46,46,46,36,36,36,35,54,42,42,30,30,28,57,57,57,21,21,21,1,20,20,20,4,23,0],"gold":295,"neow_bonus":"REMOVE_TWO","is_prod":false,"is_daily":false,"chose_seed":false,"campfire_upgraded":4,"win_rate":0,"timestamp":1554814461,"path_taken":["M","M","?","?","M","R","M","R","T","M","R","E","R","M","R","BOSS","M","?","?","$","M","E","R","?","T","M","R","M"],"build_version":"2019-01-23","purchased_purges":1,"victory":false,"max_hp_per_floor":[66,66,66,66,66,66,66,66,66,66,66,66,66,66,66,66,66,66,66,66,66,66,66,66,66,66,66,66,66],"card_choices":[{"not_picked":["Heel Hook","Bane"],"picked":"Quick Slash","floor":1},{"not_picked":["Blade Dance","Quick Slash","Deflect"],"picked":"SKIP","floor":2},{"not_picked":["Backstab","Heel Hook"],"picked":"Deadly Poison","floor":5},{"not_picked":["Prepared","Dagger Throw"],"picked":"Terror","floor":7},{"not_picked":["Sucker Punch","Accuracy"],"picked":"Poisoned Stab","floor":10},{"not_picked":["Slice","Reflex+1"],"picked":"Well Laid Plans","floor":12},{"not_picked":["Bullet Time+1","Underhanded Strike+1"],"picked":"Dash+1","floor":14},{"not_picked":["Tools of the Trade","Die Die Die+1"],"picked":"Glass Knife+1","floor":16},{"not_picked":["Underhanded Strike+1","Dodge and Roll+1"],"picked":"Backflip+1","floor":18},{"not_picked":["Masterful Stab+1","Flechettes+1","Tactician+1"],"picked":"SKIP","floor":20},{"not_picked":["Deflect+1","Cloak And Dagger+1","Riddle With Holes+1"],"picked":"SKIP","floor":22},{"not_picked":["Dagger Throw+1","Endless Agony+1","Heel Hook+1"],"picked":"SKIP","floor":23},{"not_picked":["Infinite Blades+1","Expertise+1"],"picked":"Bouncing Flask+1","floor":27}],"player_experience":877953,"relics_obtained":[{"floor":9,"key":"Toxic Egg 2"},{"floor":12,"key":"Molten Egg 2"},{"floor":23,"key":"Kunai"},{"floor":26,"key":"Bottled Lightning"}],"event_choices":[{"cards_removed":["Strike_G"],"damage_healed":0,"gold_gain":0,"player_choice":"Card Removal","damage_taken":7,"max_hp_gain":0,"max_hp_loss":0,"event_name":"Golden Wing","floor":3,"gold_loss":0},{"cards_removed":["Defend_G"],"damage_healed":0,"gold_gain":0,"player_choice":"Offered Basic","damage_taken":0,"max_hp_gain":0,"max_hp_loss":0,"event_name":"Bonfire Elementals","floor":4,"gold_loss":0},{"damage_healed":0,"gold_gain":275,"player_choice":"Desecrate","damage_taken":0,"max_hp_gain":0,"max_hp_loss":0,"event_name":"Golden Shrine","floor":19,"gold_loss":0,"cards_obtained":["Regret"]},{"damage_healed":0,"gold_gain":50,"player_choice":"Stole From Cult","damage_taken":0,"max_hp_gain":0,"max_hp_loss":0,"event_name":"Nest","floor":25,"gold_loss":0}],"is_beta":false,"boss_relics":[{"not_picked":["WristBlade","Eternal Feather"],"picked":"Snecko Eye"}],"items_purged_floors":[21],"is_endless":false,"potions_floor_spawned":[1,5,10,14,16,20,23],"killed_by":"3 Cultists","ascension_level":20}