{"gold_per_floor":[112,126,51,51,51,51,85,100,125,25,58,58,114,114,114,114],"floor_reached":16,"playtime":841,"items_purged":["Defend_G","Strike_G"],"score":197,"play_id":"729dee94-ef9a-4d50-bdfc-669e1d7c80eb","local_time":"20190325111457","is_ascension_mode":true,"campfire_choices":[{"data":"Cloak And Dagger","floor":6,"key":"SMITH"},{"data":"Burst","floor":12,"key":"SMITH"},{"floor":15,"key":"REST"}],"neow_cost":"NONE","seed_source_timestamp":48451988366610,"circlet_count":0,"master_deck":["AscendersBane","Defend_G","Defend_G+1","Defend_G+1","Defend_G","Strike_G","Strike_G","Strike_G","Strike_G","Survivor","Neutralize+1","Cloak And Dagger+1","Blur","Blade Dance+1","Burst+1","Deflect"],"relics":["Ring of the Snake","NeowsBlessing","PreservedInsect","War Paint","Dodecahedron","Orichalcum","Golden Idol"],"potions_floor_usage":[11,16],"damage_taken":[{"damage":0,"enemies":"Cultist","floor":1,"turns":1},{"damage":0,"enemies":"Small Slimes","floor":2,"turns":1},{"damage":0,"enemies":"Lagavulin","floor":7,"turns":1},{"damage":0,"enemies":"2 Louse","floor":8,"turns":2},{"damage":6,"enemies":"3 Sentries","floor":11,"turns":8},{"damage":44,"enemies":"Lagavulin Event","floor":13,"turns":6},{"damage":27,"enemies":"Hexaghost","floor":16,"turns":10}],"seed_played":"7704743424493731923","potions_obtained":[{"floor":2,"key":"Block Potion"},{"floor":13,"key":"Strength Potion"}],"is_trial":false,"path_per_floor":["M","M","$","?","?","R","E","M","T","$","E","R","?","?","R","B"],"character_chosen":"THE_SILENT","items_purchased":[],"campfire_rested":1,"item_purchase_floors":[],"current_hp_per_floor":[63,63,63,49,54,54,54,54,54,54,48,48,4,4,24,0],"gold":114,"neow_bonus":"THREE_ENEMY_KILL","is_prod":false,"is_daily":false,"chose_seed":false,"campfire_upgraded":2,"win_rate":0,"timestamp":1553508897,"path_taken":["M","?","$","?","?","R","E","M","T","$","E","R","?","?","R","BOSS"],"build_version":"2019-01-23","purchased_purges":2,"victory":false,"max_hp_per_floor":[70,70,70,70,75,75,75,75,75,75,75,75,75,69,69,69],"card_choices":[{"not_picked":["Dodge and Roll","Flying Knee"],"picked":"Cloak And Dagger","floor":1},{"not_picked":["Predator","Flechettes"],"picked":"Blur","floor":2},{"not_picked":["Bane","A Thousand Cuts","Sucker Punch"],"picked":"SKIP","floor":7},{"not_picked":["Cloak And Dagger","Dagger Spray"],"picked":"Blade Dance","floor":8},{"not_picked":["Underhanded Strike","Concentrate"],"picked":"Burst","floor":11},{"not_picked":["Quick Slash","Underhanded Strike"],"picked":"Deflect","floor":13}],"player_experience":368314,"relics_obtained":[{"floor":7,"key":"PreservedInsect"},{"floor":9,"key":"War Paint"},{"floor":11,"key":"Dodecahedron"},{"floor":13,"key":"Orichalcum"}],"event_choices":[{"damage_healed":0,"gold_gain":0,"player_choice":"Entered Light","damage_taken":14,"max_hp_gain":0,"max_hp_loss":0,"event_name":"Shining Light","floor":4,"gold_loss":0,"cards_upgraded":["Defend_G","Neutralize"]},{"damage_healed":0,"gold_gain":0,"player_choice":"Donut","damage_taken":0,"max_hp_gain":5,"max_hp_loss":0,"event_name":"Big Fish","floor":5,"gold_loss":0},{"damage_healed":0,"gold_gain":0,"player_choice":"Searched \u00271\u0027 times","damage_taken":0,"max_hp_gain":0,"max_hp_loss":0,"event_name":"Dead Adventurer","floor":13,"gold_loss":0},{"damage_healed":0,"gold_gain":0,"player_choice":"Lose Max HP","damage_taken":0,"relics_obtained":["Golden Idol"],"max_hp_gain":0,"max_hp_loss":6,"event_name":"Golden Idol","floor":14,"gold_loss":0}],"is_beta":false,"boss_relics":[],"items_purged_floors":[3,10],"is_endless":false,"potions_floor_spawned":[2,13],"killed_by":"Hexaghost","ascension_level":10}