{"gold_per_floor":[110,123,141,21,21,21,34,66,66,76,87,87,87,101,101,202,202,202],"floor_reached":18,"playtime":727,"items_purged":[],"score":222,"play_id":"13d169e7-162b-4176-a615-0098ef27aaea","local_time":"20190508213418","is_ascension_mode":true,"campfire_choices":[{"data":"Deadly Poison","floor":6,"key":"SMITH"},{"data":"Well Laid Plans","floor":12,"key":"SMITH"},{"data":"Cloak And Dagger","floor":15,"key":"SMITH"}],"neow_cost":"NONE","seed_source_timestamp":905013496353922,"circlet_count":0,"master_deck":["Defend_G","Defend_G","Defend_G","Defend_G","Defend_G","Strike_G","Strike_G","Strike_G","Strike_G","Strike_G","Survivor","Neutralize","Poisoned Stab","Well Laid Plans+1","Tactician","Deadly Poison+1","Poisoned Stab","Leg Sweep","Cloak And Dagger+1","After Image"],"relics":["Ring of the Snake","Kunai","Runic Pyramid"],"potions_floor_usage":[1,2,8,8,13,16],"damage_taken":[{"damage":0,"enemies":"2 Louse","floor":1,"turns":3},{"damage":0,"enemies":"Jaw Worm","floor":2,"turns":3},{"damage":0,"enemies":"Cultist","floor":3,"turns":4},{"damage":16,"enemies":"Large Slime","floor":7,"turns":8},{"damage":20,"enemies":"Gremlin Nob","floor":8,"turns":4},{"damage":10,"enemies":"Exordium Thugs","floor":10,"turns":5},{"damage":1,"enemies":"2 Fungi Beasts","floor":11,"turns":4},{"damage":0,"enemies":"Looter","floor":14,"turns":4},{"damage":11,"enemies":"Hexaghost","floor":16,"turns":11},{"damage":6,"enemies":"3 Byrds","floor":18,"turns":3}],"seed_played":"2165574354757959578","potions_obtained":[{"floor":0,"key":"Regen Potion"},{"floor":0,"key":"Fruit Juice"},{"floor":0,"key":"Fire Potion"},{"floor":1,"key":"SpeedPotion"},{"floor":3,"key":"AttackPotion"},{"floor":10,"key":"SpeedPotion"},{"floor":11,"key":"Strength Potion"},{"floor":13,"key":"Fruit Juice"},{"floor":13,"key":"Poison Potion"}],"is_trial":false,"path_per_floor":["M","M","M","$","?","R","M","E","T","M","M","R","?","M","R","B",null,"M"],"character_chosen":"THE_SILENT","items_purchased":["Tactician","Deadly Poison"],"campfire_rested":0,"item_purchase_floors":[4,4],"current_hp_per_floor":[75,75,75,75,80,80,64,56,56,46,45,45,50,50,50,39,85,79],"gold":202,"neow_bonus":"THREE_SMALL_POTIONS","is_prod":false,"is_daily":false,"chose_seed":false,"campfire_upgraded":3,"win_rate":0,"timestamp":1557365658,"path_taken":["M","M","M","$","?","R","M","E","T","M","M","R","?","M","R","BOSS","M"],"build_version":"2019-01-23","purchased_purges":0,"victory":false,"max_hp_per_floor":[75,75,75,75,80,80,80,80,80,80,80,80,85,85,85,85,85,85],"card_choices":[{"not_picked":["Skewer","Flying Knee","Quick Slash"],"picked":"SKIP","floor":1},{"not_picked":["Prepared","Blade Dance"],"picked":"Poisoned Stab","floor":2},{"not_picked":["Backflip","Bane"],"picked":"Well Laid Plans","floor":3},{"not_picked":["Concentrate","Skewer","Slice"],"picked":"SKIP","floor":7},{"not_picked":["Flechettes","Concentrate","Grand Finale"],"picked":"SKIP","floor":8},{"not_picked":["Backflip","Well Laid Plans"],"picked":"Poisoned Stab","floor":10},{"not_picked":["Masterful Stab","Deflect"],"picked":"Leg Sweep","floor":11},{"not_picked":["Acrobatics","A Thousand Cuts"],"picked":"Cloak And Dagger","floor":14},{"not_picked":["Venomology","Wraith Form v2"],"picked":"After Image","floor":16}],"player_experience":221058,"relics_obtained":[{"floor":8,"key":"Kunai"}],"event_choices":[{"damage_healed":0,"gold_gain":0,"player_choice":"Donut","damage_taken":0,"max_hp_gain":5,"max_hp_loss":0,"event_name":"Big Fish","floor":5,"gold_loss":0},{"damage_healed":0,"gold_gain":0,"player_choice":"Got Potions","damage_taken":0,"max_hp_gain":0,"max_hp_loss":0,"event_name":"Lab","floor":13,"gold_loss":0}],"is_beta":false,"boss_relics":[{"not_picked":["Black Star","Ectoplasm"],"picked":"Runic Pyramid"}],"items_purged_floors":[],"is_endless":false,"potions_floor_spawned":[1,3,10,11],"killed_by":"3 Byrds","ascension_level":4}