{"gold_per_floor":[116,116,116,134,153,153,187,187,187,222,222,222,239,2,2,76,76,91,121,71,82,92,92,120,120,120,147,58,68,96,40,40,113,113,126,126,138,157,175,203,203,219,219,619,102,62,89,108,108,108,108],"floor_reached":52,"playtime":3060,"items_purged":["Regret"],"score":1906,"play_id":"e1551e91-58a5-4a45-bf71-d9b4d10483e8","local_time":"20190402201752","is_ascension_mode":true,"campfire_choices":[{"floor":6.0,"key":"REST"},{"data":"Bash","floor":8.0,"key":"SMITH"},{"data":"Inflame","floor":12.0,"key":"SMITH"},{"data":"Pommel Strike","floor":15.0,"key":"SMITH"},{"floor":23.0,"key":"REST"},{"floor":32.0,"key":"REST"},{"floor":41,"key":"REST"},{"floor":49,"key":"RECALL"}],"neow_cost":"NONE","seed_source_timestamp":385096102410784,"circlet_count":0,"master_deck":["AscendersBane","Strike_R","Strike_R","Strike_R+1","Strike_R+1","Defend_R","Defend_R+1","Defend_R+1","Defend_R+1","Bash+1","Inflame+1","Shrug It Off","Pummel","Pommel Strike+1","True Grit+1","Immolate+1","Flex+1","Flame Barrier+1","Sword Boomerang","True Grit+1","Armaments+1","Reaper+1","Disarm+1","Shrug It Off+1","Disarm+1","Clothesline+1","Power Through+1","Metallicize","True Grit+1","Berserk"],"special_seed":0,"relics":["Burning Blood","Oddly Smooth Stone","Thread and Needle","Toxic Egg 2","Bag of Marbles","Paper Frog","ClockworkSouvenir","Runic Pyramid","Red Mask","Nunchaku","Molten Egg 2","Dodecahedron","Singing Bowl","Cursed Key","StoneCalendar","PreservedInsect","Old Coin","Pantograph","War Paint"],"potions_floor_usage":[46,51,51],"damage_taken":[{"damage":0.0,"enemies":"Cultist","floor":1.0,"turns":3.0},{"damage":9.0,"enemies":"2 Louse","floor":4.0,"turns":4.0},{"damage":7.0,"enemies":"Jaw Worm","floor":5.0,"turns":3.0},{"damage":8.0,"enemies":"Gremlin Nob","floor":7.0,"turns":3.0},{"damage":16.0,"enemies":"3 Sentries","floor":10.0,"turns":10.0},{"damage":0.0,"enemies":"Blue Slaver","floor":13.0,"turns":3.0},{"damage":10.0,"enemies":"The Guardian","floor":16.0,"turns":11.0},{"damage":9.0,"enemies":"Shell Parasite","floor":18.0,"turns":6.0},{"damage":29.0,"enemies":"Masked Bandits","floor":19.0,"turns":4.0},{"damage":0.0,"enemies":"2 Thieves","floor":21.0,"turns":4.0},{"damage":8.0,"enemies":"Snake Plant","floor":22.0,"turns":3.0},{"damage":16.0,"enemies":"Slavers","floor":24.0,"turns":3.0},{"damage":5.0,"enemies":"Gremlin Leader","floor":27.0,"turns":6.0},{"damage":0.0,"enemies":"3 Cultists","floor":29.0,"turns":3.0},{"damage":67.0,"enemies":"Slavers","floor":30.0,"turns":5.0},{"damage":4.0,"enemies":"Automaton","floor":33.0,"turns":8.0},{"damage":0.0,"enemies":"3 Shapes","floor":35.0,"turns":5.0},{"damage":0.0,"enemies":"3 Darklings","floor":37.0,"turns":4.0},{"damage":0.0,"enemies":"Spire Growth","floor":38.0,"turns":4.0},{"damage":0.0,"enemies":"Maw","floor":39.0,"turns":6.0},{"damage":56,"enemies":"Reptomancer","floor":40,"turns":6},{"damage":3,"enemies":"4 Shapes","floor":42,"turns":3},{"damage":0,"enemies":"Mind Bloom Boss Battle","floor":44,"turns":5},{"damage":11,"enemies":"Nemesis","floor":47,"turns":3},{"damage":0,"enemies":"Spire Growth","floor":48,"turns":7},{"damage":24,"enemies":"Awakened One","floor":50,"turns":24},{"damage":42,"enemies":"Donu and Deca","floor":51,"turns":14}],"seed_played":"4479650340108257293","potions_obtained":[{"floor":1.0,"key":"Strength Potion"},{"floor":5.0,"key":"LiquidBronze"},{"floor":16.0,"key":"PowerPotion"},{"floor":19.0,"key":"Strength Potion"},{"floor":27.0,"key":"PowerPotion"},{"floor":33.0,"key":"EssenceOfSteel"},{"floor":37.0,"key":"Ancient Potion"},{"floor":38.0,"key":"Swift Potion"},{"floor":42,"key":"Explosive Potion"},{"floor":46,"key":"Fruit Juice"},{"floor":46,"key":"EssenceOfSteel"}],"is_trial":false,"path_per_floor":["M","?","?","M","M","R","E","R","T","E","T","R","M","$","R","B",null,"M","?","?","M","M","R","E","?","T","E","$","M","E","$","R","B",null,"M","?","M","M","M","E","R","M","T","?","$","?","E","M","R","B","B",null],"character_chosen":"IRONCLAD","items_purchased":["ClockworkSouvenir","True Grit+1","Disarm+1","Shrug It Off+1","Pantograph","Metallicize","BloodPotion","True Grit+1"],"campfire_rested":4,"item_purchase_floors":[14,14,28,31,45,45,45,45],"current_hp_per_floor":[74,51,44,41,40,62,60,60,60,50,50,50,56,56,56,52,69,66,43,43,49,47,69,59,59,59,60,60,66,23,23,46,79,79,81,77,77,77,77,29,52,62,62,82,82,87,82,90,90,80,54],"gold":108,"neow_bonus":"RANDOM_COMMON_RELIC","is_prod":false,"is_daily":false,"chose_seed":false,"campfire_upgraded":3,"win_rate":0,"timestamp":1554203872,"path_taken":["M","?","?","M","M","R","E","R","T","E","?","R","?","$","R","BOSS","M","?","?","?","M","R","E","?","T","E","$","M","E","?","R","BOSS","M","?","M","M","M","E","R","M","T","?","$","?","E","?","R","BOSS","BOSS"],"build_version":"2019-01-23","purchased_purges":1,"victory":true,"max_hp_per_floor":[75,75,75,75,75,75,75,75,75,75,75,75,75,75,75,75,75,75,75,75,75,75,75,75,75,75,75,75,75,77,77,77,79,79,81,77,77,77,77,79,79,81,81,83,83,88,88,90,90,90,90],"card_choices":[{"not_picked":["Corruption","Burning Pact","Power Through"],"picked":"SKIP","floor":1.0},{"not_picked":["Sword Boomerang","Whirlwind"],"picked":"Inflame","floor":4.0},{"not_picked":["Seeing Red","Thunderclap"],"picked":"Shrug It Off","floor":5.0},{"not_picked":["Anger","Carnage"],"picked":"Pummel","floor":7.0},{"not_picked":["Barricade","Rage+1","Perfected Strike"],"picked":"SKIP","floor":10.0},{"not_picked":["Whirlwind","Cleave"],"picked":"Pommel Strike","floor":13.0},{"not_picked":["Barricade","Double Tap+1"],"picked":"Immolate","floor":16.0},{"not_picked":["Anger","Combust"],"picked":"Flex+1","floor":18.0},{"not_picked":["Headbutt","Wild Strike"],"picked":"Flame Barrier+1","floor":19.0},{"not_picked":["Headbutt","Twin Strike+1"],"picked":"Sword Boomerang","floor":21.0},{"not_picked":["Clothesline","Heavy Blade"],"picked":"True Grit+1","floor":22.0},{"not_picked":["Iron Wave","Rampage+1"],"picked":"Armaments+1","floor":24.0},{"not_picked":["Carnage+1","Burning Pact+1"],"picked":"Reaper+1","floor":27.0},{"not_picked":["Ghostly Armor+1","Headbutt+1","Hemokinesis+1"],"picked":"SKIP","floor":29.0},{"not_picked":["Reckless Charge+1","Pummel+1","Evolve"],"picked":"Singing Bowl","floor":30.0},{"not_picked":["Barricade","Juggernaut","Bludgeon+1"],"picked":"Singing Bowl","floor":33.0},{"not_picked":["Fire Breathing","Pommel Strike+1","Sword Boomerang+1"],"picked":"Singing Bowl","floor":35.0},{"not_picked":["Carnage+1","Second Wind+1"],"picked":"Disarm+1","floor":37.0},{"not_picked":["Rampage+1","Anger+1"],"picked":"Clothesline+1","floor":38.0},{"not_picked":["Carnage+1","Entrench+1"],"picked":"Power Through+1","floor":39.0},{"not_picked":["Warcry+1","Dark Embrace","Dropkick+1"],"picked":"Singing Bowl","floor":40},{"not_picked":["Perfected Strike+1","Anger+1","Havoc+1"],"picked":"Singing Bowl","floor":42},{"not_picked":["Clothesline+1","Rupture","Iron Wave+1"],"picked":"Singing Bowl","floor":44},{"not_picked":["Armaments+1","Shrug It Off+1"],"picked":"Berserk","floor":47},{"not_picked":["Iron Wave+1","Twin Strike+1","Power Through+1"],"picked":"Singing Bowl","floor":48}],"player_experience":816228,"relics_obtained":[{"floor":7.0,"key":"Thread and Needle"},{"floor":9.0,"key":"Toxic Egg 2"},{"floor":10.0,"key":"Bag of Marbles"},{"floor":11.0,"key":"Paper Frog"},{"floor":19.0,"key":"Red Mask"},{"floor":24.0,"key":"Nunchaku"},{"floor":26.0,"key":"Molten Egg 2"},{"floor":27.0,"key":"Dodecahedron"},{"floor":30.0,"key":"Singing Bowl"},{"floor":40,"key":"StoneCalendar"},{"floor":43,"key":"PreservedInsect"},{"floor":44,"key":"Old Coin"},{"floor":47,"key":"War Paint"}],"event_choices":[{"damage_healed":0.0,"max_hp_gain":0.0,"max_hp_loss":0.0,"gold_gain":0.0,"event_name":"Shining Light","player_choice":"Entered Light","floor":2.0,"gold_loss":0.0,"damage_taken":23.0,"cards_upgraded":["Strike_R","Strike_R"]},{"cards_removed":["Strike_R"],"damage_healed":0.0,"max_hp_gain":0.0,"max_hp_loss":0.0,"gold_gain":0.0,"event_name":"Golden Wing","player_choice":"Card Removal","floor":3.0,"gold_loss":0.0,"damage_taken":7.0},{"damage_healed":0.0,"max_hp_gain":0.0,"max_hp_loss":0.0,"gold_gain":0.0,"event_name":"Masked Bandits","player_choice":"Fought Bandits","floor":19.0,"gold_loss":0.0,"damage_taken":0.0},{"damage_healed":0.0,"max_hp_gain":0.0,"max_hp_loss":0.0,"gold_gain":0.0,"event_name":"Designer","player_choice":"Upgraded Two","floor":20.0,"gold_loss":50.0,"damage_taken":0.0,"cards_upgraded":["Defend_R","Immolate"]},{"damage_healed":0.0,"max_hp_gain":0.0,"max_hp_loss":0.0,"gold_gain":0.0,"event_name":"Vampires","player_choice":"Ignored","floor":25.0,"gold_loss":0.0,"damage_taken":0.0},{"damage_healed":0.0,"max_hp_gain":0.0,"max_hp_loss":4.0,"gold_gain":0.0,"event_name":"Winding Halls","player_choice":"Max HP","floor":36.0,"gold_loss":0.0,"damage_taken":0.0},{"damage_healed":0,"gold_gain":0,"player_choice":"Fight","damage_taken":0,"max_hp_gain":0,"max_hp_loss":0,"event_name":"MindBloom","floor":44,"gold_loss":0},{"damage_healed":0,"gold_gain":0,"player_choice":"Bought 3 Potions","damage_taken":0,"max_hp_gain":0,"max_hp_loss":0,"event_name":"The Woman in Blue","floor":46,"gold_loss":0}],"is_beta":false,"boss_relics":[{"not_picked":["Busted Crown","Mark of Pain"],"picked":"Runic Pyramid"},{"not_picked":["Eternal Feather","Coffee Dripper"],"picked":"Cursed Key"}],"items_purged_floors":[45],"is_endless":false,"potions_floor_spawned":[1,5,16,19,21,27,33,37,38,42],"ascension_level":20}