{"gold_per_floor":[112,124,124,299,320,320,339,339,421,471,532,532,546,580,580,580],"floor_reached":16,"playtime":491,"items_purged":[],"score":143,"play_id":"c032474b-cfa6-4575-9973-098d14e2e9e9","local_time":"20190204000416","is_ascension_mode":true,"campfire_choices":[{"data":"Zap","floor":6.0,"key":"SMITH"},{"data":"Streamline","floor":8.0,"key":"SMITH"},{"floor":12.0,"key":"REST"},{"floor":15.0,"key":"REST"}],"neow_cost":"NONE","seed_source_timestamp":47974554057996,"circlet_count":0,"master_deck":["Strike_B","Strike_B","Strike_B","Strike_B","Defend_B","Defend_B","Defend_B","Defend_B","Zap+1","Dualcast","Gash","Streamline+1","Injury","Doubt","Rebound","Ball Lightning","Meteor Strike"],"special_seed":0,"relics":["Cracked Core","Golden Idol","Dodecahedron","Strawberry","Tiny Chest","Pen Nib"],"potions_floor_usage":[16],"damage_taken":[{"damage":2.0,"enemies":"Jaw Worm","floor":1.0,"turns":3.0},{"damage":0.0,"enemies":"2 Louse","floor":2.0,"turns":2.0},{"damage":6.0,"enemies":"Cultist","floor":5.0,"turns":3.0},{"damage":11.0,"enemies":"Blue Slaver","floor":7.0,"turns":3.0},{"damage":38.0,"enemies":"Lagavulin","floor":11.0,"turns":6.0},{"damage":0.0,"enemies":"Gremlin Gang","floor":13.0,"turns":1.0},{"damage":34.0,"enemies":"Gremlin Nob","floor":14.0,"turns":4.0},{"damage":45,"enemies":"Hexaghost","floor":16,"turns":8}],"seed_played":"9212703005210552937","potions_obtained":[{"floor":1.0,"key":"Regen Potion"},{"floor":5.0,"key":"Energy Potion"},{"floor":7.0,"key":"Explosive Potion"},{"floor":14.0,"key":"AttackPotion"}],"is_trial":false,"path_per_floor":["M","M","?","?","M","R","M","R","T","T","E","R","M","E","R","B"],"character_chosen":"DEFECT","items_purchased":[],"campfire_rested":2,"item_purchase_floors":[],"current_hp_per_floor":[66,66,66,66,60,60,58,58,58,65,27,51,51,17,41,0],"gold":580,"neow_bonus":"THREE_CARDS","is_prod":false,"is_daily":false,"chose_seed":false,"campfire_upgraded":2,"win_rate":0,"timestamp":1549209856,"path_taken":["M","M","?","?","M","R","M","R","T","?","E","R","M","E","R","BOSS"],"build_version":"2019-01-23","purchased_purges":0,"victory":false,"max_hp_per_floor":[75,75,75,75,75,75,75,75,75,82,82,82,82,82,82,82],"card_choices":[{"not_picked":["Undo","Hello World"],"picked":"Gash","floor":0.0},{"not_picked":["Go for the Eyes","Sweeping Beam"],"picked":"Streamline","floor":1.0},{"not_picked":["Auto Shields","Storm","Leap"],"picked":"SKIP","floor":2.0},{"not_picked":["Leap","Streamline","Lockon"],"picked":"SKIP","floor":5.0},{"not_picked":["Cold Snap","Compile Driver","Lockon"],"picked":"SKIP","floor":7.0},{"not_picked":["Compile Driver","Conserve Battery"],"picked":"Rebound","floor":11.0},{"not_picked":["Streamline","Sweeping Beam"],"picked":"Ball Lightning","floor":13.0},{"not_picked":["Stack","Chill"],"picked":"Meteor Strike","floor":14.0}],"player_experience":397780,"relics_obtained":[{"floor":9.0,"key":"Dodecahedron"},{"floor":10.0,"key":"Strawberry"},{"floor":11.0,"key":"Tiny Chest"},{"floor":14.0,"key":"Pen Nib"}],"event_choices":[{"damage_healed":0.0,"max_hp_gain":0.0,"max_hp_loss":0.0,"gold_gain":0.0,"event_name":"Golden Idol","player_choice":"Take Wound","floor":3.0,"gold_loss":0.0,"damage_taken":0.0,"relics_obtained":["Golden Idol"],"cards_obtained":["Injury"]},{"damage_healed":0.0,"max_hp_gain":0.0,"max_hp_loss":0.0,"gold_gain":175.0,"event_name":"Liars Game","player_choice":"AGREE","floor":4.0,"gold_loss":0.0,"damage_taken":0.0,"cards_obtained":["Doubt"]}],"is_beta":false,"boss_relics":[],"items_purged_floors":[],"is_endless":false,"potions_floor_spawned":[1,5,7,14],"killed_by":"Hexaghost","ascension_level":6}