{"gold_per_floor":[110,120,146,166,177,177,177,189,189,214,224,251,266,276,276,372,372,385,300,208,208,220,250,261,280,351,351,380,305,332,33,33,130,130,144,144,160,173,187,187,221,221,275,285,385,404,416,427,427,427],"floor_reached":50,"playtime":2404,"items_purged":[],"score":650,"play_id":"8f976f41-163b-4e8d-aab5-b0550c6a2f5e","local_time":"20190427125701","is_ascension_mode":false,"campfire_choices":[{"data":"Rage","floor":6,"key":"SMITH"},{"data":"Pommel Strike","floor":15,"key":"SMITH"},{"data":"Ghostly","floor":32,"key":"SMITH"},{"data":"Ghostly","floor":40,"key":"SMITH"},{"data":"Clash","floor":42,"key":"SMITH"},{"data":"Dual Wield","floor":49,"key":"SMITH"}],"neow_cost":"NONE","seed_source_timestamp":239968940862000,"circlet_count":0,"master_deck":["Strike_R","Strike_R","Strike_R","Strike_R+1","Strike_R","Defend_R+1","Defend_R","Defend_R+1","Defend_R","Bash","Rage+1","Flex+1","Clash+1","Pommel Strike+1","Headbutt","Reaper","Dramatic Entrance","Shrug It Off+1","Cleave+1","Ghostly+1","Ghostly+1","Ghostly","Ghostly","Ghostly","Ghostly","Swift Strike","Juggernaut+1","Dual Wield+1"],"relics":["Burning Blood","PreservedInsect","Self Forming Clay","Mummified Hand","Bag of Marbles","Busted Crown","Meat on the Bone","War Paint","FossilizedHelix","Shuriken","Frozen Egg 2","Kunai","DollysMirror","Runic Dome","Smiling Mask","Vajra","Bird Faced Urn"],"potions_floor_usage":[16,50,50],"damage_taken":[{"damage":10,"enemies":"Cultist","floor":1,"turns":4},{"damage":5,"enemies":"Small Slimes","floor":2,"turns":4},{"damage":7,"enemies":"2 Louse","floor":4,"turns":3},{"damage":0,"enemies":"Large Slime","floor":5,"turns":6},{"damage":5,"enemies":"2 Fungi Beasts","floor":8,"turns":4},{"damage":17,"enemies":"3 Sentries","floor":10,"turns":8},{"damage":0,"enemies":"Looter","floor":11,"turns":2},{"damage":0,"enemies":"Gremlin Nob","floor":12,"turns":2},{"damage":20,"enemies":"Gremlin Gang","floor":13,"turns":6},{"damage":0,"enemies":"2 Fungi Beasts","floor":14,"turns":2},{"damage":31,"enemies":"Slime Boss","floor":16,"turns":8},{"damage":20,"enemies":"2 Thieves","floor":18,"turns":4},{"damage":10,"enemies":"3 Byrds","floor":22,"turns":5},{"damage":13,"enemies":"Gremlin Leader","floor":23,"turns":4},{"damage":0,"enemies":"Centurion and Healer","floor":24,"turns":5},{"damage":0,"enemies":"Shelled Parasite and Fungi","floor":25,"turns":3},{"damage":0,"enemies":"Book of Stabbing","floor":28,"turns":5},{"damage":0,"enemies":"Gremlin Leader","floor":30,"turns":5},{"damage":38,"enemies":"Automaton","floor":33,"turns":12},{"damage":16,"enemies":"3 Darklings","floor":35,"turns":5},{"damage":0,"enemies":"3 Shapes","floor":37,"turns":3},{"damage":2,"enemies":"Jaw Worm Horde","floor":38,"turns":4},{"damage":34,"enemies":"Maw","floor":39,"turns":8},{"damage":1,"enemies":"Reptomancer","floor":41,"turns":5},{"damage":1,"enemies":"Spire Growth","floor":44,"turns":5},{"damage":7,"enemies":"Mind Bloom Boss Battle","floor":45,"turns":7},{"damage":0,"enemies":"Jaw Worm Horde","floor":46,"turns":5},{"damage":0,"enemies":"Maw","floor":47,"turns":6},{"damage":10,"enemies":"Sphere and 2 Shapes","floor":48,"turns":8},{"damage":57,"enemies":"Time Eater","floor":50,"turns":11}],"seed_played":"-1578618789624375691","potions_obtained":[{"floor":2,"key":"Strength Potion"},{"floor":8,"key":"SpeedPotion"},{"floor":11,"key":"AttackPotion"},{"floor":12,"key":"EssenceOfSteel"},{"floor":18,"key":"Dexterity Potion"},{"floor":30,"key":"BloodPotion"},{"floor":48,"key":"AttackPotion"}],"is_trial":false,"path_per_floor":["M","M","T","M","M","R","?","M","T","E","M","E","M","M","R","B",null,"M","?","$","?","M","E","M","M","T","?","E","?","E","$","R","B",null,"M","?","M","M","M","R","E","R","T","M","?","M","M","M","R","B"],"character_chosen":"IRONCLAD","items_purchased":["Dramatic Entrance","DollysMirror","Swift Strike"],"campfire_rested":0,"item_purchase_floors":[20,31,31],"current_hp_per_floor":[84,85,85,84,88,88,70,71,71,60,66,72,58,64,64,39,88,74,74,74,74,74,79,88,88,88,44,44,44,44,44,44,24,44,34,34,40,44,36,36,44,44,44,44,43,44,44,41,41,0],"gold":427,"neow_bonus":"TEN_PERCENT_HP_BONUS","is_prod":false,"is_daily":false,"chose_seed":false,"campfire_upgraded":6,"win_rate":0,"timestamp":1556387821,"path_taken":["M","?","?","?","M","R","?","M","T","E","M","E","M","M","R","BOSS","M","?","$","?","M","E","M","M","T","?","E","?","E","$","R","BOSS","M","?","?","M","M","R","E","R","T","M","?","M","M","M","R","BOSS"],"build_version":"2019-01-23","purchased_purges":0,"victory":false,"max_hp_per_floor":[88,88,88,88,88,88,88,88,88,88,88,88,88,88,88,88,88,88,88,88,88,88,88,88,88,88,44,44,44,44,44,44,44,44,44,44,44,44,44,44,44,44,44,44,44,44,44,44,44,44],"card_choices":[{"not_picked":["Anger","Cleave"],"picked":"Rage","floor":1},{"not_picked":["Armaments","Pummel"],"picked":"Flex","floor":2},{"not_picked":["Heavy Blade","Shrug It Off"],"picked":"Clash","floor":4},{"not_picked":["Iron Wave","Hemokinesis","Brutality"],"picked":"SKIP","floor":5},{"not_picked":["Hemokinesis","Havoc"],"picked":"Pommel Strike","floor":8},{"not_picked":["Inflame","Armaments"],"picked":"Corruption","floor":10},{"not_picked":["Wild Strike","Evolve","Iron Wave"],"picked":"SKIP","floor":11},{"not_picked":["Armaments","Uppercut","Body Slam"],"picked":"SKIP","floor":12},{"not_picked":["Pummel","Searing Blow"],"picked":"Headbutt","floor":13},{"not_picked":["Wild Strike","True Grit","Iron Wave"],"picked":"SKIP","floor":14},{"not_picked":["Berserk","Immolate"],"picked":"Reaper","floor":16},{"not_picked":["Rage"],"picked":"SKIP","floor":18},{"not_picked":[],"picked":"Shrug It Off+1","floor":22},{"not_picked":["Body Slam"],"picked":"SKIP","floor":23},{"not_picked":["Perfected Strike+1"],"picked":"SKIP","floor":24},{"not_picked":[],"picked":"Cleave+1","floor":25},{"not_picked":["Burning Pact"],"picked":"SKIP","floor":28},{"not_picked":["Rupture+1"],"picked":"SKIP","floor":30},{"not_picked":[],"picked":"Juggernaut+1","floor":33},{"not_picked":["Flame Barrier+1"],"picked":"SKIP","floor":35},{"not_picked":["Rampage+1"],"picked":"SKIP","floor":37},{"not_picked":["Wild Strike"],"picked":"SKIP","floor":38},{"not_picked":["Armaments"],"picked":"SKIP","floor":39},{"not_picked":["Body Slam"],"picked":"SKIP","floor":41},{"not_picked":["Power Through"],"picked":"SKIP","floor":44},{"not_picked":[],"picked":"Dual Wield","floor":45},{"not_picked":["Perfected Strike"],"picked":"SKIP","floor":46},{"not_picked":["Havoc"],"picked":"SKIP","floor":47},{"not_picked":["Wild Strike+1"],"picked":"SKIP","floor":48}],"player_experience":13813,"relics_obtained":[{"floor":3,"key":"PreservedInsect"},{"floor":9,"key":"Self Forming Clay"},{"floor":10,"key":"Mummified Hand"},{"floor":12,"key":"Bag of Marbles"},{"floor":23,"key":"FossilizedHelix"},{"floor":26,"key":"Shuriken"},{"floor":28,"key":"Frozen Egg 2"},{"floor":30,"key":"Kunai"},{"floor":41,"key":"Smiling Mask"},{"floor":43,"key":"Vajra"},{"floor":45,"key":"Bird Faced Urn"}],"event_choices":[{"damage_healed":0,"gold_gain":0,"player_choice":"Entered Light","damage_taken":18,"max_hp_gain":0,"max_hp_loss":0,"event_name":"Shining Light","floor":7,"gold_loss":0,"cards_upgraded":["Strike_R","Defend_R"]},{"damage_healed":0,"gold_gain":0,"player_choice":"Obtained Relic","damage_taken":0,"relics_obtained":["Meat on the Bone"],"max_hp_gain":0,"max_hp_loss":0,"event_name":"Addict","floor":19,"gold_loss":85},{"damage_healed":0,"gold_gain":0,"player_choice":"Opened","damage_taken":0,"relics_obtained":["War Paint"],"max_hp_gain":0,"max_hp_loss":0,"event_name":"The Mausoleum","floor":21,"gold_loss":0},{"damage_healed":0,"gold_gain":0,"player_choice":"Became a Ghost","damage_taken":0,"max_hp_gain":0,"max_hp_loss":44,"event_name":"Ghosts","floor":27,"gold_loss":0,"cards_obtained":["Ghostly","Ghostly","Ghostly","Ghostly","Ghostly"]},{"cards_removed":["Corruption"],"damage_healed":0,"gold_gain":0,"player_choice":"Gave Gold","damage_taken":0,"max_hp_gain":0,"max_hp_loss":0,"event_name":"Beggar","floor":29,"gold_loss":75},{"damage_healed":0,"gold_gain":0,"player_choice":"Ignored","damage_taken":0,"max_hp_gain":0,"max_hp_loss":0,"event_name":"SecretPortal","floor":36,"gold_loss":0},{"damage_healed":0,"gold_gain":0,"player_choice":"Fight","damage_taken":0,"max_hp_gain":0,"max_hp_loss":0,"event_name":"MindBloom","floor":45,"gold_loss":0}],"is_beta":false,"boss_relics":[{"not_picked":["White Beast Statue","Calling Bell"],"picked":"Busted Crown"},{"not_picked":["Tiny House","Fusion Hammer"],"picked":"Runic Dome"}],"items_purged_floors":[],"is_endless":false,"potions_floor_spawned":[2,8,11,12,13,14,18,30,33,35,37,44,45,48],"killed_by":"Time Eater","ascension_level":0}