{"gold_per_floor":[111,18,18,31,45,45,59,59,140,140,170,170,170,180,180,284,284,303,322,322,332,343,343,378,378,401,432,432,449,28,28,28,28],"floor_reached":33,"playtime":2613,"items_purged":["Decay"],"score":468,"play_id":"aa4228a5-c32e-4a22-b8ab-3158125ebee5","local_time":"20181123172039","is_ascension_mode":true,"campfire_choices":[{"data":"Dagger Spray","floor":6.0,"key":"SMITH"},{"data":"Cloak And Dagger","floor":8.0,"key":"SMITH"},{"data":"Dodge and Roll","floor":10.0,"key":"SMITH"},{"data":"Blade Dance","floor":12.0,"key":"SMITH"},{"data":"Dodge and Roll","floor":15.0,"key":"SMITH"},{"floor":23.0,"key":"REST"},{"data":"Burst","floor":25.0,"key":"SMITH"},{"floor":32.0,"key":"REST"}],"neow_cost":"NONE","seed_source_timestamp":0,"circlet_count":0,"master_deck":["Defend_G","Defend_G","Defend_G","Defend_G","Defend_G","Strike_G","Strike_G","Strike_G","Survivor","Neutralize+1","Slice","Cloak And Dagger+1","Noxious Fumes","Dodge and Roll+1","Dagger Spray+1","PiercingWail","Blade Dance+1","Dodge and Roll+1","Adrenaline","Slice","Burst+1","Distraction+1","Cloak And Dagger","RitualDagger","Well Laid Plans+1"],"special_seed":0,"relics":["Ring of the Snake","NeowsBlessing","Shuriken","Oddly Smooth Stone","Empty Cage","Ornamental Fan","Bottled Lightning","Boot","Dream Catcher","Sling"],"potions_floor_usage":[33],"damage_taken":[{"damage":0.0,"enemies":"2 Louse","floor":1.0,"turns":1.0},{"damage":0.0,"enemies":"Cultist","floor":4.0,"turns":1.0},{"damage":0.0,"enemies":"Jaw Worm","floor":5.0,"turns":1.0},{"damage":13.0,"enemies":"Lots of Slimes","floor":7.0,"turns":4.0},{"damage":11.0,"enemies":"3 Sentries","floor":11.0,"turns":7.0},{"damage":0.0,"enemies":"2 Fungi Beasts","floor":14.0,"turns":3.0},{"damage":0.0,"enemies":"Slime Boss","floor":16.0,"turns":6.0},{"damage":17.0,"enemies":"Spheric Guardian","floor":18.0,"turns":6.0},{"damage":0.0,"enemies":"3 Byrds","floor":19.0,"turns":3.0},{"damage":28.0,"enemies":"Snecko","floor":21.0,"turns":7.0},{"damage":4.0,"enemies":"Shelled Parasite and Fungi","floor":22.0,"turns":8.0},{"damage":0.0,"enemies":"Gremlin Leader","floor":24.0,"turns":7.0},{"damage":17.0,"enemies":"Slavers","floor":27.0,"turns":8.0},{"damage":10.0,"enemies":"Sentry and Sphere","floor":29.0,"turns":5.0},{"damage":51,"enemies":"Collector","floor":33,"turns":7}],"seed_played":"-841624853628903890","potions_obtained":[{"floor":4.0,"key":"Fire Potion"},{"floor":11.0,"key":"Explosive Potion"},{"floor":14.0,"key":"Energy Potion"},{"floor":16.0,"key":"Energy Potion"},{"floor":19.0,"key":"Fire Potion"},{"floor":22.0,"key":"PowerPotion"},{"floor":27.0,"key":"Poison Potion"}],"is_trial":false,"path_per_floor":["M","$","?","M","M","R","M","R","T","R","E","R","?","M","R","B",null,"M","M","?","M","M","R","E","R","T","E","?","M","$","?","R","B"],"character_chosen":"THE_SILENT","items_purchased":["Cloak And Dagger","Noxious Fumes","Sling","Cloak And Dagger","Fruit Juice"],"campfire_rested":2,"item_purchase_floors":[2,2,30,30,30],"current_hp_per_floor":[63,63,63,63,63,63,50,50,50,50,39,39,62,62,62,62,68,51,51,51,23,19,40,40,40,40,23,23,13,18,12,34,0],"gold":28,"neow_bonus":"THREE_ENEMY_KILL","is_prod":false,"is_daily":false,"chose_seed":false,"campfire_upgraded":6,"win_rate":0,"timestamp":1543015239,"path_taken":["M","$","?","?","M","R","M","R","T","R","E","R","?","M","R","BOSS","M","M","?","?","M","R","E","R","T","E","?","M","$","?","R","BOSS"],"build_version":"2018-11-15","purchased_purges":1,"victory":false,"max_hp_per_floor":[70,70,70,70,70,70,70,70,70,70,70,70,70,70,70,70,70,70,70,70,70,70,70,70,70,70,70,70,70,75,75,75,75],"card_choices":[{"not_picked":["Acrobatics","Expertise"],"picked":"Slice","floor":1.0},{"not_picked":["Deflect","Quick Slash"],"picked":"Dodge and Roll","floor":4.0},{"not_picked":["Tactician","Escape Plan"],"picked":"Dagger Spray","floor":5.0},{"not_picked":["Prepared","Acrobatics"],"picked":"PiercingWail","floor":7.0},{"not_picked":["Heel Hook","Unload"],"picked":"Blade Dance","floor":11.0},{"not_picked":["Crippling Poison","Dash"],"picked":"Dodge and Roll","floor":14.0},{"not_picked":["Wraith Form v2","After Image"],"picked":"Adrenaline","floor":16.0},{"not_picked":["Riddle With Holes","Flying Knee","Quick Slash"],"picked":"SKIP","floor":18.0},{"not_picked":["Deflect","Bane","Catalyst"],"picked":"SKIP","floor":19.0},{"not_picked":["Setup","Dagger Throw","Poisoned Stab"],"picked":"SKIP","floor":21.0},{"not_picked":["Acrobatics+1","Bane"],"picked":"Slice","floor":22.0},{"not_picked":["Dagger Throw+1","A Thousand Cuts"],"picked":"Burst","floor":24.0},{"not_picked":["Flechettes","Predator"],"picked":"Distraction+1","floor":27.0},{"not_picked":["Outmaneuver","Bane","Masterful Stab"],"picked":"SKIP","floor":29.0},{"not_picked":["Acrobatics","Reflex+1"],"picked":"Well Laid Plans+1","floor":32.0}],"player_experience":254988,"relics_obtained":[{"floor":9.0,"key":"Shuriken"},{"floor":11.0,"key":"Oddly Smooth Stone"},{"floor":24.0,"key":"Bottled Lightning"},{"floor":26.0,"key":"Boot"},{"floor":27.0,"key":"Dream Catcher"}],"event_choices":[{"damage_healed":0.0,"max_hp_gain":0.0,"max_hp_loss":0.0,"gold_gain":0.0,"event_name":"Upgrade Shrine","player_choice":"Upgraded","floor":3.0,"gold_loss":0.0,"damage_taken":0.0,"cards_upgraded":["Neutralize"]},{"damage_healed":23.0,"max_hp_gain":0.0,"max_hp_loss":0.0,"gold_gain":0.0,"event_name":"Big Fish","player_choice":"Banana","floor":13.0,"gold_loss":0.0,"damage_taken":0.0},{"damage_healed":0.0,"max_hp_gain":0.0,"max_hp_loss":0.0,"gold_gain":0.0,"event_name":"WeMeetAgain","player_choice":"Gave Potion","floor":20.0,"gold_loss":0.0,"damage_taken":0.0,"relics_obtained":["Ornamental Fan"]},{"damage_healed":0.0,"max_hp_gain":0.0,"max_hp_loss":0.0,"gold_gain":0.0,"event_name":"Forgotten Altar","player_choice":"Smashed Altar","floor":28.0,"gold_loss":0.0,"damage_taken":0.0,"cards_obtained":["Decay"]},{"damage_healed":0.0,"max_hp_gain":0.0,"max_hp_loss":0.0,"gold_gain":0.0,"event_name":"Nest","player_choice":"Joined the Cult","floor":31.0,"gold_loss":0.0,"damage_taken":6.0,"cards_obtained":["RitualDagger"]}],"is_beta":false,"boss_relics":[{"not_picked":["Runic Pyramid","Coffee Dripper"],"picked":"Empty Cage"}],"items_purged_floors":[30],"is_endless":false,"potions_floor_spawned":[4,11,14,16,19,22,27],"killed_by":"Collector","ascension_level":6}