{"gold_per_floor":[118,118,130,2,20,20,38,38,123,80,80,113,113,127,127,203,203,219,55,55,55,67,67,96,110,133,158,158,158,168,168],"floor_reached":31,"playtime":1062,"items_purged":["Strike_R"],"score":506,"play_id":"30f6722b-87e1-4053-86a4-3ddd056e352b","local_time":"20190326102946","is_ascension_mode":true,"campfire_choices":[{"data":"Inflame","floor":6,"key":"SMITH"},{"data":"Heavy Blade","floor":8,"key":"SMITH"},{"floor":13,"key":"REST"},{"data":"Anger","floor":15,"key":"SMITH"},{"floor":23,"key":"REST"},{"floor":29,"key":"REST"}],"neow_cost":"NONE","seed_source_timestamp":632339211131322,"circlet_count":0,"master_deck":["AscendersBane","Defend_R+1","Defend_R+1","Defend_R+1","Defend_R+1","Bash+1","Anger+1","Inflame+1","Heavy Blade+1","Infernal Blade","Headbutt","Reaper+1","Blood for Blood+1","Sword Boomerang+1","Cleave+1","Ghostly Armor","Feed+1","Armaments","Twin Strike+1"],"relics":["Burning Blood","Tiny Chest","Bag of Marbles","Astrolabe","Bag of Preparation","The Courier","Whetstone","Red Mask"],"potions_floor_usage":[7,12,16,18,24,30,31],"damage_taken":[{"damage":9,"enemies":"2 Louse","floor":1,"turns":4},{"damage":9,"enemies":"Jaw Worm","floor":3,"turns":5},{"damage":7,"enemies":"Small Slimes","floor":5,"turns":3},{"damage":15,"enemies":"Gremlin Gang","floor":7,"turns":3},{"damage":15,"enemies":"Lagavulin","floor":12,"turns":4},{"damage":7,"enemies":"Looter","floor":14,"turns":3},{"damage":28,"enemies":"Slime Boss","floor":16,"turns":5},{"damage":14,"enemies":"Spheric Guardian","floor":18,"turns":4},{"damage":14,"enemies":"Chosen","floor":22,"turns":4},{"damage":29,"enemies":"Gremlin Leader","floor":24,"turns":6},{"damage":21,"enemies":"Snake Plant","floor":25,"turns":3},{"damage":18,"enemies":"Masked Bandits","floor":27,"turns":4},{"damage":59,"enemies":"Chosen and Byrds","floor":30,"turns":5},{"damage":11,"enemies":"Sentry and Sphere","floor":31,"turns":3}],"seed_played":"-3740181818019468195","potions_obtained":[{"floor":3,"key":"SkillPotion"},{"floor":12,"key":"BloodPotion"},{"floor":14,"key":"Dexterity Potion"},{"floor":16,"key":"SpeedPotion"},{"floor":27,"key":"Energy Potion"},{"floor":30,"key":"Strength Potion"}],"is_trial":false,"path_per_floor":["M","?","M","$","M","R","M","R","T","?","?","E","R","M","R","B",null,"M","$","?","?","M","R","E","M","T","?","?","R","M","M"],"character_chosen":"IRONCLAD","items_purchased":["AttackPotion","Bag of Preparation"],"campfire_rested":3,"item_purchase_floors":[4,19],"current_hp_per_floor":[65,58,55,55,54,54,45,45,45,45,45,36,58,57,57,42,67,59,59,59,59,51,73,50,35,35,27,27,50,11,0],"gold":168,"neow_bonus":"UPGRADE_CARD","is_prod":false,"is_daily":false,"chose_seed":false,"campfire_upgraded":3,"win_rate":0,"timestamp":1553563786,"path_taken":["M","?","M","?","M","R","M","R","T","?","?","E","R","?","R","BOSS","M","$","?","?","M","R","E","M","T","?","?","R","?","M"],"build_version":"2019-01-23","purchased_purges":1,"victory":false,"max_hp_per_floor":[75,75,75,75,75,75,75,75,75,75,75,75,75,75,75,75,75,75,75,75,75,75,75,75,75,75,79,79,79,83,83],"card_choices":[{"not_picked":["Perfected Strike","Heavy Blade"],"picked":"Anger","floor":1},{"not_picked":["Feel No Pain","Wild Strike"],"picked":"Inflame","floor":3},{"not_picked":["Disarm","Headbutt"],"picked":"Heavy Blade","floor":5},{"not_picked":["Rage","Sword Boomerang","Pommel Strike"],"picked":"SKIP","floor":7},{"not_picked":["Brutality","Bludgeon"],"picked":"Headbutt","floor":12},{"not_picked":["Clothesline","Headbutt","Sentinel"],"picked":"SKIP","floor":14},{"not_picked":["Bludgeon","Double Tap"],"picked":"Reaper","floor":16},{"not_picked":["Perfected Strike","Dropkick"],"picked":"Ghostly Armor","floor":18},{"not_picked":["Thunderclap","Power Through","True Grit"],"picked":"SKIP","floor":22},{"not_picked":["Twin Strike","Entrench"],"picked":"Feed","floor":24},{"not_picked":["Burning Pact","Sword Boomerang"],"picked":"Armaments","floor":25},{"not_picked":["Cleave","Perfected Strike+1"],"picked":"Twin Strike+1","floor":30}],"player_experience":795290,"relics_obtained":[{"floor":9,"key":"Tiny Chest"},{"floor":12,"key":"Bag of Marbles"},{"floor":24,"key":"The Courier"},{"floor":26,"key":"Whetstone"},{"floor":27,"key":"Red Mask"}],"event_choices":[{"cards_removed":["Strike_R"],"damage_healed":0,"gold_gain":0,"player_choice":"Card Removal","damage_taken":7,"max_hp_gain":0,"max_hp_loss":0,"event_name":"Golden Wing","floor":2,"gold_loss":0},{"damage_healed":0,"gold_gain":0,"player_choice":"Left Gold","damage_taken":0,"max_hp_gain":0,"max_hp_loss":0,"event_name":"World of Goop","floor":10,"gold_loss":43},{"damage_healed":0,"gold_gain":0,"player_choice":"1 cards matched","damage_taken":0,"max_hp_gain":0,"max_hp_loss":0,"event_name":"Match and Keep!","floor":11,"gold_loss":0,"cards_obtained":["Infernal Blade"]},{"damage_healed":0,"gold_gain":0,"player_choice":"Ignored","damage_taken":0,"max_hp_gain":0,"max_hp_loss":0,"event_name":"Ghosts","floor":21,"gold_loss":0},{"damage_healed":0,"gold_gain":0,"player_choice":"Fought Bandits","damage_taken":0,"max_hp_gain":0,"max_hp_loss":0,"event_name":"Masked Bandits","floor":27,"gold_loss":0},{"damage_healed":0,"gold_gain":0,"player_choice":"Simplicity","damage_taken":0,"max_hp_gain":0,"max_hp_loss":0,"event_name":"Back to Basics","floor":28,"gold_loss":0,"cards_upgraded":["Defend_R","Defend_R","Defend_R","Defend_R"]}],"is_beta":false,"boss_relics":[{"not_picked":["Mark of Pain","Runic Cube"],"picked":"Astrolabe"}],"items_purged_floors":[4],"is_endless":false,"potions_floor_spawned":[3,12,14,16,27,30],"killed_by":"Sentry and Sphere","ascension_level":20}