{"gold_per_floor":[109,127,52,71,101,101,127,158,209,243,243,52,68,80,80,80],"floor_reached":16,"playtime":677,"items_purged":["Defend_B","Strike_B"],"score":110,"play_id":"5eba630d-9dee-4dff-b355-a42e7ee44b1f","local_time":"20181210105106","is_ascension_mode":false,"campfire_choices":[{"data":"Zap","floor":6,"key":"SMITH"},{"data":"Auto Shields","floor":11,"key":"SMITH"},{"data":"Hologram","floor":15,"key":"SMITH"}],"neow_cost":"NONE","seed_source_timestamp":985053988513400,"circlet_count":0,"master_deck":["Strike_B","Strike_B","Strike_B","Defend_B","Defend_B","Defend_B","Zap+1","Dualcast","Auto Shields+1","Defragment","Blizzard","Hologram+1"],"relics":["Cracked Core","Dream Catcher","Tiny Chest","Smiling Mask","PreservedInsect","Happy Flower","Meat on the Bone"],"potions_floor_usage":[8,8,16],"damage_taken":[{"damage":1,"enemies":"Cultist","floor":1,"turns":4},{"damage":0,"enemies":"Jaw Worm","floor":2,"turns":3},{"damage":0,"enemies":"2 Louse","floor":4,"turns":2},{"damage":6,"enemies":"Gremlin Nob","floor":8,"turns":3},{"damage":15,"enemies":"3 Sentries","floor":10,"turns":6},{"damage":8,"enemies":"Red Slaver","floor":13,"turns":3},{"damage":1,"enemies":"Large Slime","floor":14,"turns":6},{"damage":41,"enemies":"Hexaghost","floor":16,"turns":9}],"seed_played":"6304002759861023105","potions_obtained":[{"floor":1,"key":"Weak Potion"},{"floor":2,"key":"Fire Potion"},{"floor":13,"key":"FocusPotion"}],"is_trial":false,"path_per_floor":["M","M","$","M","?","R","T","E","T","E","R","$","M","M","R","B"],"character_chosen":"DEFECT","items_purchased":["Defragment","Blizzard"],"campfire_rested":0,"item_purchase_floors":[12,12],"current_hp_per_floor":[74,74,74,74,71,71,71,65,65,50,50,50,42,41,41,0],"gold":80,"neow_bonus":"RANDOM_COMMON_RELIC","is_prod":false,"is_daily":false,"chose_seed":false,"campfire_upgraded":3,"win_rate":0,"timestamp":1544406666,"path_taken":["M","M","$","M","?","R","?","E","T","E","R","$","M","M","R","BOSS"],"build_version":"2018-12-06","purchased_purges":2,"victory":false,"max_hp_per_floor":[75,75,75,75,75,75,75,75,75,75,75,75,75,75,75,75],"card_choices":[{"not_picked":["Turbo","Scrape"],"picked":"Auto Shields","floor":1},{"not_picked":["Compile Driver","Streamline","Loop"],"picked":"SKIP","floor":2},{"not_picked":["Gash","Steam Power","Sweeping Beam"],"picked":"SKIP","floor":4},{"not_picked":["Rebound","Leap","Reboot"],"picked":"SKIP","floor":8},{"not_picked":["Auto Shields","Barrage","Go for the Eyes"],"picked":"SKIP","floor":10},{"not_picked":["Sweeping Beam","Steam"],"picked":"Hologram","floor":13},{"not_picked":["Hologram","Steam","Turbo"],"picked":"SKIP","floor":14}],"player_experience":124829,"relics_obtained":[{"floor":7,"key":"Smiling Mask"},{"floor":8,"key":"PreservedInsect"},{"floor":9,"key":"Happy Flower"},{"floor":10,"key":"Meat on the Bone"}],"event_choices":[{"damage_healed":0,"gold_gain":0,"player_choice":"Success","damage_taken":3,"relics_obtained":["Tiny Chest"],"max_hp_gain":0,"max_hp_loss":0,"event_name":"Scrap Ooze","floor":5,"gold_loss":0}],"is_beta":false,"boss_relics":[],"items_purged_floors":[3,12],"is_endless":false,"potions_floor_spawned":[1,2,13],"killed_by":"Hexaghost","ascension_level":0}