{"gold_per_floor":[114,126,201,166,176,176,208,208,208,224,13,26,55,74,74,74],"floor_reached":16,"playtime":699,"items_purged":["Strike_B"],"score":207,"play_id":"3e507422-30ea-40f4-82b0-6571b5174b71","local_time":"20190416162843","is_ascension_mode":true,"campfire_choices":[{"data":"Zap","floor":6,"key":"SMITH"},{"floor":8,"key":"REST"},{"data":"Darkness","floor":15,"key":"SMITH"}],"neow_cost":"PERCENT_DAMAGE","seed_source_timestamp":525135938436800,"circlet_count":0,"master_deck":["AscendersBane","Strike_B","Strike_B","Strike_B","Defend_B","Defend_B","Defend_B","Defend_B","Zap+1","Dualcast","Cold Snap","Capacitor","Genetic Algorithm","Darkness+1","Compile Driver","Barrage"],"relics":["Cracked Core","Girya","Prayer Wheel","Meat on the Bone","Shuriken"],"potions_floor_usage":[7,7,13,16],"damage_taken":[{"damage":0,"enemies":"2 Louse","floor":1,"turns":3},{"damage":16,"enemies":"Small Slimes","floor":2,"turns":4},{"damage":6,"enemies":"Cultist","floor":5,"turns":3},{"damage":18,"enemies":"Lagavulin","floor":7,"turns":6},{"damage":16,"enemies":"Large Slime","floor":10,"turns":8},{"damage":11,"enemies":"2 Fungi Beasts","floor":12,"turns":4},{"damage":21,"enemies":"3 Sentries","floor":13,"turns":8},{"damage":13,"enemies":"Blue Slaver","floor":14,"turns":3},{"damage":35,"enemies":"The Guardian","floor":16,"turns":6}],"seed_played":"7612013252599378494","potions_obtained":[{"floor":2,"key":"SkillPotion"},{"floor":5,"key":"Regen Potion"},{"floor":7,"key":"Dexterity Potion"}],"is_trial":false,"path_per_floor":["M","M","?","?","M","R","E","R","T","M","$","M","E","M","R","B"],"character_chosen":"DEFECT","items_purchased":["EssenceOfSteel","Compile Driver"],"campfire_rested":1,"item_purchase_floors":[11,11],"current_hp_per_floor":[46,30,19,36,30,30,27,48,48,44,44,45,36,35,35,0],"gold":74,"neow_bonus":"ONE_RARE_RELIC","is_prod":false,"is_daily":false,"chose_seed":false,"campfire_upgraded":2,"win_rate":0,"timestamp":1555424923,"path_taken":["M","M","?","?","M","R","E","R","T","M","$","M","E","M","R","BOSS"],"build_version":"2019-01-23","purchased_purges":1,"victory":false,"max_hp_per_floor":[71,71,71,71,71,71,71,71,71,71,71,71,71,71,71,71],"card_choices":[{"not_picked":["Rebound","Scrape","Static Discharge"],"picked":"SKIP","floor":1},{"not_picked":["Reprogram","Hello World","Redo"],"picked":"SKIP","floor":2},{"not_picked":["Compile Driver","Sunder"],"picked":"Cold Snap","floor":5},{"not_picked":["Go for the Eyes","Redo"],"picked":"Capacitor","floor":7},{"not_picked":["Leap","White Noise"],"picked":"Genetic Algorithm","floor":10},{"not_picked":["Reinforced Body","Ball Lightning"],"picked":"Darkness","floor":10},{"not_picked":["Conserve Battery","Barrage","Consume"],"picked":"SKIP","floor":12},{"not_picked":["Compile Driver","Scrape","Streamline"],"picked":"SKIP","floor":12},{"not_picked":["Sweeping Beam","Fission","Streamline"],"picked":"SKIP","floor":13},{"not_picked":["Chaos","Stack"],"picked":"Barrage","floor":14},{"not_picked":["Beam Cell","Ball Lightning","Rebound"],"picked":"SKIP","floor":14}],"player_experience":647025,"relics_obtained":[{"floor":7,"key":"Prayer Wheel"},{"floor":9,"key":"Meat on the Bone"},{"floor":13,"key":"Shuriken"}],"event_choices":[{"damage_healed":0,"gold_gain":75,"player_choice":"Gather Gold","damage_taken":11,"max_hp_gain":0,"max_hp_loss":0,"event_name":"World of Goop","floor":3,"gold_loss":0},{"damage_healed":17,"gold_gain":0,"player_choice":"Healed","damage_taken":0,"max_hp_gain":0,"max_hp_loss":0,"event_name":"The Cleric","floor":4,"gold_loss":35}],"is_beta":false,"boss_relics":[],"items_purged_floors":[11],"is_endless":false,"potions_floor_spawned":[2,5,7,12],"killed_by":"The Guardian","ascension_level":17}