{"gold_per_floor":[115,115,18,0,0,0,27,39,66,66,66,82,2,19,19,118,118,136,61,61,61,77,109,109,120,120,120,137,154,154,167,167,167],"floor_reached":33,"playtime":3600,"items_purged":["Strike_G"],"score":265,"play_id":"2c9d28fa-a943-4f1a-9436-803d6e5d6699","local_time":"20180925210006","is_ascension_mode":false,"campfire_choices":[{"data":"Survivor","floor":6,"key":"SMITH"},{"data":"Deadly Poison","floor":10,"key":"SMITH"},{"data":"Blur","floor":15,"key":"SMITH"},{"data":"Deadly Poison","floor":24,"key":"SMITH"},{"floor":27,"key":"REST"},{"floor":30,"key":"REST"},{"floor":32,"key":"REST"}],"neow_cost":"NONE","seed_source_timestamp":366058204334486,"circlet_count":0,"master_deck":["Defend_G","Defend_G","Defend_G","Defend_G","Strike_G","Strike_G","Strike_G","Survivor+1","Neutralize+1","Deadly Poison+1","Deadly Poison+1","Masterful Stab","Prepared","Poisoned Stab","Blur+1","Caltrops","Die Die Die","Leg Sweep","Blur+1","Well Laid Plans+1","Flying Knee","Flying Knee","Poisoned Stab","Poisoned Stab+1","Deflect+1"],"relics":["Ring of the Snake","Bottled Lightning","Dream Catcher","Torii","Frozen Egg 2","Gremlin Horn"],"potions_floor_usage":[29,33],"damage_taken":[{"damage":1,"enemies":"2 Louse","floor":1,"turns":4},{"damage":8,"enemies":"Gremlin Nob","floor":7,"turns":5},{"damage":0,"enemies":"Cultist","floor":8,"turns":3},{"damage":0,"enemies":"Jaw Worm","floor":12,"turns":2},{"damage":0,"enemies":"2 Fungi Beasts","floor":14,"turns":4},{"damage":49,"enemies":"Slime Boss","floor":16,"turns":17},{"damage":3,"enemies":"Shell Parasite","floor":18,"turns":4},{"damage":4,"enemies":"3 Byrds","floor":22,"turns":5},{"damage":29,"enemies":"Book of Stabbing","floor":23,"turns":8},{"damage":9,"enemies":"Snake Plant","floor":25,"turns":4},{"damage":26,"enemies":"3 Cultists","floor":28,"turns":7},{"damage":19,"enemies":"Shelled Parasite and Fungi","floor":29,"turns":5},{"damage":1,"enemies":"Chosen and Byrds","floor":31,"turns":6},{"damage":66,"enemies":"Automaton","floor":33,"turns":12}],"seed_played":"-1637645518769996261","potions_obtained":[{"floor":8,"key":"Regen Potion"},{"floor":12,"key":"PowerPotion"},{"floor":16,"key":"GamblersBrew"},{"floor":29,"key":"Swift Potion"}],"is_trial":false,"path_per_floor":["M","?","$","?","?","R","E","M","T","R","?","M","$","M","R","B",null,"M","?","$","?","M","E","R","M","T","R","M","M","R","M","R"],"character_chosen":"THE_SILENT","items_purchased":["Deadly Poison","Blur"],"campfire_rested":3,"item_purchase_floors":[3,13],"current_hp_per_floor":[69,69,69,69,69,69,61,61,61,61,61,61,61,61,61,12,70,67,67,67,67,63,34,34,25,25,46,20,16,37,36,57,0],"gold":167,"neow_bonus":"UPGRADE_CARD","is_prod":false,"is_daily":false,"chose_seed":false,"campfire_upgraded":4,"win_rate":0.0,"timestamp":1537902006,"path_taken":["M","?","$","?","?","R","E","?","T","R","?","M","?","M","R","BOSS","M","?","$","?","M","E","R","M","T","R","?","M","R","M","R","BOSS"],"build_version":"2018-09-20","purchased_purges":1,"victory":false,"max_hp_per_floor":[70,70,70,70,70,70,70,70,70,70,70,70,70,70,70,70,70,70,70,70,70,70,70,70,70,70,70,70,70,70,70,70,70],"card_choices":[{"not_picked":["Quick Slash","Infinite Blades"],"picked":"Deadly Poison","floor":1},{"not_picked":["Endless Agony","Reflex"],"picked":"Masterful Stab","floor":7},{"not_picked":["Malaise","Dagger Throw"],"picked":"Prepared","floor":8},{"not_picked":["Deadly Poison","Infinite Blades"],"picked":"Poisoned Stab","floor":12},{"not_picked":["Dagger Throw","Dodge and Roll"],"picked":"Caltrops","floor":14},{"not_picked":["Envenom","Unload"],"picked":"Die Die Die","floor":16},{"not_picked":["Flying Knee","Dagger Spray"],"picked":"Leg Sweep","floor":18},{"not_picked":["Eviscerate+1","Flying Knee"],"picked":"Blur+1","floor":22},{"not_picked":["Outmaneuver","Bane"],"picked":"Well Laid Plans","floor":23},{"not_picked":["Underhanded Strike","PiercingWail"],"picked":"Flying Knee","floor":25},{"not_picked":["Sucker Punch","Slice"],"picked":"Flying Knee","floor":27},{"not_picked":["Dash","Heel Hook"],"picked":"Poisoned Stab","floor":28},{"not_picked":["Blade Dance","Prepared","Poisoned Stab"],"picked":"SKIP","floor":29},{"not_picked":["Expertise","Infinite Blades+1"],"picked":"Poisoned Stab+1","floor":30},{"not_picked":["Underhanded Strike","Corpse Explosion"],"picked":"Deflect+1","floor":31}],"player_experience":7145,"relics_obtained":[{"floor":7,"key":"Bottled Lightning"},{"floor":9,"key":"Dream Catcher"},{"floor":11,"key":"Torii"},{"floor":23,"key":"Frozen Egg 2"},{"floor":26,"key":"Gremlin Horn"}],"event_choices":[{"event_name":"Liars Game","player_choice":"disagreed","floor":2,"damage_taken":0},{"event_name":"World of Goop","player_choice":"Left","floor":4,"damage_taken":0},{"event_name":"Living Wall","player_choice":"Forget","floor":5,"damage_taken":0},{"event_name":"Wheel of Change","player_choice":"Relic","floor":11,"damage_taken":0},{"event_name":"Beggar","player_choice":"Gave Gold","floor":19,"damage_taken":0},{"event_name":"The Mausoleum","player_choice":"No","floor":21,"damage_taken":0}],"is_beta":false,"boss_relics":[{"not_picked":["Snecko Eye","Busted Crown","Calling Bell"]}],"items_purged_floors":[3],"is_endless":false,"potions_floor_spawned":[8,12,16,25,28,29],"killed_by":"Automaton","ascension_level":0}