{"gold_per_floor":[115,115,115,135,11,11,11,11,11,11,186,221,28,47,47,151,151,170,170,170,183,183,183,214,214,290,321,75,75,106,124,124,124],"floor_reached":33,"playtime":2076,"items_purged":["Strike_B","Doubt","Strike_B"],"score":354,"play_id":"528ebd9f-d6cb-4b11-967a-eedd7b6dd7d1","local_time":"20181004181641","is_ascension_mode":true,"campfire_choices":[{"data":"Barrage","floor":6,"key":"SMITH"},{"data":"Leap","floor":8,"key":"SMITH"},{"data":"Defend_B","floor":10,"key":"SMITH"},{"data":"Defragment","floor":15,"key":"SMITH"},{"floor":23,"key":"REST"},{"floor":29,"key":"REST"},{"floor":32,"key":"REST"}],"neow_cost":"NONE","seed_source_timestamp":0,"circlet_count":0,"master_deck":["Strike_B","Strike_B","Defend_B+1","Defend_B","Defend_B","Defend_B","Zap","Dualcast+1","Leap+1","Melter+1","Barrage+1","Conserve Battery","Defragment+1","Steam","Amplify","Ball Lightning+1","Static Discharge","Conserve Battery","Conserve Battery","Ball Lightning","Go for the Eyes+1"],"special_seed":0,"relics":["Cracked Core","NeowsBlessing","Ornamental Fan","Bag of Marbles","Velvet Choker","PreservedInsect","Dodecahedron","The Courier","Molten Egg 2"],"potions_floor_usage":[18,22,27,31,33],"damage_taken":[{"damage":0.0,"enemies":"Jaw Worm","floor":1.0,"turns":1.0},{"damage":0.0,"enemies":"Small Slimes","floor":4.0,"turns":1.0},{"damage":0,"enemies":"Lagavulin","floor":12,"turns":1},{"damage":0,"enemies":"2 Louse","floor":14,"turns":2},{"damage":9,"enemies":"The Guardian","floor":16,"turns":10},{"damage":20,"enemies":"3 Byrds","floor":18,"turns":5},{"damage":0,"enemies":"2 Thieves","floor":21,"turns":4},{"damage":17,"enemies":"Colosseum Slavers","floor":22,"turns":3},{"damage":21,"enemies":"Gremlin Leader","floor":24,"turns":8},{"damage":30,"enemies":"Slavers","floor":27,"turns":3},{"damage":8,"enemies":"Book of Stabbing","floor":30,"turns":4},{"damage":5,"enemies":"3 Cultists","floor":31,"turns":5},{"damage":58,"enemies":"Champ","floor":33,"turns":8}],"seed_played":"-6225507344001380620","potions_obtained":[{"floor":4.0,"key":"SkillPotion"},{"floor":12,"key":"Swift Potion"},{"floor":24,"key":"FearPotion"},{"floor":30,"key":"AttackPotion"}],"is_trial":false,"path_per_floor":["M","?","?","M","$","R","?","R","T","R","?","E","$","M","R","B",null,"M","?","?","M","?","R","E","?","T","E","$","R","E","M","R"],"character_chosen":"DEFECT","items_purchased":["Barrage","Defragment","Steam","Conserve Battery","Ball Lightning","EssenceOfSteel"],"campfire_rested":3,"item_purchase_floors":[5,13,13,28,28,28],"current_hp_per_floor":[75,80,80,80,80,80,80,80,80,80,80,80,80,80,80,71,80,60,45,45,45,28,53,32,32,32,2,2,27,19,14,39,0],"gold":124,"neow_bonus":"THREE_ENEMY_KILL","is_prod":false,"is_daily":false,"chose_seed":false,"campfire_upgraded":4,"win_rate":0,"timestamp":1538669801,"path_taken":["M","?","?","M","$","R","?","R","T","R","?","E","$","M","R","BOSS","M","?","?","M","?","R","E","?","T","E","$","R","E","M","R","BOSS"],"build_version":"2018-09-27","purchased_purges":3,"victory":false,"max_hp_per_floor":[75,80,80,80,80,80,80,80,80,80,80,80,80,80,80,80,80,80,85,85,85,85,85,85,85,85,85,85,85,85,85,85,85],"card_choices":[{"not_picked":["Rebound","Hologram"],"picked":"Leap","floor":1.0},{"not_picked":["Coolheaded","Darkness"],"picked":"Melter","floor":4.0},{"not_picked":["Defragment","Go for the Eyes"],"picked":"Conserve Battery","floor":12},{"not_picked":["Self Repair","Melter","Fusion"],"picked":"SKIP","floor":14},{"not_picked":["All For One","Buffer"],"picked":"Amplify","floor":16},{"not_picked":["Auto Shields","Turbo+1"],"picked":"Ball Lightning+1","floor":18},{"not_picked":["Stack","Rebound"],"picked":"Static Discharge","floor":21},{"not_picked":["Streamline+1","Amplify","Melter"],"picked":"SKIP","floor":24},{"not_picked":["Darkness","Loop"],"picked":"Conserve Battery","floor":27},{"not_picked":["Cold Snap","Rebound","Static Discharge+1"],"picked":"SKIP","floor":30},{"not_picked":["Stack","Streamline+1"],"picked":"Go for the Eyes+1","floor":31}],"player_experience":139692,"relics_obtained":[{"floor":9,"key":"Ornamental Fan"},{"floor":12,"key":"Bag of Marbles"},{"floor":24,"key":"PreservedInsect"},{"floor":26,"key":"Dodecahedron"},{"floor":27,"key":"The Courier"},{"floor":30,"key":"Molten Egg 2"}],"event_choices":[{"event_name":"Big Fish","player_choice":"Donut","floor":2.0,"damage_taken":0.0},{"event_name":"Living Wall","player_choice":"Grow","floor":3.0,"damage_taken":0.0},{"event_name":"Accursed Blacksmith","player_choice":"Forge","floor":7,"damage_taken":0},{"event_name":"Liars Game","player_choice":"agreed","floor":11,"damage_taken":0},{"event_name":"Forgotten Altar","player_choice":"Shed Blood","floor":19,"damage_taken":0},{"event_name":"Cursed Tome","player_choice":"Ignored","floor":20,"damage_taken":0},{"event_name":"Colosseum","player_choice":"Fight","floor":22,"damage_taken":0},{"event_name":"Colosseum","player_choice":"Fled From Nobs","floor":22,"damage_taken":0},{"event_name":"Vampires","player_choice":"Ignored","floor":25,"damage_taken":0}],"is_beta":false,"boss_relics":[{"not_picked":["Runic Pyramid","Fusion Hammer"],"picked":"Velvet Choker"}],"items_purged_floors":[5,13,28],"is_endless":false,"potions_floor_spawned":[4,12,22,24,30],"killed_by":"Champ","ascension_level":2}