{"gold_per_floor":[118,138,157,157,77,77,91,91,91,111,36,71,71,99,99,175,175,155,155,155,155,170,170,170,204,204,221,221,237,28,28],"floor_reached":31,"playtime":1526,"items_purged":["Strike_G","Strike_G"],"score":526,"play_id":"8da3fc5b-5b19-4575-ab3f-01510fdefa12","local_time":"20190404151756","is_ascension_mode":true,"campfire_choices":[{"data":"Neutralize","floor":6,"key":"SMITH"},{"floor":13,"key":"REST"},{"floor":15,"key":"DIG"},{"floor":23,"key":"REST"},{"floor":28,"key":"REST"}],"neow_cost":"NONE","seed_source_timestamp":541768753237662,"circlet_count":0,"master_deck":["AscendersBane","Defend_G","Defend_G","Defend_G","Defend_G","Defend_G","Strike_G","Strike_G","Strike_G","Survivor","Neutralize+1","Blade Dance","PiercingWail","Bouncing Flask","Noxious Fumes","Calculated Gamble","Dagger Throw","Noxious Fumes","Corpse Explosion","Backflip","Burst","Escape Plan","Dagger Spray","Ghostly","Ghostly","Ghostly","Burst","PiercingWail"],"relics":["Ring of the Snake","Omamori","Mango","Nunchaku","Shovel","Ornamental Fan","Dream Catcher","Runic Pyramid","The Courier","Question Card","Darkstone Periapt","Blood Vial"],"potions_floor_usage":[12,18,21,31],"damage_taken":[{"damage":2,"enemies":"Jaw Worm","floor":1,"turns":4},{"damage":0,"enemies":"2 Louse","floor":2,"turns":3},{"damage":0,"enemies":"Cultist","floor":3,"turns":4},{"damage":8,"enemies":"Blue Slaver","floor":7,"turns":5},{"damage":7,"enemies":"Large Slime","floor":10,"turns":8},{"damage":14,"enemies":"3 Sentries","floor":12,"turns":6},{"damage":15,"enemies":"Lagavulin","floor":14,"turns":6},{"damage":29,"enemies":"The Guardian","floor":16,"turns":9},{"damage":1,"enemies":"2 Thieves","floor":18,"turns":5},{"damage":36,"enemies":"Colosseum Slavers","floor":21,"turns":5},{"damage":1,"enemies":"Chosen","floor":22,"turns":7},{"damage":19,"enemies":"Book of Stabbing","floor":25,"turns":7},{"damage":10,"enemies":"Snake Plant","floor":27,"turns":6},{"damage":1,"enemies":"Snecko","floor":29,"turns":5},{"damage":32,"enemies":"Cultist and Chosen","floor":31,"turns":6}],"seed_played":"6994303110325627772","potions_obtained":[{"floor":1,"key":"Energy Potion"},{"floor":10,"key":"Dexterity Potion"},{"floor":12,"key":"SteroidPotion"},{"floor":22,"key":"FearPotion"},{"floor":25,"key":"SteroidPotion"},{"floor":29,"key":"Regen Potion"}],"is_trial":false,"path_per_floor":["M","M","M","?","$","R","M","?","T","M","$","E","R","E","R","B",null,"M","?","?","?","M","R","?","E","T","M","R","M","$","M"],"character_chosen":"THE_SILENT","items_purchased":["Noxious Fumes","Blood Vial"],"campfire_rested":3,"item_purchase_floors":[5,30],"current_hp_per_floor":[57,57,57,71,71,71,63,63,63,56,56,42,66,51,51,22,66,65,65,42,6,5,30,30,11,11,1,13,12,12,0],"gold":28,"neow_bonus":"RANDOM_COMMON_RELIC","is_prod":false,"is_daily":false,"chose_seed":false,"campfire_upgraded":1,"win_rate":0,"timestamp":1554358676,"path_taken":["M","M","M","?","?","R","M","?","T","?","$","E","R","E","R","BOSS","M","?","?","?","M","R","?","E","T","M","R","M","$","M"],"build_version":"2019-01-23","purchased_purges":2,"victory":false,"max_hp_per_floor":[66,66,66,80,80,80,80,80,80,80,80,80,80,80,80,80,80,80,80,85,85,85,85,42,42,42,42,42,42,42,42],"card_choices":[{"not_picked":["Eviscerate","Prepared"],"picked":"Blade Dance","floor":1},{"not_picked":["Blade Dance","Prepared"],"picked":"PiercingWail","floor":2},{"not_picked":["Acrobatics","Deflect"],"picked":"Bouncing Flask","floor":3},{"not_picked":["Acrobatics","Bane"],"picked":"Calculated Gamble","floor":7},{"not_picked":["Cloak And Dagger","Prepared"],"picked":"Noxious Fumes","floor":10},{"not_picked":["Blade Dance","Bane"],"picked":"Corpse Explosion","floor":12},{"not_picked":["Prepared","Endless Agony"],"picked":"Backflip","floor":14},{"not_picked":["Die Die Die","Grand Finale"],"picked":"Burst","floor":16},{"not_picked":["Quick Slash","Eviscerate"],"picked":"Escape Plan","floor":18},{"not_picked":["Deflect","Heel Hook"],"picked":"Dagger Spray","floor":22},{"not_picked":["Dagger Spray","Sucker Punch"],"picked":"Burst","floor":25},{"not_picked":["Dash+1","Outmaneuver","Bane+1","Infinite Blades"],"picked":"SKIP","floor":27},{"not_picked":["Terror","Blade Dance+1","Backflip"],"picked":"PiercingWail","floor":28},{"not_picked":["Dagger Spray","Phantasmal Killer","Quick Slash","Poisoned Stab"],"picked":"SKIP","floor":29}],"player_experience":823989,"relics_obtained":[{"floor":9,"key":"Nunchaku"},{"floor":12,"key":"Shovel"},{"floor":14,"key":"Ornamental Fan"},{"floor":15,"key":"Dream Catcher"},{"floor":25,"key":"Question Card"},{"floor":26,"key":"Darkstone Periapt"}],"event_choices":[{"damage_healed":0,"gold_gain":0,"player_choice":"Box","damage_taken":0,"relics_obtained":["Mango"],"max_hp_gain":0,"max_hp_loss":0,"event_name":"Big Fish","floor":4,"gold_loss":0,"cards_obtained":["Regret"]},{"damage_healed":0,"gold_gain":0,"player_choice":"1 cards matched","damage_taken":0,"max_hp_gain":0,"max_hp_loss":0,"event_name":"Match and Keep!","floor":8,"gold_loss":0,"cards_obtained":["Dagger Throw"]},{"damage_healed":0,"gold_gain":0,"player_choice":"Opened","damage_taken":0,"relics_obtained":["The Courier"],"max_hp_gain":0,"max_hp_loss":0,"event_name":"The Mausoleum","floor":19,"gold_loss":0,"cards_obtained":["Writhe"]},{"damage_healed":0,"gold_gain":0,"player_choice":"Shed Blood","damage_taken":28,"max_hp_gain":5,"max_hp_loss":0,"event_name":"Forgotten Altar","floor":20,"gold_loss":0},{"damage_healed":0,"gold_gain":0,"player_choice":"Fight","damage_taken":0,"max_hp_gain":0,"max_hp_loss":0,"event_name":"Colosseum","floor":21,"gold_loss":0},{"damage_healed":0,"gold_gain":0,"player_choice":"Fled From Nobs","damage_taken":0,"max_hp_gain":0,"max_hp_loss":0,"event_name":"Colosseum","floor":21,"gold_loss":0},{"damage_healed":0,"gold_gain":0,"player_choice":"Became a Ghost","damage_taken":0,"max_hp_gain":0,"max_hp_loss":43,"event_name":"Ghosts","floor":24,"gold_loss":0,"cards_obtained":["Ghostly","Ghostly","Ghostly"]}],"is_beta":false,"boss_relics":[{"not_picked":["Black Star","Pandora\u0027s Box"],"picked":"Runic Pyramid"}],"items_purged_floors":[11,30],"is_endless":false,"potions_floor_spawned":[1,10,12,16,22,25,29],"killed_by":"Cultist and Chosen","ascension_level":20}