{"gold_per_floor":[114,125,125,95,109,109,34,18,45,45,45,72,122,135,135,135],"floor_reached":16,"playtime":410,"items_purged":["Regret"],"score":200,"play_id":"f9d16fff-447a-4e22-991f-aec359dc3114","local_time":"20190424151141","is_ascension_mode":true,"campfire_choices":[{"data":"Neutralize","floor":6,"key":"SMITH"},{"data":"Poisoned Stab","floor":11,"key":"SMITH"},{"data":"Predator","floor":15,"key":"SMITH"}],"neow_cost":"NONE","seed_source_timestamp":457063012105159,"circlet_count":0,"master_deck":["AscendersBane","Defend_G","Defend_G","Defend_G","Defend_G","Defend_G","Strike_G","Strike_G","Strike_G","Strike_G","Strike_G","Survivor","Neutralize+1","Poisoned Stab+1","PiercingWail","PiercingWail","Sucker Punch","Heel Hook","Predator+1"],"relics":["Ring of the Snake","NeowsBlessing","Dream Catcher","Bag of Preparation","Pear","Boot"],"potions_floor_usage":[12,12],"damage_taken":[{"damage":0,"enemies":"2 Louse","floor":1,"turns":1},{"damage":0,"enemies":"Small Slimes","floor":2,"turns":1},{"damage":0,"enemies":"Cultist","floor":5,"turns":1},{"damage":6,"enemies":"Exordium Thugs","floor":8,"turns":4},{"damage":24,"enemies":"Gremlin Nob","floor":12,"turns":4},{"damage":0,"enemies":"2 Fungi Beasts","floor":14,"turns":4},{"damage":49,"enemies":"Slime Boss","floor":16,"turns":9}],"seed_played":"-2905068912031262296","potions_obtained":[{"floor":4,"key":"FairyPotion"},{"floor":4,"key":"AttackPotion"},{"floor":5,"key":"Swift Potion"},{"floor":8,"key":"Explosive Potion"}],"is_trial":false,"path_per_floor":["M","M","?","?","M","R","$","M","T","T","R","E","?","M","R","B"],"character_chosen":"THE_SILENT","items_purchased":[],"campfire_rested":0,"item_purchase_floors":[],"current_hp_per_floor":[59,59,59,59,59,59,59,53,53,63,63,39,39,39,39,0],"gold":135,"neow_bonus":"THREE_ENEMY_KILL","is_prod":false,"is_daily":false,"chose_seed":false,"campfire_upgraded":3,"win_rate":0,"timestamp":1556086301,"path_taken":["M","M","?","?","?","R","$","M","T","?","R","E","?","M","R","BOSS"],"build_version":"2019-01-23","purchased_purges":1,"victory":false,"max_hp_per_floor":[66,66,66,66,66,66,66,66,66,76,76,76,76,76,76,76],"card_choices":[{"not_picked":["Backflip","Endless Agony"],"picked":"Poisoned Stab","floor":1},{"not_picked":["Tactician","Dodge and Roll"],"picked":"PiercingWail","floor":2},{"not_picked":["Backstab","Slice"],"picked":"PiercingWail","floor":5},{"not_picked":["Wraith Form v2","Prepared"],"picked":"Sucker Punch","floor":8},{"not_picked":["Outmaneuver","Blade Dance"],"picked":"Heel Hook","floor":12},{"not_picked":["Slice","Backflip"],"picked":"Predator","floor":14}],"player_experience":1074193,"relics_obtained":[{"floor":9,"key":"Bag of Preparation"},{"floor":10,"key":"Pear"},{"floor":12,"key":"Boot"}],"event_choices":[{"damage_healed":0,"gold_gain":0,"player_choice":"Box","damage_taken":0,"relics_obtained":["Dream Catcher"],"max_hp_gain":0,"max_hp_loss":0,"event_name":"Big Fish","floor":3,"gold_loss":0,"cards_obtained":["Regret"]},{"damage_healed":0,"gold_gain":0,"player_choice":"Bought 2 Potions","damage_taken":0,"max_hp_gain":0,"max_hp_loss":0,"event_name":"The Woman in Blue","floor":4,"gold_loss":0},{"damage_healed":0,"gold_gain":50,"player_choice":"Pray","damage_taken":0,"max_hp_gain":0,"max_hp_loss":0,"event_name":"Golden Shrine","floor":13,"gold_loss":0}],"is_beta":false,"boss_relics":[],"items_purged_floors":[7],"is_endless":false,"potions_floor_spawned":[5,8],"killed_by":"Slime Boss","ascension_level":20}