{"gold_per_floor":[114,125,135,149,38,38,38,49,103,28,59,59,0,18,18,95,95,113,123,123,56,56,56,89,89,89,99,119,144,144,144,144,223,223,242,1241,1241,450,466,492,492,524,550,393,393,393,313,313,313,313,313],"floor_reached":51,"playtime":2615,"items_purged":["Strike_R","Normality","Normality","Writhe"],"score":1453,"play_id":"ad8980f8-c687-4a2e-811a-5adae246bb00","local_time":"20190407103742","is_ascension_mode":true,"campfire_choices":[{"data":"Bash","floor":6.0,"key":"SMITH"},{"data":"Heavy Blade","floor":12.0,"key":"SMITH"},{"floor":15.0,"key":"REST"},{"data":"True Grit","floor":23.0,"key":"SMITH"},{"floor":25.0,"key":"REST"},{"floor":32.0,"key":"REST"},{"floor":41.0,"key":"RECALL"},{"floor":49.0,"key":"REST"}],"neow_cost":"NONE","seed_source_timestamp":782887652963377,"circlet_count":0,"master_deck":["AscendersBane","Strike_R","Strike_R","Defend_R","Defend_R","Defend_R","Defend_R","Bash+1","True Grit+1","Shockwave+1","Pommel Strike","Spot Weakness","Evolve","Heavy Blade+1","Impervious","Exhume","Clothesline","Flame Barrier","Shrug It Off","Battle Trance","Inflame+1","Metallicize+1","Immolate","Battle Trance","Flame Barrier+1","Uppercut","Dark Shackles","Panacea","Armaments+1"],"special_seed":0,"relics":["Burning Blood","Juzu Bracelet","The Courier","Bronze Scales","Snecko Eye","Smiling Mask","Dream Catcher","Calipers","Frozen Egg 2","Mark of Pain","Orichalcum","Kunai","Bag of Preparation","Bottled Lightning","Potion Belt","Strawberry"],"potions_floor_usage":[51,51,51],"damage_taken":[{"damage":2.0,"enemies":"Cultist","floor":1.0,"turns":4.0},{"damage":11.0,"enemies":"Small Slimes","floor":2.0,"turns":4.0},{"damage":2.0,"enemies":"Jaw Worm","floor":3.0,"turns":4.0},{"damage":8.0,"enemies":"Exordium Thugs","floor":4.0,"turns":4.0},{"damage":11.0,"enemies":"Large Slime","floor":8.0,"turns":5.0},{"damage":46.0,"enemies":"3 Sentries","floor":11.0,"turns":8.0},{"damage":18.0,"enemies":"3 Louse","floor":14.0,"turns":3.0},{"damage":35.0,"enemies":"Slime Boss","floor":16.0,"turns":10.0},{"damage":17.0,"enemies":"Spheric Guardian","floor":18.0,"turns":4.0},{"damage":11.0,"enemies":"3 Byrds","floor":19.0,"turns":2.0},{"damage":28.0,"enemies":"Book of Stabbing","floor":24.0,"turns":5.0},{"damage":3.0,"enemies":"Snecko","floor":27.0,"turns":5.0},{"damage":8.0,"enemies":"Sentry and Sphere","floor":28.0,"turns":5.0},{"damage":6.0,"enemies":"Gremlin Leader","floor":29.0,"turns":6.0},{"damage":16.0,"enemies":"Champ","floor":33.0,"turns":12.0},{"damage":3.0,"enemies":"Orb Walker","floor":35.0,"turns":3.0},{"damage":12.0,"enemies":"3 Darklings","floor":39.0,"turns":4.0},{"damage":8.0,"enemies":"Reptomancer","floor":40.0,"turns":5.0},{"damage":30.0,"enemies":"Nemesis","floor":42.0,"turns":7.0},{"damage":86.0,"enemies":"Time Eater","floor":50.0,"turns":14.0},{"damage":35,"enemies":"Awakened One","floor":51,"turns":5}],"seed_played":"8768331610880138396","potions_obtained":[{"floor":1.0,"key":"Poison Potion"},{"floor":4.0,"key":"Dexterity Potion"},{"floor":14.0,"key":"SteroidPotion"},{"floor":18.0,"key":"Block Potion"},{"floor":24.0,"key":"GamblersBrew"},{"floor":27.0,"key":"Weak Potion"},{"floor":29.0,"key":"PowerPotion"},{"floor":35.0,"key":"LiquidBronze"},{"floor":42.0,"key":"Weak Potion"}],"is_trial":false,"path_per_floor":["M","M","M","M","$","R","?","M","T","?","E","R","?","M","R","B",null,"M","M","?","$","T","R","E","R","T","M","M","E","?","?","R","B",null,"M","?","?","$","M","E","R","E","T","$","?","?","$","?","R","B","B"],"character_chosen":"IRONCLAD","items_purchased":["Spot Weakness","Flame Barrier","Strength Potion","Strength Potion","Orichalcum","Kunai","Bag of Preparation","Bottled Lightning","Swift Potion","Regen Potion","Uppercut"],"campfire_rested":4,"item_purchase_floors":[5,21,38,38,38,38,38,38,44,44,47],"current_hp_per_floor":[79,74,78,76,76,76,76,71,71,71,31,31,31,19,43,14,65,54,49,49,49,49,49,27,51,51,54,52,52,68,44,70,60,80,83,83,83,83,77,75,75,58,58,58,77,77,77,67,94,29,0],"gold":313,"neow_bonus":"TEN_PERCENT_HP_BONUS","is_prod":false,"is_daily":false,"chose_seed":false,"campfire_upgraded":3,"win_rate":0,"timestamp":1554601062,"path_taken":["M","M","M","?","$","R","?","M","T","?","E","R","?","M","R","BOSS","M","M","?","$","?","R","E","R","T","M","M","E","?","?","R","BOSS","M","?","?","$","M","E","R","E","T","?","?","?","$","?","R","BOSS","BOSS"],"build_version":"2019-01-23","purchased_purges":4,"victory":false,"max_hp_per_floor":[82,82,82,82,82,82,82,82,82,82,82,82,82,82,82,82,82,82,82,82,82,82,82,82,82,82,82,82,82,82,87,87,87,87,87,87,87,87,87,87,87,94,94,94,94,94,94,94,94,94,94],"card_choices":[{"not_picked":["Power Through","Cleave"],"picked":"True Grit","floor":1.0},{"not_picked":["Twin Strike","Flex"],"picked":"Shockwave","floor":2.0},{"not_picked":["Infernal Blade","True Grit"],"picked":"Pommel Strike","floor":3.0},{"not_picked":["Thunderclap","Havoc","Dual Wield"],"picked":"SKIP","floor":4.0},{"not_picked":["Ghostly Armor","Power Through"],"picked":"Evolve","floor":8.0},{"not_picked":["Rage","Evolve"],"picked":"Heavy Blade","floor":11.0},{"not_picked":["Clothesline","Pummel"],"picked":"Impervious","floor":14.0},{"not_picked":["Brutality","Barricade"],"picked":"Exhume","floor":16.0},{"not_picked":["Ghostly Armor","Power Through","Sword Boomerang"],"picked":"SKIP","floor":18.0},{"not_picked":["Second Wind","Fire Breathing"],"picked":"Clothesline","floor":19.0},{"not_picked":["True Grit","Twin Strike"],"picked":"Shrug It Off","floor":24.0},{"not_picked":["Sword Boomerang","Seeing Red"],"picked":"Battle Trance","floor":25.0},{"not_picked":["Iron Wave","Anger","Hemokinesis"],"picked":"SKIP","floor":27.0},{"not_picked":["Flex","Anger+1","Iron Wave"],"picked":"SKIP","floor":28.0},{"not_picked":["Flex","Anger+1","Iron Wave"],"picked":"SKIP","floor":28.0},{"not_picked":["Immolate","Sentinel"],"picked":"Inflame+1","floor":29.0},{"not_picked":["Havoc","Spot Weakness"],"picked":"Metallicize+1","floor":32.0},{"not_picked":["Exhume","Bludgeon"],"picked":"Immolate","floor":33.0},{"not_picked":["Flex","Rupture+1","Sentinel"],"picked":"SKIP","floor":35.0},{"not_picked":["Rupture+1","Sword Boomerang+1"],"picked":"Battle Trance","floor":39.0},{"not_picked":["Flex","Warcry+1"],"picked":"Flame Barrier+1","floor":40.0},{"not_picked":["Iron Wave","True Grit","Body Slam"],"picked":"SKIP","floor":42.0},{"not_picked":["Purity","Swift Strike"],"picked":"Dark Shackles","floor":48.0},{"not_picked":["Dramatic Entrance","PanicButton"],"picked":"Panacea","floor":48.0},{"not_picked":["Fire Breathing+1","Searing Blow"],"picked":"Armaments+1","floor":49.0}],"player_experience":850234,"relics_obtained":[{"floor":9.0,"key":"Juzu Bracelet"},{"floor":11.0,"key":"The Courier"},{"floor":22.0,"key":"Smiling Mask"},{"floor":24.0,"key":"Dream Catcher"},{"floor":26.0,"key":"Calipers"},{"floor":29.0,"key":"Frozen Egg 2"},{"floor":40.0,"key":"Potion Belt"},{"floor":42.0,"key":"Strawberry"}],"event_choices":[{"damage_healed":0.0,"max_hp_gain":0.0,"max_hp_loss":0.0,"gold_gain":0.0,"event_name":"Upgrade Shrine","player_choice":"Upgraded","floor":7.0,"gold_loss":0.0,"damage_taken":0.0,"cards_upgraded":["Shockwave"]},{"cards_removed":["Strike_R"],"damage_healed":0.0,"max_hp_gain":0.0,"max_hp_loss":0.0,"gold_gain":0.0,"event_name":"The Cleric","player_choice":"Card Removal","floor":10.0,"gold_loss":75.0,"damage_taken":0.0},{"damage_healed":0.0,"max_hp_gain":0.0,"max_hp_loss":0.0,"gold_gain":0.0,"event_name":"WeMeetAgain","player_choice":"Paid Gold","floor":13.0,"gold_loss":59.0,"damage_taken":0.0,"relics_obtained":["Bronze Scales"]},{"damage_healed":0.0,"max_hp_gain":0.0,"max_hp_loss":0.0,"gold_gain":0.0,"cards_transformed":["Strike_R"],"event_name":"Transmorgrifier","player_choice":"Transformed","floor":20.0,"gold_loss":0.0,"damage_taken":0.0,"cards_obtained":["Wild Strike"]},{"damage_healed":16.0,"max_hp_gain":0.0,"max_hp_loss":0.0,"gold_gain":0.0,"event_name":"The Library","player_choice":"Heal","floor":30.0,"gold_loss":0.0,"damage_taken":0.0},{"damage_healed":0.0,"max_hp_gain":5.0,"max_hp_loss":0.0,"gold_gain":0.0,"event_name":"Forgotten Altar","player_choice":"Shed Blood","floor":31.0,"gold_loss":0.0,"damage_taken":29.0},{"damage_healed":0.0,"max_hp_gain":0.0,"max_hp_loss":0.0,"gold_gain":999.0,"event_name":"MindBloom","player_choice":"Gold","floor":36.0,"gold_loss":0.0,"damage_taken":0.0,"cards_obtained":["Normality","Normality"]},{"damage_healed":0.0,"max_hp_gain":0.0,"max_hp_loss":0.0,"gold_gain":0.0,"event_name":"Tomb of Lord Red Mask","player_choice":"Ignored","floor":37.0,"gold_loss":0.0,"damage_taken":0.0},{"damage_healed":19.0,"max_hp_gain":0.0,"max_hp_loss":0.0,"gold_gain":0.0,"event_name":"Winding Halls","player_choice":"Writhe","floor":45.0,"gold_loss":0.0,"damage_taken":0.0,"cards_obtained":["Writhe"]},{"cards_removed":["Wild Strike"],"damage_healed":0.0,"max_hp_gain":0.0,"max_hp_loss":0.0,"gold_gain":0.0,"event_name":"Falling","player_choice":"Removed Attack","floor":46.0,"gold_loss":0.0,"damage_taken":0.0},{"damage_healed":0.0,"max_hp_gain":0.0,"max_hp_loss":0.0,"gold_gain":0.0,"event_name":"SensoryStone","player_choice":"Memory 3","floor":48.0,"gold_loss":0.0,"damage_taken":10.0}],"is_beta":false,"boss_relics":[{"not_picked":["Empty Cage","Fusion Hammer"],"picked":"Snecko Eye"},{"not_picked":["Coffee Dripper","Runic Dome"],"picked":"Mark of Pain"}],"items_purged_floors":[5,38,44,47],"is_endless":false,"potions_floor_spawned":[1,4,14,18,24,27,29,35,42],"killed_by":"Awakened One","ascension_level":20}