{"gold_per_floor":[110,127,143,155,175,206,206,239,239,272,284,301,171,183,183,278,278,288,34,47,61,61,90,90,165,165,165,193,208,227,244,244,344,344,354,354,367,239,239,264,277,277,277,277,329,344,37,37,37,37,37,37,37,68,68],"floor_reached":55,"playtime":3656,"items_purged":["Writhe","Parasite"],"score":932,"play_id":"f76919d7-6bcb-4251-a60e-680a903cafdc","local_time":"20181123134848","is_ascension_mode":true,"campfire_choices":[{"floor":7,"key":"REST"},{"floor":15,"key":"RECALL"},{"data":"Forethought","floor":24,"key":"SMITH"},{"data":"Corruption","floor":27,"key":"SMITH"},{"data":"Juggernaut","floor":32,"key":"SMITH"},{"data":"Enlightenment","floor":42,"key":"SMITH"},{"data":"Feel No Pain","floor":44,"key":"SMITH"},{"floor":49,"key":"REST"},{"floor":52,"key":"REST"}],"neow_cost":"NONE","seed_source_timestamp":757590768561815,"circlet_count":0,"master_deck":["Strike_R+1","Strike_R+1","Strike_R+1","Strike_R+1","Strike_R+1","Defend_R+1","Defend_R+1","Defend_R+1","Defend_R+1","Bash+1","Forethought+1","Pommel Strike+1","Thunderclap+1","Perfected Strike+1","Offering+1","Battle Trance+1","Metallicize+1","Dropkick+1","Clash+1","Corruption+1","Feel No Pain+1","Shrug It Off+1","Perfected Strike+1","Shrug It Off+1","Dark Embrace+1","Metallicize+1","Burning Pact+1","Perfected Strike+1","Second Wind+1","Juggernaut+1","Fire Breathing+1","Disarm+1","Pommel Strike+1","Demon Form+1","Fire Breathing+1","Panache+1","Sadistic Nature+1","Enlightenment+1","Metallicize+1","Shrug It Off+1","Offering+1","Seeing Red+1","Body Slam+1","Metallicize+1","Shrug It Off+1","Finesse+1","Shrug It Off+1"],"relics":["Burning Blood","Shuriken","Charon\u0027s Ashes","Bird Faced Urn","Runic Pyramid","Mummified Hand","Pear","Question Card","Paper Frog","Letter Opener","Sozu","Boot","Bottled Tornado","Torii","Mark of the Bloom","Lantern"],"potions_floor_usage":[10,16,16,20,23,23,23,55],"damage_taken":[{"damage":1,"enemies":"Cultist","floor":1,"turns":4},{"damage":7,"enemies":"2 Louse","floor":2,"turns":2},{"damage":1,"enemies":"Jaw Worm","floor":3,"turns":4},{"damage":19,"enemies":"Lots of Slimes","floor":4,"turns":5},{"damage":6,"enemies":"2 Fungi Beasts","floor":5,"turns":2},{"damage":41,"enemies":"3 Sentries","floor":6,"turns":7},{"damage":23,"enemies":"Lagavulin","floor":8,"turns":6},{"damage":6,"enemies":"Gremlin Nob","floor":10,"turns":2},{"damage":13,"enemies":"Blue Slaver","floor":11,"turns":2},{"damage":6,"enemies":"Exordium Thugs","floor":12,"turns":3},{"damage":6,"enemies":"Large Slime","floor":14,"turns":3},{"damage":33,"enemies":"Hexaghost","floor":16,"turns":9},{"damage":19,"enemies":"3 Byrds","floor":18,"turns":4},{"damage":16,"enemies":"2 Thieves","floor":20,"turns":3},{"damage":14,"enemies":"Sentry and Sphere","floor":21,"turns":6},{"damage":13,"enemies":"Gremlin Leader","floor":23,"turns":3},{"damage":25,"enemies":"Slavers","floor":28,"turns":3},{"damage":12,"enemies":"Centurion and Healer","floor":29,"turns":4},{"damage":11,"enemies":"Snake Plant","floor":30,"turns":2},{"damage":8,"enemies":"Cultist and Chosen","floor":31,"turns":4},{"damage":6,"enemies":"Automaton","floor":33,"turns":6},{"damage":12,"enemies":"3 Darklings","floor":35,"turns":3},{"damage":15,"enemies":"3 Shapes","floor":37,"turns":3},{"damage":35,"enemies":"Reptomancer","floor":40,"turns":4},{"damage":6,"enemies":"Maw","floor":41,"turns":5},{"damage":12,"enemies":"2 Orb Walkers","floor":45,"turns":3},{"damage":23,"enemies":"Writhing Mass","floor":46,"turns":4},{"damage":1,"enemies":"Donu and Deca","floor":50,"turns":5},{"damage":55,"enemies":"Shield and Spear","floor":54,"turns":4},{"damage":36,"enemies":"The Heart","floor":55,"turns":2}],"seed_played":"-5819750724006121364","potions_obtained":[{"floor":2,"key":"SkillPotion"},{"floor":8,"key":"GamblersBrew"},{"floor":10,"key":"Explosive Potion"},{"floor":12,"key":"BloodPotion"},{"floor":14,"key":"Fire Potion"},{"floor":16,"key":"Strength Potion"},{"floor":18,"key":"Strength Potion"},{"floor":21,"key":"Weak Potion"},{"floor":30,"key":"FearPotion"},{"floor":33,"key":"SpeedPotion"}],"is_trial":false,"path_per_floor":["M","M","M","M","M","E","R","E","T","E","M","M","$","M","R","B",null,"M","$","M","M","?","E","R","?","T","R","E","M","M","M","R","B",null,"M","?","M","$","?","E","M","R","T","R","?","M","$","?","R","B",null,"R","$","E","B"],"character_chosen":"IRONCLAD","items_purchased":["Feel No Pain","Shrug It Off","Perfected Strike","Mummified Hand","Shrug It Off","Metallicize","Shrug It Off","Finesse"],"campfire_rested":3,"item_purchase_floors":[13,13,13,19,38,47,47,47],"current_hp_per_floor":[80,79,80,67,67,32,56,39,39,39,32,34,34,34,34,21,80,73,73,69,71,81,74,74,65,65,65,50,56,53,65,65,79,90,90,80,79,79,79,68,90,90,90,90,90,87,87,87,87,86,86,86,86,31,0],"gold":68,"neow_bonus":"RANDOM_COLORLESS","is_prod":false,"is_daily":false,"chose_seed":false,"campfire_upgraded":5,"win_rate":0,"timestamp":1542998928,"path_taken":["M","M","M","M","M","E","R","E","T","E","M","M","$","M","R","BOSS","M","$","M","?","?","E","R","?","T","R","E","M","?","M","R","BOSS","M","?","M","$","?","E","?","R","T","R","?","M","$","?","R","BOSS","R","$","E","BOSS"],"build_version":"2018-11-15","purchased_purges":2,"victory":false,"max_hp_per_floor":[80,80,80,80,80,80,80,80,80,80,80,80,80,80,80,80,80,80,80,80,80,90,90,90,90,90,90,90,90,90,90,90,90,90,90,90,90,90,90,90,90,90,90,90,90,90,87,87,87,87,87,87,87,87,87],"card_choices":[{"not_picked":["Headbutt","Wild Strike"],"picked":"Pommel Strike","floor":1},{"not_picked":["True Grit","Dual Wield"],"picked":"Thunderclap","floor":2},{"not_picked":["Twin Strike","Headbutt"],"picked":"Perfected Strike","floor":3},{"not_picked":["Anger","Thunderclap"],"picked":"Offering","floor":4},{"not_picked":["Sword Boomerang","Spot Weakness"],"picked":"Battle Trance","floor":5},{"not_picked":["Warcry","Sword Boomerang"],"picked":"Metallicize","floor":6},{"not_picked":["Wild Strike","Iron Wave"],"picked":"Dropkick","floor":8},{"not_picked":["Wild Strike","Sever Soul","Iron Wave"],"picked":"SKIP","floor":10},{"not_picked":["Hemokinesis","Wild Strike"],"picked":"Clash","floor":11},{"not_picked":["Dark Embrace","Clash"],"picked":"Corruption","floor":12},{"not_picked":["Iron Wave","Sword Boomerang"],"picked":"Shrug It Off","floor":14},{"not_picked":["Double Tap","Limit Break"],"picked":"Dark Embrace","floor":16},{"not_picked":["Dropkick","Disarm"],"picked":"Metallicize","floor":18},{"not_picked":["Iron Wave","Clash"],"picked":"Burning Pact","floor":20},{"not_picked":["Iron Wave","Bloodletting"],"picked":"Perfected Strike+1","floor":21},{"not_picked":["Fire Breathing","Anger"],"picked":"Second Wind","floor":23},{"not_picked":["Uppercut","Warcry","Whirlwind"],"picked":"Juggernaut","floor":28},{"not_picked":["Warcry","Twin Strike","Sever Soul+1"],"picked":"Fire Breathing+1","floor":29},{"not_picked":["Thunderclap","Clothesline+1","Headbutt"],"picked":"Disarm+1","floor":30},{"not_picked":["Spot Weakness","Battle Trance","Perfected Strike"],"picked":"Pommel Strike","floor":31},{"not_picked":["Impervious","Reaper","Juggernaut"],"picked":"Demon Form","floor":33},{"not_picked":["Headbutt","Armaments+1","Heavy Blade+1"],"picked":"Fire Breathing+1","floor":35},{"not_picked":["PanicButton","Secret Technique","Swift Strike"],"picked":"Panache","floor":36},{"not_picked":["Dramatic Entrance","Blind","HandOfGreed"],"picked":"Sadistic Nature","floor":36},{"not_picked":["Transmutation","Thinking Ahead","Secret Weapon"],"picked":"Enlightenment","floor":36},{"not_picked":["Clothesline","Heavy Blade+1","Pommel Strike"],"picked":"Metallicize+1","floor":37},{"not_picked":["Thunderclap","Disarm","Double Tap","Clothesline+1"],"picked":"SKIP","floor":40},{"not_picked":["True Grit","Sword Boomerang+1","Carnage+1"],"picked":"Seeing Red","floor":41},{"not_picked":["Flex+1","Warcry+1","Thunderclap+1"],"picked":"Body Slam+1","floor":46},{"not_picked":["Second Wind+1","Limit Break","Anger+1"],"picked":"Shrug It Off+1","floor":54}],"player_experience":29133,"relics_obtained":[{"floor":6,"key":"Shuriken"},{"floor":8,"key":"Charon\u0027s Ashes"},{"floor":10,"key":"Bird Faced Urn"},{"floor":23,"key":"Question Card"},{"floor":26,"key":"Paper Frog"},{"floor":28,"key":"Letter Opener"},{"floor":40,"key":"Boot"},{"floor":43,"key":"Bottled Tornado"},{"floor":45,"key":"Torii"},{"floor":54,"key":"Lantern"}],"event_choices":[{"damage_healed":0,"gold_gain":0,"player_choice":"Opened","damage_taken":0,"relics_obtained":["Pear"],"max_hp_gain":0,"max_hp_loss":0,"event_name":"The Mausoleum","floor":22,"gold_loss":0,"cards_obtained":["Writhe"]},{"damage_healed":0,"gold_gain":75,"player_choice":"Touch","damage_taken":9,"max_hp_gain":0,"max_hp_loss":0,"event_name":"FaceTrader","floor":25,"gold_loss":0},{"damage_healed":0,"gold_gain":0,"player_choice":"Memory 3","damage_taken":10,"max_hp_gain":0,"max_hp_loss":0,"event_name":"SensoryStone","floor":36,"gold_loss":0},{"damage_healed":0,"gold_gain":0,"player_choice":"Copied","damage_taken":0,"max_hp_gain":0,"max_hp_loss":0,"event_name":"Duplicator","floor":39,"gold_loss":0,"cards_obtained":["Offering"]},{"damage_healed":0,"gold_gain":0,"player_choice":"Fight","damage_taken":0,"max_hp_gain":0,"max_hp_loss":0,"event_name":"Mysterious Sphere","floor":45,"gold_loss":0},{"damage_healed":0,"gold_gain":0,"player_choice":"Upgrade","damage_taken":0,"relics_obtained":["Mark of the Bloom"],"max_hp_gain":0,"max_hp_loss":0,"event_name":"MindBloom","floor":48,"gold_loss":0,"cards_upgraded":["Strike_R","Strike_R","Strike_R","Strike_R","Strike_R","Defend_R","Defend_R","Defend_R","Defend_R","Bash","Pommel Strike","Thunderclap","Perfected Strike","Offering","Battle Trance","Metallicize","Dropkick","Clash","Shrug It Off","Perfected Strike","Shrug It Off","Dark Embrace","Metallicize","Burning Pact","Second Wind","Pommel Strike","Demon Form","Panache","Sadistic Nature","Shrug It Off","Offering","Seeing Red","Metallicize","Shrug It Off","Finesse"]}],"is_beta":false,"boss_relics":[{"not_picked":["Snecko Eye","Black Blood"],"picked":"Runic Pyramid"},{"not_picked":["Runic Cube","Astrolabe"],"picked":"Sozu"}],"items_purged_floors":[38,47],"is_endless":false,"potions_floor_spawned":[2,8,10,12,14,16,18,21,30,33,37,40,41,46,54],"killed_by":"The Heart","ascension_level":1}