{"gold_per_floor":[15,34,34,34,48,48,61,61,61,86,104,124,137,137,137,210,210,223,15,32,45,45,45,78,98,122,139,139,165,265,216,216,216],"floor_reached":33,"playtime":4018,"items_purged":[],"score":477,"play_id":"06eaa246-f18d-4f22-b0f7-37c2199d7d71","local_time":"20190511234333","is_ascension_mode":true,"campfire_choices":[{"data":"Blade Dance","floor":6.0,"key":"SMITH"},{"data":"Neutralize","floor":8.0,"key":"SMITH"},{"data":"Dash","floor":15.0,"key":"SMITH"},{"data":"Apotheosis","floor":23.0,"key":"SMITH"},{"data":"Backstab","floor":28,"key":"SMITH"},{"floor":32,"key":"REST"}],"neow_cost":"NO_GOLD","seed_source_timestamp":592198134525477,"circlet_count":0,"master_deck":["AscendersBane","Defend_G","Defend_G","Defend_G","Defend_G","Defend_G+1","Strike_G","Strike_G","Survivor","Neutralize+1","Blade Dance+1","Blade Dance+1","Backflip","Escape Plan","Dash+1","Dash","After Image","Blur","Apotheosis+1","Infinite Blades","Backstab+1","Backstab+1","Crippling Poison","Blur+1","Well Laid Plans","Escape Plan"],"special_seed":0,"relics":["Ring of the Snake","Gambling Chip","Nunchaku","White Beast Statue","Bronze Scales","Juzu Bracelet","Boot"],"potions_floor_usage":[25,29,29,33,33],"damage_taken":[{"damage":5.0,"enemies":"Jaw Worm","floor":1.0,"turns":8.0},{"damage":0.0,"enemies":"Cultist","floor":2.0,"turns":4.0},{"damage":4.0,"enemies":"2 Louse","floor":5.0,"turns":3.0},{"damage":0.0,"enemies":"Large Slime","floor":7.0,"turns":5.0},{"damage":4.0,"enemies":"Gremlin Nob","floor":10.0,"turns":4.0},{"damage":0.0,"enemies":"Looter","floor":11.0,"turns":3.0},{"damage":1.0,"enemies":"Exordium Thugs","floor":12.0,"turns":6.0},{"damage":0.0,"enemies":"3 Louse","floor":13.0,"turns":3.0},{"damage":14.0,"enemies":"The Guardian","floor":16.0,"turns":16.0},{"damage":0.0,"enemies":"Chosen","floor":18.0,"turns":5.0},{"damage":0.0,"enemies":"3 Byrds","floor":20.0,"turns":8.0},{"damage":20.0,"enemies":"Sentry and Sphere","floor":21.0,"turns":7.0},{"damage":9.0,"enemies":"Book of Stabbing","floor":24.0,"turns":9.0},{"damage":3,"enemies":"Snake Plant","floor":25,"turns":5},{"damage":0,"enemies":"3 Cultists","floor":27,"turns":7},{"damage":21,"enemies":"Slavers","floor":29,"turns":6},{"damage":26,"enemies":"Champ","floor":33,"turns":16}],"seed_played":"5224221209893002275","potions_obtained":[{"floor":5.0,"key":"Weak Potion"},{"floor":7.0,"key":"GhostInAJar"},{"floor":10.0,"key":"AttackPotion"},{"floor":12.0,"key":"Energy Potion"},{"floor":16.0,"key":"Weak Potion"},{"floor":18.0,"key":"EssenceOfSteel"},{"floor":20.0,"key":"Swift Potion"},{"floor":21.0,"key":"GhostInAJar"},{"floor":24.0,"key":"AttackPotion"},{"floor":25,"key":"Swift Potion"},{"floor":27,"key":"LiquidBronze"},{"floor":29,"key":"Block Potion"}],"is_trial":false,"path_per_floor":["M","M","?","?","M","R","M","R","T","E","M","M","M","?","R","B",null,"M","$","M","M","?","R","E","M","T","M","R","E","?","$","R","B"],"character_chosen":"THE_SILENT","items_purchased":["Apotheosis","Infinite Blades","SpeedPotion"],"campfire_rested":1,"item_purchase_floors":[19,19,31],"current_hp_per_floor":[58,58,44,44,40,40,40,40,40,36,36,35,35,35,35,21,58,58,58,58,38,38,38,29,26,26,26,26,5,5,5,26,0],"gold":216,"neow_bonus":"REMOVE_TWO","is_prod":false,"is_daily":false,"chose_seed":false,"campfire_upgraded":5,"win_rate":0,"timestamp":1557636213,"path_taken":["M","M","?","?","?","R","M","R","T","E","M","M","M","?","R","BOSS","M","$","M","M","?","R","E","M","T","M","R","E","?","$","R","BOSS"],"build_version":"2019-01-23","purchased_purges":0,"victory":false,"max_hp_per_floor":[70,70,70,70,70,70,70,70,70,70,70,70,70,70,70,70,70,70,70,70,70,70,70,70,70,70,70,70,70,70,70,70,70],"card_choices":[{"not_picked":["Bane","Tactician"],"picked":"Blade Dance","floor":1.0},{"not_picked":["Poisoned Stab","Underhanded Strike"],"picked":"Blade Dance","floor":2.0},{"not_picked":["Riddle With Holes","Deflect"],"picked":"Backflip","floor":5.0},{"not_picked":["Sucker Punch","Acrobatics","Deflect"],"picked":"SKIP","floor":7.0},{"not_picked":["Sucker Punch","Acrobatics","Deflect"],"picked":"SKIP","floor":7.0},{"not_picked":["Poisoned Stab","Backflip"],"picked":"Escape Plan","floor":10.0},{"not_picked":["Dagger Spray","Slice"],"picked":"Dash","floor":11.0},{"not_picked":["Storm of Steel","Dagger Throw"],"picked":"Dash","floor":12.0},{"not_picked":["Bane","Quick Slash","Poisoned Stab"],"picked":"SKIP","floor":13.0},{"not_picked":["Envenom","A Thousand Cuts"],"picked":"After Image","floor":16.0},{"not_picked":["Deflect","Eviscerate"],"picked":"Blur","floor":18.0},{"not_picked":["Underhanded Strike","Poisoned Stab"],"picked":"Backstab+1","floor":20.0},{"not_picked":["Blur","Dodge and Roll"],"picked":"Backstab","floor":21.0},{"not_picked":["Choke","All Out Attack"],"picked":"Crippling Poison","floor":24.0},{"not_picked":["Calculated Gamble","Flying Knee+1"],"picked":"Blur+1","floor":25},{"not_picked":["Noxious Fumes","Slice"],"picked":"Well Laid Plans","floor":27},{"not_picked":["Bouncing Flask","Tactician"],"picked":"Escape Plan","floor":29}],"player_experience":427266,"relics_obtained":[{"floor":9.0,"key":"Gambling Chip"},{"floor":10.0,"key":"Nunchaku"},{"floor":24.0,"key":"Bronze Scales"},{"floor":26,"key":"Juzu Bracelet"},{"floor":29,"key":"Boot"}],"event_choices":[{"damage_healed":0.0,"max_hp_gain":0.0,"max_hp_loss":0.0,"gold_gain":0.0,"event_name":"Shining Light","player_choice":"Entered Light","floor":3.0,"gold_loss":0.0,"damage_taken":14.0,"cards_upgraded":["Blade Dance","Defend_G"]},{"cards_removed":["Strike_G"],"damage_healed":0.0,"max_hp_gain":0.0,"max_hp_loss":0.0,"gold_gain":0.0,"event_name":"Purifier","player_choice":"Purged","floor":4.0,"gold_loss":0.0,"damage_taken":0.0},{"damage_healed":0.0,"max_hp_gain":0.0,"max_hp_loss":0.0,"gold_gain":0.0,"event_name":"Scrap Ooze","player_choice":"Fled","floor":14.0,"gold_loss":0.0,"damage_taken":0.0},{"damage_healed":0.0,"max_hp_gain":0.0,"max_hp_loss":0.0,"gold_gain":0.0,"event_name":"The Mausoleum","player_choice":"Ignored","floor":22.0,"gold_loss":0.0,"damage_taken":0.0},{"damage_healed":0,"gold_gain":100,"player_choice":"Pray","damage_taken":0,"max_hp_gain":0,"max_hp_loss":0,"event_name":"Golden Shrine","floor":30,"gold_loss":0}],"is_beta":false,"boss_relics":[{"not_picked":["Black Star","Calling Bell"],"picked":"White Beast Statue"}],"items_purged_floors":[],"is_endless":false,"potions_floor_spawned":[5,7,10,12,16,18,20,21,24,25,27,29],"killed_by":"Champ","ascension_level":13}