{"gold_per_floor":[119,119,119,18,33,33,47,63,86,86,86,111,111,111,111,230,230,255,170,183,4,4,4,37,37,89,113,126,151,230,251,251,375,375,395,415,415,94,118,118,143,162,162,162,162,186,201,201,201,201],"floor_reached":51,"playtime":3549,"items_purged":["Strike_B","Strike_B"],"score":636,"play_id":"827a2cb1-262d-48a5-a9a8-66ba46ef7ddc","local_time":"20180930163344","is_ascension_mode":false,"campfire_choices":[{"data":"Sweeping Beam","floor":6,"key":"SMITH"},{"data":"Steam","floor":10,"key":"SMITH"},{"data":"Turbo","floor":13,"key":"SMITH"},{"data":"Ball Lightning","floor":15,"key":"SMITH"},{"data":"Electrodynamics","floor":23,"key":"SMITH"},{"data":"Steam","floor":32,"key":"SMITH"},{"floor":40,"key":"REST"},{"floor":45,"key":"REST"},{"floor":49,"key":"REST"}],"neow_cost":"NONE","seed_source_timestamp":72143685601584,"circlet_count":0,"master_deck":["Defend_B","Defend_B","Defend_B","Defend_B","Dualcast","Cold Snap","Ball Lightning+1","Sweeping Beam+1","Ball Lightning+1","Steam+1","Turbo+1","Electrodynamics+1","Beam Cell+1","Undo+1","Melter","Steam+1","Chill+1","Hello World+1","Loop","Steam+1","Go for the Eyes+1","Machine Learning","Defragment+1","Reinforced Body","Barrage+1","Static Discharge","Defragment+1","Streamline+1","Leap+1","Conserve Battery"],"relics":["Cracked Core","Golden Idol","Anchor","Inserter","Omamori","Art of War","Happy Flower","Bottled Lightning","Orrery","Bottled Flame","Matryoshka"],"potions_floor_usage":[33,33,50],"damage_taken":[{"damage":8,"enemies":"Jaw Worm","floor":1,"turns":3},{"damage":0,"enemies":"Small Slimes","floor":5,"turns":2},{"damage":0,"enemies":"2 Louse","floor":7,"turns":1},{"damage":9,"enemies":"Large Slime","floor":8,"turns":4},{"damage":0,"enemies":"Looter","floor":12,"turns":2},{"damage":19,"enemies":"The Guardian","floor":16,"turns":12},{"damage":0,"enemies":"3 Byrds","floor":18,"turns":3},{"damage":0,"enemies":"Chosen","floor":20,"turns":3},{"damage":6,"enemies":"Slavers","floor":24,"turns":3},{"damage":18,"enemies":"Snake Plant","floor":27,"turns":5},{"damage":4,"enemies":"Centurion and Healer","floor":28,"turns":3},{"damage":5,"enemies":"Snecko","floor":29,"turns":6},{"damage":0,"enemies":"Sentry and Sphere","floor":31,"turns":3},{"damage":28,"enemies":"Champ","floor":33,"turns":16},{"damage":5,"enemies":"3 Shapes","floor":35,"turns":5},{"damage":2,"enemies":"Orb Walker","floor":36,"turns":3},{"damage":64,"enemies":"4 Shapes","floor":39,"turns":7},{"damage":6,"enemies":"Sphere and 2 Shapes","floor":41,"turns":3},{"damage":0,"enemies":"3 Darklings","floor":42,"turns":4},{"damage":15,"enemies":"Maw","floor":46,"turns":7},{"damage":0,"enemies":"Sphere and 2 Shapes","floor":47,"turns":5},{"damage":27,"enemies":"Time Eater","floor":50,"turns":14}],"seed_played":"612088574943450164","potions_obtained":[{"floor":7,"key":"FearPotion"},{"floor":8,"key":"GamblersBrew"},{"floor":16,"key":"Block Potion"},{"floor":18,"key":"Block Potion"},{"floor":33,"key":"FocusPotion"},{"floor":35,"key":"FairyPotion"},{"floor":39,"key":"Block Potion"}],"is_trial":false,"path_per_floor":["M","?","?","$","M","R","M","M","T","R","?","M","R","?","R","B",null,"M","?","M","$","?","R","E","?","T","M","M","M","T","M","R","B",null,"M","M","?","$","M","R","M","M","T","?","R","M","M","?","R","B"],"character_chosen":"DEFECT","items_purchased":["Ball Lightning","Melter","Bottled Flame","Static Discharge"],"campfire_rested":3,"item_purchase_floors":[4,21,38,38],"current_hp_per_floor":[67,67,49,49,49,49,49,40,40,40,65,65,65,65,65,46,75,75,75,75,75,75,75,69,69,69,51,47,42,42,42,42,14,75,70,68,68,68,4,26,20,20,20,20,42,27,27,27,49,22],"gold":201,"neow_bonus":"REMOVE_CARD","is_prod":false,"is_daily":false,"chose_seed":false,"campfire_upgraded":6,"win_rate":0.0,"timestamp":1538318024,"path_taken":["M","?","?","$","M","R","M","?","T","R","?","M","R","?","R","BOSS","M","?","M","$","?","R","E","?","T","M","M","M","?","?","R","BOSS","M","M","?","$","M","R","M","M","T","?","R","M","?","?","R","BOSS"],"build_version":"2018-09-27","purchased_purges":2,"victory":true,"max_hp_per_floor":[75,75,75,75,75,75,75,75,75,75,75,75,75,75,75,75,75,75,75,75,75,75,75,75,75,75,75,75,75,75,75,75,75,75,75,75,75,75,75,75,75,75,75,75,75,75,75,75,75,75],"card_choices":[{"not_picked":["Hologram","Auto Shields"],"picked":"Cold Snap","floor":1},{"not_picked":["Sunder","Compile Driver"],"picked":"Sweeping Beam","floor":5},{"not_picked":["Coolheaded","Doom and Gloom"],"picked":"Ball Lightning","floor":7},{"not_picked":["Turbo","Doom and Gloom"],"picked":"Steam","floor":8},{"not_picked":["Sweeping Beam","Aggregate"],"picked":"Turbo","floor":12},{"not_picked":["All For One","Amplify"],"picked":"Electrodynamics","floor":16},{"not_picked":["Reinforced Body","Turbo"],"picked":"Beam Cell+1","floor":18},{"not_picked":["Beam Cell+1","Go for the Eyes"],"picked":"Undo+1","floor":20},{"not_picked":["Auto Shields","Coolheaded"],"picked":"Chill+1","floor":24},{"not_picked":["Reprogram","Chaos"],"picked":"Hello World+1","floor":27},{"not_picked":["Sweeping Beam","Hologram"],"picked":"Loop","floor":28},{"not_picked":["Barrage+1","Reinforced Body"],"picked":"Steam","floor":29},{"not_picked":["FTL","Doom and Gloom"],"picked":"Go for the Eyes+1","floor":31},{"not_picked":["All For One","Electrodynamics"],"picked":"Machine Learning","floor":33},{"not_picked":["White Noise+1","Redo"],"picked":"Defragment+1","floor":34},{"not_picked":["Turbo+1","Compile Driver"],"picked":"Reinforced Body","floor":34},{"not_picked":["Undo+1","Chill+1","Compile Driver"],"picked":"SKIP","floor":35},{"not_picked":["Rebound+1","Auto Shields+1"],"picked":"Barrage+1","floor":36},{"not_picked":["Lockon","Echo Form"],"picked":"Defragment+1","floor":39},{"not_picked":["Redo","Gash+1"],"picked":"Streamline+1","floor":41},{"not_picked":["Barrage+1","Hologram"],"picked":"Leap+1","floor":42},{"not_picked":["Static Discharge","Heatsinks+1"],"picked":"Conserve Battery","floor":46},{"not_picked":["Beam Cell+1","Hologram+1","Barrage+1"],"picked":"SKIP","floor":47}],"player_experience":94774,"relics_obtained":[{"floor":9,"key":"Anchor"},{"floor":24,"key":"Art of War"},{"floor":26,"key":"Happy Flower"},{"floor":30,"key":"Bottled Lightning"},{"floor":43,"key":"Matryoshka"}],"event_choices":[{"event_name":"Living Wall","player_choice":"Forget","floor":2,"damage_taken":0},{"event_name":"Golden Idol","player_choice":"Take Damage","floor":3,"damage_taken":0},{"event_name":"Big Fish","player_choice":"Banana","floor":11,"damage_taken":0},{"event_name":"Accursed Blacksmith","player_choice":"Forge","floor":14,"damage_taken":0},{"event_name":"Addict","player_choice":"Obtained Relic","floor":19,"damage_taken":0},{"event_name":"Duplicator","player_choice":"One dupe","floor":22,"damage_taken":0},{"event_name":"Bonfire Elementals","player_choice":"BASIC","floor":25,"damage_taken":0},{"event_name":"SensoryStone","player_choice":"Memory 1","floor":37,"damage_taken":0},{"event_name":"Mysterious Sphere","player_choice":"Ignore","floor":44,"damage_taken":0},{"event_name":"SecretPortal","player_choice":"Rejected Portal.","floor":48,"damage_taken":0}],"is_beta":false,"boss_relics":[{"not_picked":["Runic Pyramid","Tiny House"],"picked":"Inserter"},{"not_picked":["Pandora\u0027s Box","Philosopher\u0027s Stone"],"picked":"Orrery"}],"items_purged_floors":[4,21],"is_endless":false,"potions_floor_spawned":[7,8,16,18,24,29,33,35,39,47],"ascension_level":0}