{"gold_per_floor":[111,111,91,110,128,128,147,167,223,249,284,284,310,325,325,325],"floor_reached":16,"playtime":1008,"items_purged":[],"score":224,"play_id":"af543604-36b9-40ba-9ee1-d6c7935fd680","local_time":"20190424155640","is_ascension_mode":true,"campfire_choices":[{"data":"Disarm","floor":6.0,"key":"SMITH"},{"floor":12.0,"key":"REST"},{"data":"Armaments","floor":15.0,"key":"SMITH"}],"neow_cost":"NONE","seed_source_timestamp":321867174421900,"circlet_count":0,"master_deck":["AscendersBane","Strike_R+1","Strike_R","Strike_R+1","Strike_R","Defend_R","Defend_R","Defend_R","Defend_R","Bash","Spot Weakness","Ghostly Armor","Disarm+1","Cleave","Battle Trance","Armaments+1","Shrug It Off","Seeing Red"],"special_seed":0,"relics":["Burning Blood","Tiny Chest","Odd Mushroom","Bag of Marbles","PreservedInsect"],"potions_floor_usage":[16],"damage_taken":[{"damage":12.0,"enemies":"2 Louse","floor":1.0,"turns":3.0},{"damage":6.0,"enemies":"Cultist","floor":4.0,"turns":3.0},{"damage":5.0,"enemies":"Small Slimes","floor":5.0,"turns":4.0},{"damage":0.0,"enemies":"Blue Slaver","floor":7.0,"turns":6.0},{"damage":8.0,"enemies":"3 Louse","floor":8.0,"turns":3.0},{"damage":10.0,"enemies":"The Mushroom Lair","floor":10.0,"turns":4.0},{"damage":25.0,"enemies":"3 Sentries","floor":11.0,"turns":9.0},{"damage":13.0,"enemies":"Lagavulin","floor":13.0,"turns":5.0},{"damage":0.0,"enemies":"2 Fungi Beasts","floor":14.0,"turns":4.0},{"damage":47,"enemies":"Slime Boss","floor":16,"turns":10}],"seed_played":"3304027232204543733","potions_obtained":[{"floor":3.0,"key":"EssenceOfSteel"},{"floor":7.0,"key":"SteroidPotion"},{"floor":13.0,"key":"Swift Potion"}],"is_trial":false,"path_per_floor":["M","?","?","M","M","R","M","M","T","?","E","R","E","M","R","B"],"character_chosen":"IRONCLAD","items_purchased":[],"campfire_rested":1,"item_purchase_floors":[],"current_hp_per_floor":[62,39,39,39,40,40,46,44,44,40,21,43,36,42,42,0],"gold":325,"neow_bonus":"REMOVE_CARD","is_prod":false,"is_daily":false,"chose_seed":false,"campfire_upgraded":2,"win_rate":0,"timestamp":1556114200,"path_taken":["M","?","?","M","M","R","?","M","T","?","E","R","E","M","R","BOSS"],"build_version":"2019-01-23","purchased_purges":0,"victory":false,"max_hp_per_floor":[75,75,75,75,75,75,75,75,75,75,75,75,75,75,75,75],"card_choices":[{"not_picked":["Warcry","Sword Boomerang"],"picked":"Spot Weakness","floor":1.0},{"not_picked":["Iron Wave","Second Wind"],"picked":"Ghostly Armor","floor":4.0},{"not_picked":["Combust","Dropkick"],"picked":"Disarm","floor":5.0},{"not_picked":["Seeing Red","Flex"],"picked":"Cleave","floor":7.0},{"not_picked":["Spot Weakness","Rampage"],"picked":"Battle Trance","floor":8.0},{"not_picked":["Wild Strike","Warcry"],"picked":"Armaments","floor":10.0},{"not_picked":["Flex","Iron Wave"],"picked":"Shrug It Off","floor":11.0},{"not_picked":["Rupture","Wild Strike","Fire Breathing"],"picked":"SKIP","floor":13.0},{"not_picked":["Sentinel","Dual Wield"],"picked":"Seeing Red","floor":14.0}],"player_experience":595162,"relics_obtained":[{"floor":9.0,"key":"Tiny Chest"},{"floor":10.0,"key":"Odd Mushroom"},{"floor":11.0,"key":"Bag of Marbles"},{"floor":13.0,"key":"PreservedInsect"}],"event_choices":[{"damage_healed":0.0,"max_hp_gain":0.0,"max_hp_loss":0.0,"gold_gain":0.0,"event_name":"Shining Light","player_choice":"Entered Light","floor":2.0,"gold_loss":0.0,"damage_taken":23.0,"cards_upgraded":["Strike_R","Strike_R"]},{"damage_healed":0.0,"max_hp_gain":0.0,"max_hp_loss":0.0,"gold_gain":0.0,"event_name":"The Woman in Blue","player_choice":"Bought 1 Potion","floor":3.0,"gold_loss":0.0,"damage_taken":0.0},{"damage_healed":0.0,"max_hp_gain":0.0,"max_hp_loss":0.0,"gold_gain":0.0,"event_name":"Mushrooms","player_choice":"Fought Mushrooms","floor":10.0,"gold_loss":0.0,"damage_taken":0.0}],"is_beta":false,"boss_relics":[],"items_purged_floors":[],"is_endless":false,"potions_floor_spawned":[7,11,13],"killed_by":"Slime Boss","ascension_level":20}