{"gold_per_floor":[112,128,51,51,15,46,46,73,100,113,128,160,179,198,198,298,298,311,330,330],"floor_reached":20,"playtime":1522,"items_purged":[],"score":420,"play_id":"d1fb8aef-6518-4707-8ee5-703afbf5db66","local_time":"20190424122217","is_ascension_mode":true,"campfire_choices":[{"data":"Noxious Fumes","floor":15,"key":"SMITH"}],"neow_cost":"NONE","seed_source_timestamp":47107157536750,"circlet_count":0,"master_deck":["AscendersBane","Defend_G+1","Defend_G+1","Defend_G","Defend_G","Defend_G","Strike_G","Strike_G","Strike_G","Survivor","Neutralize","Poisoned Stab","Noxious Fumes","Caltrops","Dash","Noxious Fumes+1","Dodge and Roll","Well Laid Plans","Footwork","Deflect","Calculated Gamble+1"],"relics":["Ring of the Snake","NeowsBlessing","War Paint","Strawberry","Happy Flower","Anchor","Sozu"],"potions_floor_usage":[12,12],"damage_taken":[{"damage":0,"enemies":"Jaw Worm","floor":1,"turns":1},{"damage":0,"enemies":"Small Slimes","floor":2,"turns":1},{"damage":0,"enemies":"Gremlin Nob","floor":6,"turns":1},{"damage":14,"enemies":"3 Sentries","floor":8,"turns":8},{"damage":0,"enemies":"Cultist","floor":10,"turns":4},{"damage":7,"enemies":"Looter","floor":11,"turns":4},{"damage":13,"enemies":"Gremlin Nob","floor":12,"turns":5},{"damage":0,"enemies":"Large Slime","floor":13,"turns":7},{"damage":0,"enemies":"3 Louse","floor":14,"turns":3},{"damage":0,"enemies":"Hexaghost","floor":16,"turns":9},{"damage":16,"enemies":"3 Byrds","floor":18,"turns":5},{"damage":22,"enemies":"2 Thieves","floor":19,"turns":5},{"damage":28,"enemies":"Cultist and Chosen","floor":20,"turns":5}],"seed_played":"-7083271660003074089","potions_obtained":[{"floor":2,"key":"SpeedPotion"},{"floor":6,"key":"Poison Potion"},{"floor":12,"key":"SneckoOil"}],"is_trial":false,"path_per_floor":["M","M","$","?","$","E","?","E","T","M","M","E","M","M","R","B",null,"M","M","M"],"character_chosen":"THE_SILENT","items_purchased":["Noxious Fumes","Caltrops"],"campfire_rested":0,"item_purchase_floors":[3,5],"current_hp_per_floor":[63,63,63,56,56,56,56,49,49,49,42,29,29,29,29,29,65,49,27,0],"gold":330,"neow_bonus":"THREE_ENEMY_KILL","is_prod":false,"is_daily":false,"chose_seed":false,"campfire_upgraded":1,"win_rate":0,"timestamp":1556101337,"path_taken":["M","M","$","?","$","E","?","E","T","M","M","E","?","M","R","BOSS","M","M","M"],"build_version":"2019-01-23","purchased_purges":0,"victory":false,"max_hp_per_floor":[70,70,70,70,70,70,70,77,77,77,77,77,77,77,77,77,77,77,77,77],"card_choices":[{"not_picked":["Acrobatics","Endless Agony"],"picked":"Poisoned Stab","floor":1},{"not_picked":["Reflex","Prepared","Outmaneuver"],"picked":"SKIP","floor":2},{"not_picked":["Infinite Blades","Poisoned Stab","Choke"],"picked":"SKIP","floor":6},{"not_picked":["Sucker Punch","Masterful Stab"],"picked":"Noxious Fumes","floor":8},{"not_picked":["Calculated Gamble","Dagger Spray"],"picked":"Dodge and Roll","floor":10},{"not_picked":["Poisoned Stab","All Out Attack"],"picked":"Well Laid Plans","floor":11},{"not_picked":["PiercingWail","Corpse Explosion"],"picked":"Footwork","floor":12},{"not_picked":["Endless Agony","Backflip"],"picked":"Deflect","floor":13},{"not_picked":["Deadly Poison","Poisoned Stab","Finisher"],"picked":"SKIP","floor":14},{"not_picked":["Blade Dance","Reflex"],"picked":"Calculated Gamble+1","floor":18},{"not_picked":["Finisher","Sucker Punch","Noxious Fumes"],"picked":"SKIP","floor":19}],"player_experience":475201,"relics_obtained":[{"floor":6,"key":"War Paint"},{"floor":8,"key":"Strawberry"},{"floor":9,"key":"Happy Flower"},{"floor":12,"key":"Anchor"}],"event_choices":[{"cards_removed":["Strike_G"],"damage_healed":0,"gold_gain":0,"player_choice":"Card Removal","damage_taken":7,"max_hp_gain":0,"max_hp_loss":0,"event_name":"Golden Wing","floor":4,"gold_loss":0},{"damage_healed":0,"gold_gain":0,"cards_transformed":["Strike_G"],"player_choice":"Transformed","damage_taken":0,"max_hp_gain":0,"max_hp_loss":0,"event_name":"Transmorgrifier","floor":7,"gold_loss":0,"cards_obtained":["Dash"]}],"is_beta":false,"boss_relics":[{"not_picked":["Black Star","Velvet Choker"],"picked":"Sozu"}],"items_purged_floors":[],"is_endless":false,"potions_floor_spawned":[2,6,10,12,19],"killed_by":"Cultist and Chosen","ascension_level":11}