{"gold_per_floor":[110,110,121,121,145,145,168,168,240,49,49,49,120,139,139,262,262,283,301,426,426,451,451,465,486,486,26,39,39,54,77,77,205,205,228,25,91,91,105,105,125,149,149,149,162,162,162,10,10,10],"floor_reached":51,"playtime":5295,"items_purged":["Defend_B","Doubt"],"score":616,"play_id":"eba878d9-f05b-407f-b1c9-efc329ba57fb","local_time":"20190421232334","is_ascension_mode":false,"campfire_choices":[{"data":"Loop","floor":6,"key":"SMITH"},{"floor":11,"key":"REST"},{"data":"Dualcast","floor":15,"key":"SMITH"},{"data":"Buffer","floor":23,"key":"SMITH"},{"floor":32,"key":"REST"},{"data":"Electrodynamics","floor":40,"key":"SMITH"},{"floor":47,"key":"DIG"},{"data":"Defragment","floor":49,"key":"SMITH"}],"neow_cost":"NONE","seed_source_timestamp":102240523448587,"circlet_count":0,"master_deck":["Strike_B","Strike_B","Strike_B","Strike_B","Defend_B","Defend_B+1","Defend_B","Zap","Dualcast+1","Cold Snap","Loop+1","Ball Lightning","Conserve Battery","Cold Snap","Buffer+1","Cold Snap","BootSequence+1","Coolheaded+1","J.A.X.","Capacitor","Electrodynamics+1","White Noise","Biased Cognition","Glacier+1","Defragment+1","Chill","Compile Driver+1","Leap","Madness","Madness"],"relics":["Cracked Core","Golden Idol","Letter Opener","Orichalcum","Bag of Marbles","Nuclear Battery","Unceasing Top","Question Card","Molten Egg 2","War Paint","PreservedInsect","Inserter","Shovel","Shuriken","Sundial"],"potions_floor_usage":[13,16,16,19,30,33,33,33,37,50,50,50],"damage_taken":[{"damage":1,"enemies":"Cultist","floor":1,"turns":3},{"damage":0,"enemies":"Small Slimes","floor":3,"turns":2},{"damage":11,"enemies":"Jaw Worm","floor":5,"turns":3},{"damage":4,"enemies":"3 Louse","floor":7,"turns":3},{"damage":23,"enemies":"3 Sentries","floor":13,"turns":7},{"damage":6,"enemies":"Exordium Thugs","floor":14,"turns":3},{"damage":22,"enemies":"Hexaghost","floor":16,"turns":8},{"damage":4,"enemies":"3 Byrds","floor":18,"turns":5},{"damage":0,"enemies":"Spheric Guardian","floor":19,"turns":4},{"damage":0,"enemies":"Colosseum Slavers","floor":20,"turns":5},{"damage":16,"enemies":"Colosseum Nobs","floor":20,"turns":5},{"damage":12,"enemies":"Snake Plant","floor":22,"turns":6},{"damage":9,"enemies":"3 Cultists","floor":24,"turns":6},{"damage":3,"enemies":"Centurion and Healer","floor":25,"turns":5},{"damage":0,"enemies":"Snecko","floor":28,"turns":5},{"damage":3,"enemies":"Sentry and Sphere","floor":30,"turns":4},{"damage":11,"enemies":"Centurion and Healer","floor":31,"turns":8},{"damage":28,"enemies":"Champ","floor":33,"turns":12},{"damage":8,"enemies":"3 Darklings","floor":35,"turns":4},{"damage":23,"enemies":"2 Orb Walkers","floor":37,"turns":4},{"damage":11,"enemies":"Orb Walker","floor":39,"turns":4},{"damage":6,"enemies":"Transient","floor":41,"turns":5},{"damage":20,"enemies":"Sphere and 2 Shapes","floor":42,"turns":8},{"damage":0,"enemies":"4 Shapes","floor":45,"turns":3},{"damage":28,"enemies":"Time Eater","floor":50,"turns":12}],"seed_played":"-7565188407589183525","potions_obtained":[{"floor":3,"key":"Regen Potion"},{"floor":13,"key":"LiquidBronze"},{"floor":14,"key":"AttackPotion"},{"floor":16,"key":"Swift Potion"},{"floor":19,"key":"LiquidBronze"},{"floor":22,"key":"SpeedPotion"},{"floor":24,"key":"Poison Potion"},{"floor":30,"key":"Strength Potion"},{"floor":35,"key":"Swift Potion"},{"floor":41,"key":"Block Potion"},{"floor":42,"key":"Fire Potion"}],"is_trial":false,"path_per_floor":["M","?","M","?","M","R","M","?","T","$","R","$","?","M","R","B",null,"M","M","?","?","M","R","M","M","T","$","M","$","M","M","R","B",null,"M","$","?","?","M","R","M","M","T","?","M","?","R","$","R","B",null],"character_chosen":"DEFECT","items_purchased":["Conserve Battery","Orichalcum","Biased Cognition","War Paint","PreservedInsect","Defragment","Swift Potion","Dexterity Potion"],"campfire_rested":2,"item_purchase_floors":[10,10,27,27,27,36,36,48],"current_hp_per_floor":[81,81,81,61,50,50,46,46,46,46,70,70,61,55,55,33,82,78,78,62,62,50,50,41,38,38,38,38,38,35,24,48,20,82,74,74,51,51,40,40,34,14,14,82,82,72,72,72,72,44],"gold":10,"neow_bonus":"TEN_PERCENT_HP_BONUS","is_prod":false,"is_daily":false,"chose_seed":false,"campfire_upgraded":5,"win_rate":0.0,"timestamp":1555903414,"path_taken":["M","?","M","?","M","R","?","?","T","?","R","$","?","?","R","BOSS","M","?","?","?","M","R","M","M","T","$","M","?","M","M","R","BOSS","M","$","?","?","M","R","M","?","T","?","M","?","R","?","R","BOSS"],"build_version":"2019-01-23","purchased_purges":2,"victory":true,"max_hp_per_floor":[82,82,82,82,82,82,82,82,82,82,82,82,82,82,82,82,82,82,82,82,82,82,82,82,82,82,82,82,82,82,82,82,82,82,82,82,82,82,82,82,82,82,82,82,82,82,82,82,82,82],"card_choices":[{"not_picked":["Sweeping Beam","Streamline","Beam Cell"],"picked":"SKIP","floor":1},{"not_picked":["Beam Cell","Compile Driver"],"picked":"Cold Snap","floor":3},{"not_picked":["Ball Lightning","Barrage"],"picked":"Loop","floor":5},{"not_picked":["Sweeping Beam","Scrape"],"picked":"Ball Lightning","floor":7},{"not_picked":["Steam","Go for the Eyes"],"picked":"Cold Snap","floor":13},{"not_picked":["Reprogram","Sweeping Beam","Hello World"],"picked":"SKIP","floor":14},{"not_picked":["Creative AI","Multi-Cast"],"picked":"Buffer","floor":16},{"not_picked":["Compile Driver","Gash"],"picked":"Cold Snap","floor":18},{"not_picked":["Conserve Battery+1","Scrape"],"picked":"BootSequence","floor":19},{"not_picked":["Steam","Hologram+1"],"picked":"Coolheaded+1","floor":20},{"not_picked":["Hologram","Skim","Leap"],"picked":"Capacitor","floor":22},{"not_picked":["Gash+1","Hello World","Defragment"],"picked":"Electrodynamics","floor":24},{"not_picked":["Chaos","Fusion","Reinforced Body"],"picked":"White Noise","floor":25},{"not_picked":["Genetic Algorithm","White Noise+1","BootSequence"],"picked":"Glacier+1","floor":28},{"not_picked":["Go for the Eyes+1","Capacitor","Gash+1","Barrage+1"],"picked":"SKIP","floor":30},{"not_picked":["Sweeping Beam+1","Gash+1","Redo+1","Seek"],"picked":"SKIP","floor":31},{"not_picked":["Compile Driver+1","Stack","Conserve Battery","Ball Lightning+1"],"picked":"SKIP","floor":35},{"not_picked":["Lockon+1","Sweeping Beam+1","Blizzard+1"],"picked":"Chill","floor":37},{"not_picked":["Auto Shields+1","Compile Driver+1","Leap+1","Steam"],"picked":"SKIP","floor":39},{"not_picked":["Loop","Machine Learning","Redo","Cold Snap+1"],"picked":"SKIP","floor":41},{"not_picked":["Beam Cell+1","Streamline+1","Rip and Tear+1"],"picked":"Leap","floor":42},{"not_picked":["Auto Shields+1","Gash+1","Darkness+1","Redo"],"picked":"SKIP","floor":45}],"player_experience":26806,"relics_obtained":[{"floor":9,"key":"Letter Opener"},{"floor":20,"key":"Unceasing Top"},{"floor":20,"key":"Question Card"},{"floor":26,"key":"Molten Egg 2"},{"floor":37,"key":"Shovel"},{"floor":43,"key":"Shuriken"},{"floor":47,"key":"Sundial"}],"event_choices":[{"damage_healed":0,"gold_gain":0,"player_choice":"Ignored","damage_taken":0,"max_hp_gain":0,"max_hp_loss":0,"event_name":"Liars Game","floor":2,"gold_loss":0},{"damage_healed":0,"gold_gain":0,"player_choice":"Take Damage","damage_taken":20,"relics_obtained":["Golden Idol"],"max_hp_gain":0,"max_hp_loss":0,"event_name":"Golden Idol","floor":4,"gold_loss":0},{"damage_healed":0,"gold_gain":0,"player_choice":"Ignored","damage_taken":0,"max_hp_gain":0,"max_hp_loss":0,"event_name":"NoteForYourself","floor":8,"gold_loss":0},{"damage_healed":0,"gold_gain":0,"player_choice":"Searched \u00272\u0027 times","damage_taken":0,"relics_obtained":["Bag of Marbles"],"max_hp_gain":0,"max_hp_loss":0,"event_name":"Dead Adventurer","floor":13,"gold_loss":0},{"damage_healed":0,"gold_gain":0,"player_choice":"Fight","damage_taken":0,"max_hp_gain":0,"max_hp_loss":0,"event_name":"Colosseum","floor":20,"gold_loss":0},{"damage_healed":0,"gold_gain":0,"player_choice":"Fought Nobs","damage_taken":0,"max_hp_gain":0,"max_hp_loss":0,"event_name":"Colosseum","floor":20,"gold_loss":0},{"damage_healed":0,"gold_gain":0,"player_choice":"Obtain J.A.X.","damage_taken":0,"max_hp_gain":0,"max_hp_loss":0,"event_name":"Drug Dealer","floor":21,"gold_loss":0,"cards_obtained":["J.A.X."]},{"damage_healed":0,"gold_gain":0,"player_choice":"Fight","damage_taken":0,"max_hp_gain":0,"max_hp_loss":0,"event_name":"Mysterious Sphere","floor":37,"gold_loss":0},{"damage_healed":0,"gold_gain":0,"player_choice":"1 cards matched","damage_taken":0,"max_hp_gain":0,"max_hp_loss":0,"event_name":"Match and Keep!","floor":38,"gold_loss":0,"cards_obtained":["Compile Driver"]},{"damage_healed":68,"gold_gain":0,"player_choice":"Heal","damage_taken":0,"max_hp_gain":0,"max_hp_loss":0,"event_name":"MindBloom","floor":44,"gold_loss":0,"cards_obtained":["Doubt"]},{"damage_healed":0,"gold_gain":0,"player_choice":"Embrace Madness","damage_taken":10,"max_hp_gain":0,"max_hp_loss":0,"event_name":"Winding Halls","floor":46,"gold_loss":0,"cards_obtained":["Madness","Madness"]}],"is_beta":false,"boss_relics":[{"not_picked":["Philosopher\u0027s Stone","Runic Dome"],"picked":"Nuclear Battery"},{"not_picked":["Black Star","Snecko Eye"],"picked":"Inserter"}],"items_purged_floors":[36,48],"is_endless":false,"potions_floor_spawned":[3,13,14,16,19,22,24,30,35,41,42],"ascension_level":0}