{"gold_per_floor":[115,95,14,30,30,30,45,45,45,65,65,65,85,104,104,181,181,193,108,29,47,62,62,62,81,105,105,119,119,136,136,136,136],"floor_reached":33,"playtime":1340,"items_purged":[],"score":438,"play_id":"57e0d4ca-0016-4ae0-b4d6-b48f65690f22","local_time":"20190216101106","is_ascension_mode":true,"campfire_choices":[{"data":"Riddle With Holes","floor":6,"key":"SMITH"},{"data":"Neutralize","floor":8,"key":"SMITH"},{"data":"Dagger Spray","floor":12,"key":"SMITH"},{"data":"Footwork","floor":15,"key":"SMITH"},{"data":"Terror","floor":24,"key":"SMITH"},{"floor":27,"key":"REST"},{"data":"Burst","floor":29,"key":"SMITH"},{"floor":32,"key":"REST"}],"neow_cost":"NONE","seed_source_timestamp":2074509509634364,"circlet_count":0,"master_deck":["AscendersBane","Defend_G","Defend_G","Defend_G+1","Defend_G","Strike_G","Strike_G+1","Strike_G","Survivor","Neutralize+1","Dodge and Roll","Cloak And Dagger","Footwork+1","Riddle With Holes+1","Dagger Spray+1","Burst+1","Terror+1","Leg Sweep+1","Backflip+1","Tools of the Trade","Sucker Punch"],"relics":["Ring of the Snake","StoneCalendar","Odd Mushroom","Sozu","Mummified Hand","Strawberry"],"potions_floor_usage":[4,7,13,21,33],"damage_taken":[{"damage":1,"enemies":"Jaw Worm","floor":1,"turns":6},{"damage":0,"enemies":"Cultist","floor":4,"turns":4},{"damage":2,"enemies":"Small Slimes","floor":7,"turns":3},{"damage":1,"enemies":"Blue Slaver","floor":10,"turns":4},{"damage":0,"enemies":"The Mushroom Lair","floor":13,"turns":3},{"damage":12,"enemies":"Exordium Wildlife","floor":14,"turns":6},{"damage":13,"enemies":"The Guardian","floor":16,"turns":15},{"damage":0,"enemies":"3 Byrds","floor":18,"turns":6},{"damage":15,"enemies":"2 Thieves","floor":21,"turns":3},{"damage":14,"enemies":"Sentry and Sphere","floor":22,"turns":7},{"damage":7,"enemies":"Centurion and Healer","floor":25,"turns":7},{"damage":2,"enemies":"Snecko","floor":28,"turns":7},{"damage":7,"enemies":"Shelled Parasite and Fungi","floor":30,"turns":7},{"damage":67,"enemies":"Automaton","floor":33,"turns":12}],"seed_played":"7331898601029032107","potions_obtained":[{"floor":1,"key":"AttackPotion"},{"floor":2,"key":"EntropicBrew"},{"floor":7,"key":"AttackPotion"},{"floor":13,"key":"Weak Potion"}],"is_trial":false,"path_per_floor":["M","?","$","M","$","R","M","R","T","M","?","R","?","M","R","B",null,"M","?","$","M","M","?","R","M","T","R","M","R","M","?","R","B"],"character_chosen":"THE_SILENT","items_purchased":["Footwork","Terror"],"campfire_rested":2,"item_purchase_floors":[3,20],"current_hp_per_floor":[58,58,58,58,58,58,56,56,56,55,35,35,35,23,23,10,52,52,52,52,37,23,23,23,16,23,44,42,42,35,35,56,0],"gold":136,"neow_bonus":"TRANSFORM_CARD","is_prod":false,"is_daily":false,"chose_seed":false,"campfire_upgraded":6,"win_rate":0,"timestamp":1550279466,"path_taken":["M","?","$","?","?","R","M","R","T","M","?","R","?","M","R","BOSS","M","?","$","M","M","?","R","M","T","R","M","R","?","?","R","BOSS"],"build_version":"2019-01-23","purchased_purges":0,"victory":false,"max_hp_per_floor":[66,66,66,66,66,66,66,66,66,66,66,66,66,66,66,66,66,66,66,66,66,66,66,66,66,73,73,73,73,73,73,73,73],"card_choices":[{"not_picked":["Caltrops","Slice"],"picked":"Cloak And Dagger","floor":1},{"not_picked":["Acrobatics","Outmaneuver"],"picked":"Riddle With Holes","floor":4},{"not_picked":["Acrobatics","Eviscerate"],"picked":"Dagger Spray","floor":7},{"not_picked":["Choke","Dodge and Roll","Phantasmal Killer"],"picked":"SKIP","floor":10},{"not_picked":["Dagger Spray","Distraction","Poisoned Stab"],"picked":"SKIP","floor":14},{"not_picked":["Malaise","Storm of Steel"],"picked":"Burst","floor":16},{"not_picked":["Poisoned Stab","Tactician","Deflect"],"picked":"SKIP","floor":18},{"not_picked":["Blade Dance+1","Flechettes"],"picked":"Leg Sweep","floor":21},{"not_picked":["Deflect","Bane","Cloak And Dagger"],"picked":"SKIP","floor":22},{"not_picked":["Blade Dance","Slice","Underhanded Strike"],"picked":"SKIP","floor":25},{"not_picked":["Expertise","Bane"],"picked":"Backflip+1","floor":28},{"not_picked":["Flying Knee","Slice","Outmaneuver"],"picked":"SKIP","floor":30}],"player_experience":548458,"relics_obtained":[{"floor":9,"key":"StoneCalendar"},{"floor":13,"key":"Odd Mushroom"},{"floor":26,"key":"Strawberry"}],"event_choices":[{"damage_healed":0,"gold_gain":0,"player_choice":"Bought 1 Potion","damage_taken":0,"max_hp_gain":0,"max_hp_loss":0,"event_name":"The Woman in Blue","floor":2,"gold_loss":0},{"damage_healed":0,"gold_gain":0,"player_choice":"Entered Light","damage_taken":20,"max_hp_gain":0,"max_hp_loss":0,"event_name":"Shining Light","floor":11,"gold_loss":0,"cards_upgraded":["Defend_G","Strike_G"]},{"damage_healed":0,"gold_gain":0,"player_choice":"Fought Mushrooms","damage_taken":0,"max_hp_gain":0,"max_hp_loss":0,"event_name":"Mushrooms","floor":13,"gold_loss":0},{"damage_healed":0,"gold_gain":0,"player_choice":"Obtained Relic","damage_taken":0,"relics_obtained":["Mummified Hand"],"max_hp_gain":0,"max_hp_loss":0,"event_name":"Addict","floor":19,"gold_loss":85},{"damage_healed":0,"gold_gain":0,"player_choice":"Upgraded","damage_taken":0,"max_hp_gain":0,"max_hp_loss":0,"event_name":"Upgrade Shrine","floor":23,"gold_loss":0,"cards_upgraded":["Leg Sweep"]},{"damage_healed":0,"gold_gain":0,"cards_transformed":["Defend_G","Strike_G"],"player_choice":"Became Test Subject","damage_taken":0,"max_hp_gain":0,"max_hp_loss":0,"event_name":"Drug Dealer","floor":31,"gold_loss":0,"cards_obtained":["Tools of the Trade","Sucker Punch"]}],"is_beta":false,"boss_relics":[{"not_picked":["Philosopher\u0027s Stone","Black Star"],"picked":"Sozu"}],"items_purged_floors":[],"is_endless":false,"potions_floor_spawned":[1,7,10,13,25,28],"killed_by":"Automaton","ascension_level":17}