{"gold_per_floor":[118,118,131,145,145,145,175,175,222,242,242,259,28,28,28,127,127,138,138,166,44,56,56,70,1,1,1,11,11,11,29,29,134,134,145,159,259,259,279,308,308,133,133,110,120,120,120,136,136,136,136,136,35,35],"floor_reached":54,"playtime":2177,"items_purged":["Strike_B","Strike_B","Strike_B"],"score":690,"play_id":"20bfa95b-6424-4ce6-b658-ab5f59529f8a","local_time":"20190418175234","is_ascension_mode":false,"campfire_choices":[{"data":"Dualcast","floor":6,"key":"SMITH"},{"data":"Chill","floor":8,"key":"SMITH"},{"data":"Coolheaded","floor":15,"key":"SMITH"},{"data":"Electrodynamics","floor":23,"key":"SMITH"},{"data":"Chaos","floor":27,"key":"SMITH"},{"data":"Biased Cognition","floor":30,"key":"SMITH"},{"data":"Machine Learning","floor":32,"key":"SMITH"},{"data":"Thunder Strike","floor":41,"key":"SMITH"},{"floor":47,"key":"RECALL"},{"floor":49,"key":"REST"},{"data":"Capacitor","floor":52,"key":"SMITH"}],"neow_cost":"CURSE","seed_source_timestamp":29192438129941,"circlet_count":0,"master_deck":["Strike_B","Defend_B+1","Defend_B","Defend_B+1","Defend_B","Zap+1","Dualcast+1","Ball Lightning","Chill+1","Coolheaded+1","Biased Cognition+1","Glacier","Redo+1","Cold Snap","Electrodynamics+1","Chaos+1","White Noise+1","Machine Learning+1","Thunder Strike+1","Darkness+1","Double Energy+1","Leap+1","Hologram+1","Hologram+1","Gash","Hologram+1","Hologram+1","Gash+1","Capacitor+1"],"relics":["Cracked Core","Girya","Regal Pillow","Ancient Tea Set","Dream Catcher","War Paint","Eternal Feather","Red Mask","Toxic Egg 2","Philosopher\u0027s Stone","Emotion Chip","Ginger"],"potions_floor_usage":[7,22,33,50,50],"damage_taken":[{"damage":0,"enemies":"2 Louse","floor":1,"turns":2},{"damage":4,"enemies":"Cultist","floor":3,"turns":4},{"damage":0,"enemies":"Small Slimes","floor":4,"turns":2},{"damage":15,"enemies":"Gremlin Nob","floor":7,"turns":4},{"damage":0,"enemies":"3 Louse","floor":10,"turns":3},{"damage":6,"enemies":"Red Slaver","floor":12,"turns":3},{"damage":30,"enemies":"The Guardian","floor":16,"turns":12},{"damage":0,"enemies":"Spheric Guardian","floor":18,"turns":3},{"damage":0,"enemies":"Masked Bandits","floor":20,"turns":4},{"damage":0,"enemies":"2 Thieves","floor":22,"turns":4},{"damage":0,"enemies":"3 Cultists","floor":24,"turns":4},{"damage":0,"enemies":"Chosen and Byrds","floor":28,"turns":4},{"damage":12,"enemies":"Centurion and Healer","floor":31,"turns":7},{"damage":37,"enemies":"Collector","floor":33,"turns":10},{"damage":10,"enemies":"3 Darklings","floor":35,"turns":3},{"damage":1,"enemies":"Orb Walker","floor":36,"turns":4},{"damage":0,"enemies":"Mind Bloom Boss Battle","floor":37,"turns":3},{"damage":7,"enemies":"Jaw Worm Horde","floor":39,"turns":4},{"damage":48,"enemies":"Giant Head","floor":40,"turns":8},{"damage":0,"enemies":"Transient","floor":45,"turns":5},{"damage":12,"enemies":"Writhing Mass","floor":48,"turns":5},{"damage":40,"enemies":"Time Eater","floor":50,"turns":8},{"damage":76,"enemies":"Shield and Spear","floor":54,"turns":5}],"seed_played":"1835530046600653673","potions_obtained":[{"floor":4,"key":"Block Potion"},{"floor":12,"key":"Fire Potion"},{"floor":22,"key":"SpeedPotion"},{"floor":24,"key":"SteroidPotion"},{"floor":36,"key":"Dexterity Potion"},{"floor":37,"key":"Block Potion"},{"floor":39,"key":"Ancient Potion"}],"is_trial":false,"path_per_floor":["M","?","M","M","?","R","E","R","T","M","?","M","$","?","R","B",null,"M","?","?","$","M","R","M","$","T","R","M","?","R","M","R","B",null,"M","M","?","?","M","E","R","$","T","$","M","?","R","M","R","B",null,"R","$","E"],"character_chosen":"DEFECT","items_purchased":["War Paint","Cold Snap","Chaos","Gash","Hologram+1","Block Potion","AttackPotion"],"campfire_rested":1,"item_purchase_floors":[13,21,25,42,44,53,53],"current_hp_per_floor":[75,75,71,71,71,71,56,56,56,56,56,50,50,50,50,20,75,75,75,75,75,75,75,75,75,75,75,75,75,75,63,75,38,75,65,64,64,69,62,14,29,29,29,29,29,29,44,32,75,35,75,75,75,0],"gold":35,"neow_bonus":"ONE_RARE_RELIC","is_prod":false,"is_daily":false,"chose_seed":false,"campfire_upgraded":9,"win_rate":0,"timestamp":1555581154,"path_taken":["M","?","M","?","?","R","E","R","T","M","?","?","$","?","R","BOSS","M","?","?","$","M","R","M","$","T","R","M","?","R","M","R","BOSS","M","M","?","?","?","E","R","$","T","$","M","?","R","M","R","BOSS","R","$","E"],"build_version":"2019-01-23","purchased_purges":3,"victory":false,"max_hp_per_floor":[75,75,75,75,75,75,75,75,75,75,75,75,75,75,75,75,75,75,75,75,75,75,75,75,75,75,75,75,75,75,75,75,75,75,75,75,75,75,75,75,75,75,75,75,75,75,75,75,75,75,75,75,75,75],"card_choices":[{"not_picked":["Turbo","Capacitor"],"picked":"Consume","floor":1},{"not_picked":["Loop","Leap"],"picked":"Rebound","floor":3},{"not_picked":["Leap","Steam"],"picked":"Ball Lightning","floor":4},{"not_picked":["BootSequence","Rebound"],"picked":"Chill","floor":7},{"not_picked":["Force Field","Rip and Tear","Turbo"],"picked":"SKIP","floor":10},{"not_picked":["Leap","Redo"],"picked":"Coolheaded","floor":12},{"not_picked":["Meteor Strike","Multi-Cast"],"picked":"Biased Cognition","floor":16},{"not_picked":["Turbo","Fusion+1"],"picked":"Glacier","floor":18},{"not_picked":["Barrage","Streamline"],"picked":"Redo+1","floor":20},{"not_picked":["Conserve Battery","Hologram"],"picked":"Electrodynamics","floor":22},{"not_picked":["Steam","Beam Cell","Sweeping Beam"],"picked":"SKIP","floor":24},{"not_picked":["Sweeping Beam","BootSequence+1"],"picked":"White Noise+1","floor":28},{"not_picked":["Heatsinks","Redo+1"],"picked":"Machine Learning","floor":31},{"not_picked":["Reboot+1","Electrodynamics"],"picked":"Thunder Strike","floor":33},{"not_picked":["Reprogram+1","Compile Driver+1"],"picked":"Darkness+1","floor":35},{"not_picked":["Beam Cell+1","Stack+1"],"picked":"Double Energy+1","floor":36},{"not_picked":["Rip and Tear+1","Stack+1"],"picked":"Leap+1","floor":37},{"not_picked":["Compile Driver+1","Leap+1"],"picked":"Hologram+1","floor":39},{"not_picked":["Biased Cognition","Lockon+1"],"picked":"Hologram+1","floor":40},{"not_picked":["Doom and Gloom","Lockon+1"],"picked":"Hologram+1","floor":45},{"not_picked":["Compile Driver","Stack+1"],"picked":"Gash+1","floor":48},{"not_picked":["Consume+1","Turbo+1"],"picked":"Capacitor","floor":49}],"player_experience":443602,"relics_obtained":[{"floor":7,"key":"Ancient Tea Set"},{"floor":9,"key":"Dream Catcher"},{"floor":20,"key":"Red Mask"},{"floor":26,"key":"Toxic Egg 2"},{"floor":37,"key":"Emotion Chip"},{"floor":40,"key":"Ginger"}],"event_choices":[{"cards_removed":["Consume"],"damage_healed":0,"gold_gain":0,"player_choice":"Gave Card","damage_taken":0,"relics_obtained":["Regal Pillow"],"max_hp_gain":0,"max_hp_loss":0,"event_name":"WeMeetAgain","floor":2,"gold_loss":0},{"damage_healed":0,"gold_gain":0,"player_choice":"Grow","damage_taken":0,"max_hp_gain":0,"max_hp_loss":0,"event_name":"Living Wall","floor":5,"gold_loss":0,"cards_upgraded":["Zap"]},{"cards_removed":["Injury"],"damage_healed":0,"gold_gain":0,"player_choice":"Removed Curses","damage_taken":0,"max_hp_gain":0,"max_hp_loss":0,"event_name":"Fountain of Cleansing","floor":11,"gold_loss":0},{"damage_healed":0,"gold_gain":0,"player_choice":"Ignored","damage_taken":0,"max_hp_gain":0,"max_hp_loss":0,"event_name":"NoteForYourself","floor":14,"gold_loss":0},{"damage_healed":0,"gold_gain":0,"player_choice":"Ignored","damage_taken":0,"max_hp_gain":0,"max_hp_loss":0,"event_name":"Vampires","floor":19,"gold_loss":0},{"damage_healed":0,"gold_gain":0,"player_choice":"Fought Bandits","damage_taken":0,"max_hp_gain":0,"max_hp_loss":0,"event_name":"Masked Bandits","floor":20,"gold_loss":0},{"damage_healed":0,"gold_gain":0,"player_choice":"Ignored","damage_taken":0,"max_hp_gain":0,"max_hp_loss":0,"event_name":"Beggar","floor":29,"gold_loss":0},{"damage_healed":0,"gold_gain":0,"player_choice":"Fight","damage_taken":0,"max_hp_gain":0,"max_hp_loss":0,"event_name":"MindBloom","floor":37,"gold_loss":0},{"cards_removed":["Rebound"],"damage_healed":5,"gold_gain":0,"player_choice":"Offered Common","damage_taken":0,"max_hp_gain":0,"max_hp_loss":0,"event_name":"Bonfire Elementals","floor":38,"gold_loss":0},{"cards_removed":["Rebound"],"damage_healed":5,"gold_gain":0,"player_choice":"Offered Special","damage_taken":0,"max_hp_gain":0,"max_hp_loss":0,"event_name":"Bonfire Elementals","floor":38,"gold_loss":0},{"damage_healed":0,"gold_gain":0,"player_choice":"Bought 0 Potions","damage_taken":0,"max_hp_gain":0,"max_hp_loss":0,"event_name":"The Woman in Blue","floor":46,"gold_loss":0}],"is_beta":false,"boss_relics":[{"not_picked":["Snecko Eye","Lizard Tail"],"picked":"Eternal Feather"},{"not_picked":["Empty Cage","FrozenCore"],"picked":"Philosopher\u0027s Stone"}],"items_purged_floors":[13,21,42],"is_endless":false,"potions_floor_spawned":[4,12,22,24,36,37,39,40],"killed_by":"Shield and Spear","ascension_level":0}