{"gold_per_floor":[113,133,133,150,165,198,198,212,283,24,46,78,7,7],"floor_reached":14,"playtime":527,"items_purged":[],"score":120,"play_id":"160572af-722b-48d4-a1e4-c45cac5e4bda","local_time":"20190510000225","is_ascension_mode":true,"campfire_choices":[{"data":"Terror","floor":7,"key":"SMITH"}],"neow_cost":"NONE","seed_source_timestamp":1000511084511323,"circlet_count":0,"master_deck":["Defend_G","Defend_G","Defend_G","Defend_G","Defend_G","Strike_G","Strike_G","Strike_G","Strike_G","Strike_G","Survivor","Neutralize","Terror+1","Reflex","Pain","Backflip","Dagger Spray","Unload","Flying Knee","Bouncing Flask","Doppelganger","Noxious Fumes"],"relics":["Ring of the Snake","Happy Flower","WarpedTongs","Oddly Smooth Stone","Ninja Scroll","Shuriken","Odd Mushroom","Tough Bandages"],"potions_floor_usage":[6,6,12],"damage_taken":[{"damage":0,"enemies":"Small Slimes","floor":1,"turns":5},{"damage":0,"enemies":"Cultist","floor":2,"turns":4},{"damage":5,"enemies":"Jaw Worm","floor":4,"turns":4},{"damage":6,"enemies":"3 Louse","floor":5,"turns":3},{"damage":30,"enemies":"Gremlin Nob","floor":6,"turns":4},{"damage":1,"enemies":"Exordium Thugs","floor":8,"turns":5},{"damage":19,"enemies":"The Mushroom Lair","floor":11,"turns":3},{"damage":11,"enemies":"Lagavulin","floor":12,"turns":3},{"damage":3,"enemies":"2 Fungi Beasts","floor":14,"turns":1}],"seed_played":"-4684387086919998044","potions_obtained":[{"floor":1,"key":"Poison Potion"},{"floor":5,"key":"Fruit Juice"},{"floor":6,"key":"SneckoOil"}],"is_trial":false,"path_per_floor":["M","M","?","M","M","E","R","M","T","$","?","E","$","M"],"character_chosen":"THE_SILENT","items_purchased":["Shuriken","Noxious Fumes"],"campfire_rested":0,"item_purchase_floors":[10,13],"current_hp_per_floor":[70,70,70,65,59,34,34,33,33,33,14,3,3,0],"gold":7,"neow_bonus":"RANDOM_COMMON_RELIC","is_prod":false,"is_daily":false,"chose_seed":false,"campfire_upgraded":1,"win_rate":0,"timestamp":1557460945,"path_taken":["M","M","?","M","M","E","R","?","T","$","?","E","$","M"],"build_version":"2019-01-23","purchased_purges":0,"victory":false,"max_hp_per_floor":[70,70,70,70,70,75,75,75,75,75,75,75,75,75],"card_choices":[{"not_picked":["Predator","Dodge and Roll"],"picked":"Terror","floor":1},{"not_picked":["Bane","Underhanded Strike"],"picked":"Reflex","floor":2},{"not_picked":["Outmaneuver","Choke"],"picked":"Backflip","floor":4},{"not_picked":["Acrobatics","Blade Dance"],"picked":"Dagger Spray","floor":5},{"not_picked":["Backflip","Sucker Punch"],"picked":"Unload","floor":6},{"not_picked":["Infinite Blades","Outmaneuver"],"picked":"Flying Knee","floor":8},{"not_picked":["Slice","Dagger Throw"],"picked":"Bouncing Flask","floor":11},{"not_picked":["Eviscerate","Well Laid Plans"],"picked":"Doppelganger","floor":12}],"player_experience":230539,"relics_obtained":[{"floor":6,"key":"Oddly Smooth Stone"},{"floor":9,"key":"Ninja Scroll"},{"floor":11,"key":"Odd Mushroom"},{"floor":12,"key":"Tough Bandages"}],"event_choices":[{"damage_healed":0,"gold_gain":0,"player_choice":"Rummage","damage_taken":0,"relics_obtained":["WarpedTongs"],"max_hp_gain":0,"max_hp_loss":0,"event_name":"Accursed Blacksmith","floor":3,"gold_loss":0,"cards_obtained":["Pain"]},{"damage_healed":0,"gold_gain":0,"player_choice":"Fought Mushrooms","damage_taken":0,"max_hp_gain":0,"max_hp_loss":0,"event_name":"Mushrooms","floor":11,"gold_loss":0}],"is_beta":false,"boss_relics":[],"items_purged_floors":[],"is_endless":false,"potions_floor_spawned":[1,5,6],"killed_by":"2 Fungi Beasts","ascension_level":4}