{"gold_per_floor":[110,127,138,148,162,162,191,191,214,179,205,205,205,33,33,106,106,117,117,130,130,130,130,145,174,231,231,246,246,278,293,293,370,370,387,19,19,37,37,37],"floor_reached":40,"playtime":2677,"items_purged":[],"score":893,"play_id":"2c4f8709-90e3-43be-bcfe-6ed7aaf97694","local_time":"20190510203333","is_ascension_mode":true,"campfire_choices":[{"data":"Demon Form","floor":6,"key":"SMITH"},{"data":"Armaments","floor":8,"key":"SMITH"},{"data":"Flame Barrier","floor":12,"key":"SMITH"},{"floor":15,"key":"REST"},{"floor":23,"key":"RECALL"},{"floor":29,"key":"REST"},{"floor":32,"key":"REST"}],"neow_cost":"NONE","seed_source_timestamp":7465482801588,"circlet_count":0,"master_deck":["AscendersBane","Defend_R","Defend_R","Defend_R","Defend_R","Bash","Iron Wave","Armaments+1","Flame Barrier+1","Demon Form+1","Battle Trance","Headbutt","Offering","Bite","Bite","Bite","Bite","Bite","Sword Boomerang+1","Shrug It Off+1","Impervious","Rage","Whirlwind"],"relics":["Burning Blood","Pen Nib","Regal Pillow","Bag of Marbles","Strawberry","Juzu Bracelet","Lantern","Busted Crown","Bottled Flame","Tiny Chest","Bronze Scales","Runic Cube","FossilizedHelix","Blue Candle"],"potions_floor_usage":[7,11,11,30,30],"damage_taken":[{"damage":1,"enemies":"2 Louse","floor":1,"turns":3},{"damage":9,"enemies":"Jaw Worm","floor":2,"turns":3},{"damage":4,"enemies":"Small Slimes","floor":3,"turns":4},{"damage":23,"enemies":"Exordium Thugs","floor":4,"turns":5},{"damage":8,"enemies":"Lots of Slimes","floor":5,"turns":5},{"damage":17,"enemies":"Lagavulin","floor":7,"turns":6},{"damage":25,"enemies":"3 Sentries","floor":11,"turns":7},{"damage":37,"enemies":"The Guardian","floor":16,"turns":9},{"damage":0,"enemies":"3 Byrds","floor":18,"turns":1},{"damage":6,"enemies":"Chosen","floor":20,"turns":2},{"damage":20,"enemies":"Snake Plant","floor":24,"turns":3},{"damage":55,"enemies":"Gremlin Leader","floor":25,"turns":8},{"damage":12,"enemies":"Snecko","floor":28,"turns":4},{"damage":61,"enemies":"Book of Stabbing","floor":30,"turns":6},{"damage":6,"enemies":"Sentry and Sphere","floor":31,"turns":3},{"damage":32,"enemies":"Champ","floor":33,"turns":8},{"damage":42,"enemies":"3 Shapes","floor":35,"turns":8},{"damage":14,"enemies":"3 Darklings","floor":38,"turns":6},{"damage":47,"enemies":"Nemesis","floor":40,"turns":6}],"seed_played":"6990227092507456176","potions_obtained":[{"floor":1,"key":"Swift Potion"},{"floor":4,"key":"Block Potion"},{"floor":7,"key":"Explosive Potion"},{"floor":25,"key":"Weak Potion"},{"floor":28,"key":"Dexterity Potion"},{"floor":35,"key":"LiquidBronze"},{"floor":38,"key":"Poison Potion"}],"is_trial":false,"path_per_floor":["M","M","M","M","M","R","E","R","T","?","E","R","?","$","R","B",null,"M","?","M","T","?","R","M","E","T","?","M","R","E","M","R","B",null,"M","$","T","M","?","E"],"character_chosen":"IRONCLAD","items_purchased":["Lantern","FossilizedHelix","Whirlwind"],"campfire_rested":3,"item_purchase_floors":[14,36,36],"current_hp_per_floor":[73,70,72,55,53,53,42,42,42,60,48,48,43,43,82,51,74,80,80,80,80,57,57,52,25,25,25,31,57,10,20,52,38,52,24,24,24,34,34,0],"gold":37,"neow_bonus":"RANDOM_COMMON_RELIC","is_prod":false,"is_daily":false,"chose_seed":false,"campfire_upgraded":3,"win_rate":0,"timestamp":1557538413,"path_taken":["M","M","M","M","M","R","E","R","T","?","E","R","?","?","R","BOSS","M","?","M","?","?","R","M","E","T","?","M","R","E","M","R","BOSS","M","$","?","M","?","E"],"build_version":"2019-01-23","purchased_purges":0,"victory":false,"max_hp_per_floor":[75,75,75,75,75,75,75,75,75,75,82,82,82,82,82,82,82,82,82,82,82,57,57,57,57,57,57,57,57,57,57,57,57,57,57,57,57,57,57,57],"card_choices":[{"not_picked":["Rage","Perfected Strike","Flex"],"picked":"SKIP","floor":1},{"not_picked":["Sentinel","Twin Strike"],"picked":"Iron Wave","floor":2},{"not_picked":["Iron Wave","Warcry"],"picked":"Armaments","floor":3},{"not_picked":["Battle Trance","Body Slam"],"picked":"Flame Barrier","floor":4},{"not_picked":["Pommel Strike","Heavy Blade"],"picked":"Demon Form","floor":5},{"not_picked":["Flex","Searing Blow"],"picked":"Battle Trance","floor":7},{"not_picked":["Armaments","Flex"],"picked":"Headbutt","floor":11},{"not_picked":["Juggernaut","Impervious"],"picked":"Offering","floor":16},{"not_picked":["Thunderclap"],"picked":"SKIP","floor":18},{"not_picked":["Anger"],"picked":"SKIP","floor":20},{"not_picked":[],"picked":"Sword Boomerang+1","floor":24},{"not_picked":[],"picked":"Shrug It Off","floor":25},{"not_picked":["Dual Wield+1"],"picked":"SKIP","floor":28},{"not_picked":["Carnage"],"picked":"SKIP","floor":30},{"not_picked":["Barricade"],"picked":"SKIP","floor":31},{"not_picked":[],"picked":"Impervious","floor":33},{"not_picked":[],"picked":"Rage","floor":35},{"not_picked":["Clash"],"picked":"SKIP","floor":38}],"player_experience":1290195,"relics_obtained":[{"floor":7,"key":"Regal Pillow"},{"floor":9,"key":"Bag of Marbles"},{"floor":11,"key":"Strawberry"},{"floor":25,"key":"Bottled Flame"},{"floor":26,"key":"Tiny Chest"},{"floor":30,"key":"Bronze Scales"},{"floor":37,"key":"Blue Candle"}],"event_choices":[{"damage_healed":18,"gold_gain":0,"player_choice":"Healed","damage_taken":0,"max_hp_gain":0,"max_hp_loss":0,"event_name":"The Cleric","floor":10,"gold_loss":35},{"damage_healed":0,"gold_gain":0,"player_choice":"Success","damage_taken":5,"relics_obtained":["Juzu Bracelet"],"max_hp_gain":0,"max_hp_loss":0,"event_name":"Scrap Ooze","floor":13,"gold_loss":0},{"damage_healed":0,"gold_gain":0,"player_choice":"Ignored","damage_taken":0,"max_hp_gain":0,"max_hp_loss":0,"event_name":"Ghosts","floor":19,"gold_loss":0},{"damage_healed":0,"gold_gain":0,"player_choice":"Became a vampire","damage_taken":0,"max_hp_gain":0,"max_hp_loss":25,"event_name":"Vampires","floor":22,"gold_loss":0,"cards_obtained":["Bite","Bite","Bite","Bite","Bite"]},{"damage_healed":0,"gold_gain":0,"player_choice":"Forge","damage_taken":0,"max_hp_gain":0,"max_hp_loss":0,"event_name":"Accursed Blacksmith","floor":27,"gold_loss":0,"cards_upgraded":["Shrug It Off"]},{"damage_healed":0,"gold_gain":0,"player_choice":"Ignored","damage_taken":0,"max_hp_gain":0,"max_hp_loss":0,"event_name":"Mysterious Sphere","floor":39,"gold_loss":0}],"is_beta":false,"boss_relics":[{"not_picked":["Tiny House","Empty Cage"],"picked":"Busted Crown"},{"not_picked":["White Beast Statue","Runic Pyramid"],"picked":"Runic Cube"}],"items_purged_floors":[],"is_endless":false,"potions_floor_spawned":[1,4,7,25,28,35,38],"killed_by":"Nemesis","ascension_level":20}