{"gold_per_floor":[113,129,139,68,68,68,68,102,172,172,203,216,14,14,14,118,118,134,59,59,76,86,86,114,133,133,43,74,74,74,74,74,175,175,188,188,34,34,51,82,82,111,111,145,145,171,171,186,186,186],"floor_reached":51,"playtime":2232,"items_purged":["Strike_R"],"score":910,"play_id":"5d4288dd-ecc6-407a-8103-cf7e68fb912a","local_time":"20190504040205","is_ascension_mode":true,"campfire_choices":[{"data":"Uppercut","floor":6,"key":"SMITH"},{"data":"Juggernaut","floor":10,"key":"SMITH"},{"data":"Demon Form","floor":15,"key":"SMITH"},{"data":"Flame Barrier","floor":23,"key":"SMITH"},{"floor":32,"key":"REST"},{"floor":41,"key":"DIG"},{"data":"Inflame","floor":45,"key":"SMITH"},{"data":"Dark Shackles","floor":49,"key":"SMITH"}],"neow_cost":"NONE","seed_source_timestamp":35444989308600,"circlet_count":0,"master_deck":["Strike_R","Strike_R","Defend_R","Defend_R","Defend_R","Bash+1","Thunderclap+1","Shrug It Off","Flame Barrier","Uppercut+1","Juggernaut+1","Twin Strike","Demon Form+1","Impervious","Flame Barrier+1","Headbutt+1","Heavy Blade","Shrug It Off","Corruption","Reaper","Metallicize","Dark Shackles+1","Body Slam","Inflame+1","Heavy Blade+1","Blood for Blood"],"relics":["Burning Blood","Juzu Bracelet","Meat on the Bone","Question Card","Thread and Needle","Strawberry","Busted Crown","Ancient Tea Set","Shovel","Mummified Hand","Snecko Eye","Bronze Scales","Omamori","Gambling Chip","Potion Belt","Bottled Flame","Magic Flower","Bottled Tornado"],"potions_floor_usage":[8,16,16,24,33,44,46,50],"damage_taken":[{"damage":12,"enemies":"Jaw Worm","floor":1,"turns":3},{"damage":10,"enemies":"2 Louse","floor":2,"turns":2},{"damage":0,"enemies":"Small Slimes","floor":3,"turns":4},{"damage":37,"enemies":"Lagavulin","floor":8,"turns":7},{"damage":28,"enemies":"3 Sentries","floor":11,"turns":7},{"damage":5,"enemies":"Red Slaver","floor":12,"turns":4},{"damage":23,"enemies":"Slime Boss","floor":16,"turns":9},{"damage":8,"enemies":"Chosen","floor":18,"turns":4},{"damage":28,"enemies":"2 Thieves","floor":21,"turns":5},{"damage":16,"enemies":"Centurion and Healer","floor":22,"turns":4},{"damage":18,"enemies":"Gremlin Leader","floor":24,"turns":6},{"damage":0,"enemies":"Snecko","floor":25,"turns":4},{"damage":39,"enemies":"Slavers","floor":28,"turns":5},{"damage":9,"enemies":"Champ","floor":33,"turns":8},{"damage":1,"enemies":"3 Shapes","floor":35,"turns":4},{"damage":0,"enemies":"Orb Walker","floor":39,"turns":3},{"damage":23,"enemies":"Nemesis","floor":40,"turns":5},{"damage":2,"enemies":"Giant Head","floor":42,"turns":5},{"damage":17,"enemies":"Reptomancer","floor":44,"turns":4},{"damage":15,"enemies":"Nemesis","floor":46,"turns":5},{"damage":11,"enemies":"Spire Growth","floor":48,"turns":3},{"damage":11,"enemies":"Time Eater","floor":50,"turns":7}],"seed_played":"-8911528666137427287","potions_obtained":[{"floor":3,"key":"BloodPotion"},{"floor":11,"key":"SkillPotion"},{"floor":12,"key":"SpeedPotion"},{"floor":21,"key":"Explosive Potion"},{"floor":28,"key":"Fire Potion"},{"floor":35,"key":"Energy Potion"},{"floor":40,"key":"Poison Potion"},{"floor":42,"key":"FairyPotion"},{"floor":46,"key":"Energy Potion"}],"is_trial":false,"path_per_floor":["M","M","M","$","?","R","?","E","T","R","E","M","$","?","R","B",null,"M","$","?","M","M","R","E","M","T","?","E","$","$","?","R","B",null,"M","?","$","?","M","E","R","E","T","E","R","E","?","M","R","B",null],"character_chosen":"IRONCLAD","items_purchased":["Uppercut","Strawberry","SteroidPotion","Bronze Scales"],"campfire_rested":1,"item_purchase_floors":[4,13,13,37],"current_hp_per_floor":[74,70,76,76,76,76,73,50,50,50,40,53,60,65,65,60,92,90,90,90,68,58,58,58,64,64,64,43,43,43,43,70,67,92,92,92,92,92,92,75,75,92,92,91,91,85,85,90,90,88],"gold":186,"neow_bonus":"UPGRADE_CARD","is_prod":false,"is_daily":false,"chose_seed":false,"campfire_upgraded":6,"win_rate":0,"timestamp":1556956925,"path_taken":["M","M","M","$","?","R","?","E","T","R","E","M","?","?","R","BOSS","M","$","?","M","M","R","E","M","T","?","E","?","$","?","R","BOSS","M","?","$","?","M","E","R","E","T","E","R","E","?","M","R","BOSS"],"build_version":"2019-01-23","purchased_purges":1,"victory":true,"max_hp_per_floor":[80,80,80,80,80,80,80,80,80,80,80,80,87,92,92,92,92,92,92,92,92,92,92,92,92,92,92,92,92,92,92,92,92,92,92,92,92,92,92,92,92,92,92,92,92,92,92,92,92,92],"card_choices":[{"not_picked":["Perfected Strike","Clash"],"picked":"Thunderclap","floor":1},{"not_picked":["Anger","Wild Strike"],"picked":"Shrug It Off","floor":2},{"not_picked":["Ghostly Armor","Pommel Strike"],"picked":"Flame Barrier","floor":3},{"not_picked":["Flex","Headbutt"],"picked":"Juggernaut","floor":8},{"not_picked":["Infernal Blade","Hemokinesis","Heavy Blade"],"picked":"Twin Strike","floor":11},{"not_picked":["Perfected Strike","Twin Strike","Armaments"],"picked":"Demon Form","floor":12},{"not_picked":["Bludgeon","Offering","Juggernaut"],"picked":"Impervious","floor":16},{"not_picked":["Flex+1","Warcry"],"picked":"SKIP","floor":18},{"not_picked":["Anger+1"],"picked":"Headbutt+1","floor":21},{"not_picked":["Infernal Blade"],"picked":"Heavy Blade","floor":22},{"not_picked":["Sever Soul","Cleave"],"picked":"SKIP","floor":24},{"not_picked":["Armaments"],"picked":"Shrug It Off","floor":25},{"not_picked":["Headbutt","Armaments"],"picked":"SKIP","floor":28},{"not_picked":["Offering"],"picked":"Reaper","floor":33},{"not_picked":["Thunderclap"],"picked":"Metallicize","floor":35},{"not_picked":["Perfected Strike"],"picked":"Body Slam","floor":39},{"not_picked":["Fiend Fire"],"picked":"Inflame","floor":40},{"not_picked":["Clash"],"picked":"Heavy Blade+1","floor":42},{"not_picked":["Perfected Strike","Twin Strike+1"],"picked":"SKIP","floor":44},{"not_picked":["Exhume"],"picked":"Blood for Blood","floor":46},{"not_picked":["Iron Wave","Corruption"],"picked":"SKIP","floor":48}],"player_experience":75966,"relics_obtained":[{"floor":8,"key":"Meat on the Bone"},{"floor":9,"key":"Question Card"},{"floor":11,"key":"Thread and Needle"},{"floor":24,"key":"Ancient Tea Set"},{"floor":26,"key":"Shovel"},{"floor":28,"key":"Mummified Hand"},{"floor":40,"key":"Omamori"},{"floor":41,"key":"Gambling Chip"},{"floor":42,"key":"Potion Belt"},{"floor":43,"key":"Bottled Flame"},{"floor":44,"key":"Magic Flower"},{"floor":46,"key":"Bottled Tornado"}],"event_choices":[{"damage_healed":0,"gold_gain":0,"player_choice":"Ignored","damage_taken":0,"max_hp_gain":0,"max_hp_loss":0,"event_name":"Liars Game","floor":5,"gold_loss":0},{"damage_healed":0,"gold_gain":0,"player_choice":"Success","damage_taken":3,"relics_obtained":["Juzu Bracelet"],"max_hp_gain":0,"max_hp_loss":0,"event_name":"Scrap Ooze","floor":7,"gold_loss":0},{"damage_healed":0,"gold_gain":0,"player_choice":"Donut","damage_taken":0,"max_hp_gain":5,"max_hp_loss":0,"event_name":"Big Fish","floor":14,"gold_loss":0},{"damage_healed":0,"gold_gain":0,"player_choice":"Copied","damage_taken":0,"max_hp_gain":0,"max_hp_loss":0,"event_name":"Duplicator","floor":20,"gold_loss":0,"cards_obtained":["Flame Barrier"]},{"cards_removed":["Strike_R"],"damage_healed":0,"gold_gain":0,"player_choice":"Upgrade and Remove","damage_taken":0,"max_hp_gain":0,"max_hp_loss":0,"event_name":"Designer","floor":27,"gold_loss":90,"cards_upgraded":["Thunderclap"]},{"damage_healed":0,"gold_gain":0,"player_choice":"Read","damage_taken":0,"max_hp_gain":0,"max_hp_loss":0,"event_name":"The Library","floor":31,"gold_loss":0,"cards_obtained":["Corruption"]},{"cards_removed":["Strike_R"],"damage_healed":0,"gold_gain":0,"player_choice":"Offered Basic","damage_taken":0,"max_hp_gain":0,"max_hp_loss":0,"event_name":"Bonfire Elementals","floor":36,"gold_loss":0},{"damage_healed":0,"gold_gain":0,"player_choice":"1 cards matched","damage_taken":0,"max_hp_gain":0,"max_hp_loss":0,"event_name":"Match and Keep!","floor":38,"gold_loss":0,"cards_obtained":["Dark Shackles"]},{"cards_removed":["Defend_R"],"damage_healed":0,"gold_gain":0,"player_choice":"Removed Skill","damage_taken":0,"max_hp_gain":0,"max_hp_loss":0,"event_name":"Falling","floor":47,"gold_loss":0}],"is_beta":false,"boss_relics":[{"not_picked":["Empty Cage","Astrolabe"],"picked":"Busted Crown"},{"not_picked":["Lizard Tail","Black Blood"],"picked":"Snecko Eye"}],"items_purged_floors":[19],"is_endless":false,"potions_floor_spawned":[3,11,12,21,28,35,40,42,46],"ascension_level":2}