{"gold_per_floor":[114,64,82,182,197,197,231,243,267,267,301,74,74,90,90,191,191,204,189,289,87,98,98,131,144,171,205,205,14,14,14,14,114,114,133,133,233,98,0,54,54,65,112,112,112],"floor_reached":45,"playtime":3736,"items_purged":["Strike_G","Strike_G"],"score":627,"play_id":"5768aa8c-5eda-4b33-a8b5-197f01bd9097","local_time":"20190310223021","is_ascension_mode":true,"campfire_choices":[{"data":"Neutralize","floor":6,"key":"SMITH"},{"floor":10,"key":"REST"},{"data":"Terror","floor":13,"key":"SMITH"},{"data":"After Image","floor":15,"key":"SMITH"},{"floor":23,"key":"REST"},{"data":"Venomology","floor":28,"key":"SMITH"},{"data":"Apotheosis","floor":30,"key":"SMITH"},{"floor":32,"key":"REST"},{"data":"Magnetism","floor":41,"key":"SMITH"}],"neow_cost":"TEN_PERCENT_HP_LOSS","seed_source_timestamp":1984657455570363,"circlet_count":0,"master_deck":["Defend_G+1","Defend_G","Defend_G+1","Defend_G","Defend_G","Strike_G","Strike_G","Survivor","Neutralize+1","Poisoned Stab","Quick Slash","Terror+1","After Image+1","Backflip","Dagger Spray","Prepared","Malaise","Deadly Poison","Escape Plan+1","Deflect+1","Venomology+1","Backflip","Backflip+1","Apotheosis+1","Dash","Magnetism+1","Enlightenment","Enlightenment","Prepared+1","Footwork","Riddle With Holes+1","Escape Plan"],"relics":["Ring of the Serpent","Unceasing Top","War Paint","Blood Vial","Vajra","PreservedInsect","Incense Burner","Meat on the Bone","ClockworkSouvenir","Ornamental Fan","Turnip","HoveringKite","Du-Vu Doll","Red Mask","FossilizedHelix","Bag of Preparation"],"potions_floor_usage":[18,20,20,24,24,25,27,27,33,33,33,37,40,42],"damage_taken":[{"damage":2,"enemies":"Cultist","floor":1,"turns":5},{"damage":0,"enemies":"Small Slimes","floor":3,"turns":4},{"damage":0,"enemies":"2 Louse","floor":5,"turns":3},{"damage":34,"enemies":"3 Sentries","floor":7,"turns":12},{"damage":5,"enemies":"Exordium Thugs","floor":8,"turns":6},{"damage":13,"enemies":"Gremlin Nob","floor":11,"turns":4},{"damage":0,"enemies":"Exordium Wildlife","floor":14,"turns":3},{"damage":29,"enemies":"Slime Boss","floor":16,"turns":14},{"damage":4,"enemies":"3 Byrds","floor":18,"turns":3},{"damage":15,"enemies":"2 Thieves","floor":19,"turns":4},{"damage":3,"enemies":"Colosseum Slavers","floor":20,"turns":6},{"damage":3,"enemies":"Colosseum Nobs","floor":20,"turns":4},{"damage":0,"enemies":"Centurion and Healer","floor":22,"turns":7},{"damage":0,"enemies":"Gremlin Leader","floor":24,"turns":5},{"damage":18,"enemies":"Cultist and Chosen","floor":25,"turns":7},{"damage":14,"enemies":"Slavers","floor":27,"turns":8},{"damage":35,"enemies":"Automaton","floor":33,"turns":14},{"damage":1,"enemies":"Orb Walker","floor":35,"turns":4},{"damage":0,"enemies":"Mind Bloom Boss Battle","floor":37,"turns":8},{"damage":6,"enemies":"2 Orb Walkers","floor":40,"turns":8},{"damage":0,"enemies":"3 Darklings","floor":42,"turns":7},{"damage":0,"enemies":"Transient","floor":45,"turns":2}],"seed_played":"-2421419310128667803","potions_obtained":[{"floor":1,"key":"GhostInAJar"},{"floor":5,"key":"EssenceOfSteel"},{"floor":7,"key":"GamblersBrew"},{"floor":14,"key":"LiquidBronze"},{"floor":18,"key":"SkillPotion"},{"floor":20,"key":"GamblersBrew"},{"floor":22,"key":"SpeedPotion"},{"floor":25,"key":"Strength Potion"},{"floor":27,"key":"FearPotion"},{"floor":35,"key":"SneckoOil"},{"floor":40,"key":"Swift Potion"}],"is_trial":false,"path_per_floor":["M","?","M","?","M","R","E","M","T","R","E","$","R","M","R","B",null,"M","M","?","$","M","R","E","M","T","E","R","$","R","$","R","B",null,"M","?","?","$","?","?","R","M","T","$","M"],"character_chosen":"THE_SILENT","items_purchased":["PreservedInsect","ClockworkSouvenir","Apotheosis","Footwork"],"campfire_rested":3,"item_purchase_floors":[12,21,29,38],"current_hp_per_floor":[61,61,61,61,61,61,27,22,22,40,29,29,29,31,31,4,48,46,33,31,31,33,51,53,37,37,37,37,37,37,37,55,34,56,57,47,49,49,49,45,45,47,47,47,49],"gold":112,"neow_bonus":"ONE_RARE_RELIC","is_prod":false,"is_daily":false,"chose_seed":false,"campfire_upgraded":6,"win_rate":0,"timestamp":1552271421,"path_taken":["M","?","M","?","M","R","E","M","T","R","E","$","R","M","R","BOSS","M","?","?","?","M","R","E","M","T","E","R","?","R","$","R","BOSS","M","?","?","$","?","?","R","M","T","$","M"],"build_version":"2019-01-23","purchased_purges":2,"victory":false,"max_hp_per_floor":[63,63,63,63,63,63,63,63,63,63,63,63,63,63,63,63,63,63,63,63,63,63,63,63,63,63,63,63,63,63,63,63,63,63,63,63,63,63,63,63,63,63,63,63,63],"card_choices":[{"not_picked":["Setup","Dagger Throw"],"picked":"Poisoned Stab","floor":1},{"not_picked":["Finisher","Slice"],"picked":"Quick Slash","floor":3},{"not_picked":["Flying Knee","Skewer"],"picked":"Terror","floor":5},{"not_picked":["Expertise","Deflect"],"picked":"After Image","floor":7},{"not_picked":["Finisher","Outmaneuver"],"picked":"Backflip","floor":8},{"not_picked":["Setup","Distraction"],"picked":"Dagger Spray","floor":11},{"not_picked":["Slice","Blade Dance"],"picked":"Prepared","floor":14},{"not_picked":["Wraith Form v2","Bullet Time"],"picked":"Malaise","floor":16},{"not_picked":["Dagger Throw","Heel Hook"],"picked":"Deadly Poison","floor":18},{"not_picked":["Acrobatics","Blade Dance"],"picked":"Escape Plan+1","floor":19},{"not_picked":["Bane","Deadly Poison"],"picked":"Deflect+1","floor":20},{"not_picked":["Choke+1","Flying Knee"],"picked":"Venomology","floor":22},{"not_picked":["Setup","Masterful Stab"],"picked":"Backflip","floor":24},{"not_picked":["Well Laid Plans","Prepared"],"picked":"Backflip+1","floor":25},{"not_picked":["Choke","Finisher","Unload"],"picked":"SKIP","floor":27},{"not_picked":["Sucker Punch","Slice+1"],"picked":"Dash","floor":35},{"not_picked":["Purity","Dark Shackles"],"picked":"Magnetism","floor":36},{"not_picked":["Discovery","Magnetism"],"picked":"Enlightenment","floor":36},{"not_picked":["Purity","Discovery"],"picked":"Enlightenment","floor":36},{"not_picked":["Bane+1","Backflip"],"picked":"Prepared+1","floor":37},{"not_picked":["Deadly Poison","Dagger Spray"],"picked":"Riddle With Holes+1","floor":40},{"not_picked":["Dagger Spray+1","Sucker Punch"],"picked":"Escape Plan","floor":42}],"player_experience":151647,"relics_obtained":[{"floor":7,"key":"War Paint"},{"floor":9,"key":"Blood Vial"},{"floor":11,"key":"Vajra"},{"floor":20,"key":"Incense Burner"},{"floor":20,"key":"Meat on the Bone"},{"floor":24,"key":"Ornamental Fan"},{"floor":27,"key":"Turnip"},{"floor":37,"key":"Du-Vu Doll"},{"floor":40,"key":"FossilizedHelix"},{"floor":43,"key":"Bag of Preparation"}],"event_choices":[{"cards_removed":["Strike_G"],"damage_healed":0,"gold_gain":0,"player_choice":"Card Removal","damage_taken":0,"max_hp_gain":0,"max_hp_loss":0,"event_name":"The Cleric","floor":2,"gold_loss":50},{"damage_healed":0,"gold_gain":100,"player_choice":"Pray","damage_taken":0,"max_hp_gain":0,"max_hp_loss":0,"event_name":"Golden Shrine","floor":4,"gold_loss":0},{"damage_healed":0,"gold_gain":0,"player_choice":"Fight","damage_taken":0,"max_hp_gain":0,"max_hp_loss":0,"event_name":"Colosseum","floor":20,"gold_loss":0},{"damage_healed":0,"gold_gain":0,"player_choice":"Fought Nobs","damage_taken":0,"max_hp_gain":0,"max_hp_loss":0,"event_name":"Colosseum","floor":20,"gold_loss":0},{"damage_healed":0,"gold_gain":0,"player_choice":"Memory 3","damage_taken":10,"max_hp_gain":0,"max_hp_loss":0,"event_name":"SensoryStone","floor":36,"gold_loss":0},{"damage_healed":0,"gold_gain":0,"player_choice":"Fight","damage_taken":0,"max_hp_gain":0,"max_hp_loss":0,"event_name":"MindBloom","floor":37,"gold_loss":0},{"damage_healed":0,"gold_gain":0,"player_choice":"Paid","damage_taken":0,"relics_obtained":["Red Mask"],"max_hp_gain":0,"max_hp_loss":0,"event_name":"Tomb of Lord Red Mask","floor":39,"gold_loss":98},{"damage_healed":0,"gold_gain":0,"player_choice":"Fight","damage_taken":0,"max_hp_gain":0,"max_hp_loss":0,"event_name":"Mysterious Sphere","floor":40,"gold_loss":0}],"is_beta":false,"boss_relics":[{"not_picked":["Lizard Tail","WristBlade"],"picked":"Ring of the Serpent"},{"not_picked":["Runic Pyramid","Calling Bell"],"picked":"HoveringKite"}],"items_purged_floors":[12,38],"is_endless":false,"potions_floor_spawned":[1,5,7,8,14,18,20,22,25,27,35,40],"killed_by":"Transient","ascension_level":6}