{"gold_per_floor":[118,131,131,148,162,187,187,187,187,187,203,218,231,250,250,323,323,343,359,130,143,153,153,168,168,168,168,168,180,193,193,193,267,267,285,285,310,322,338,338,28,28,28,38,52,52,66,77,77,77,77],"floor_reached":52,"playtime":4929,"items_purged":["Decay"],"score":1778,"play_id":"d0194a0a-293f-4a88-9f2f-d00e316d671e","local_time":"20190330193903","is_ascension_mode":true,"campfire_choices":[{"floor":8,"key":"REST"},{"floor":15,"key":"REST"},{"floor":23,"key":"REST"},{"floor":27,"key":"REST"},{"floor":32,"key":"REST"},{"floor":40,"key":"REST"},{"floor":42,"key":"REST"},{"floor":46,"key":"REST"},{"floor":49,"key":"REST"}],"neow_cost":"NONE","seed_source_timestamp":75914966474890,"circlet_count":0,"master_deck":["AscendersBane","Strike_B+1","Strike_B+1","Strike_B+1","Defend_B+1","Defend_B+1","Defend_B+1","Defend_B+1","Zap","Dualcast","Leap","Ball Lightning","Conserve Battery","Coolheaded","Cold Snap","Ball Lightning","Go for the Eyes","Biased Cognition+1","Heatsinks+1","Double Energy+1","Buffer+1","Auto Shields","Ball Lightning+1","Heatsinks+1","Biased Cognition+1","Echo Form+1","Conserve Battery","Fission","Storm+1","White Noise+1","Defragment+1","Tempest"],"relics":["Cracked Core","Bronze Scales","Frozen Egg 2","Shuriken","Runic Dome","The Courier","Fusion Hammer","Smiling Mask","Ice Cream","Mummified Hand"],"potions_floor_usage":[5,16,16,24,33,33,39,50,50],"damage_taken":[{"damage":2,"enemies":"Jaw Worm","floor":1,"turns":3},{"damage":0,"enemies":"Small Slimes","floor":2,"turns":3},{"damage":1,"enemies":"Cultist","floor":4,"turns":3},{"damage":27,"enemies":"Exordium Thugs","floor":5,"turns":7},{"damage":6,"enemies":"Lagavulin","floor":6,"turns":7},{"damage":8,"enemies":"Large Slime","floor":11,"turns":5},{"damage":3,"enemies":"Gremlin Gang","floor":12,"turns":4},{"damage":0,"enemies":"3 Louse","floor":13,"turns":2},{"damage":9,"enemies":"Blue Slaver","floor":14,"turns":3},{"damage":34,"enemies":"Slime Boss","floor":16,"turns":11},{"damage":10,"enemies":"Shell Parasite","floor":18,"turns":4},{"damage":10,"enemies":"Chosen","floor":19,"turns":5},{"damage":27,"enemies":"Snake Plant","floor":21,"turns":4},{"damage":0,"enemies":"Snecko","floor":22,"turns":6},{"damage":13,"enemies":"Sentry and Sphere","floor":24,"turns":3},{"damage":13,"enemies":"Centurion and Healer","floor":29,"turns":5},{"damage":15,"enemies":"Snecko","floor":30,"turns":3},{"damage":7,"enemies":"Champ","floor":33,"turns":9},{"damage":11,"enemies":"Orb Walker","floor":35,"turns":3},{"damage":9,"enemies":"3 Shapes","floor":38,"turns":3},{"damage":33,"enemies":"3 Darklings","floor":39,"turns":4},{"damage":0,"enemies":"Spire Growth","floor":44,"turns":4},{"damage":0,"enemies":"Maw","floor":45,"turns":3},{"damage":9,"enemies":"4 Shapes","floor":47,"turns":4},{"damage":11,"enemies":"Sphere and 2 Shapes","floor":48,"turns":4},{"damage":13,"enemies":"Time Eater","floor":50,"turns":4},{"damage":0,"enemies":"Donu and Deca","floor":51,"turns":5}],"seed_played":"2812585873778268059","potions_obtained":[{"floor":2,"key":"GamblersBrew"},{"floor":11,"key":"SpeedPotion"},{"floor":13,"key":"Poison Potion"},{"floor":16,"key":"Ancient Potion"},{"floor":22,"key":"Explosive Potion"},{"floor":29,"key":"PowerPotion"},{"floor":35,"key":"Fire Potion"},{"floor":39,"key":"Poison Potion"},{"floor":45,"key":"Weak Potion"}],"is_trial":false,"path_per_floor":["M","M","?","M","M","E","?","R","T","?","M","M","M","M","R","B",null,"M","M","$","M","M","R","M","?","T","R","?","M","M","?","R","B",null,"M","?","T","M","M","R","$","R","T","M","M","R","M","M","R","B","B",null],"character_chosen":"DEFECT","items_purchased":["Buffer+1","Auto Shields","Ice Cream"],"campfire_rested":9,"item_purchase_floors":[20,20,41],"current_hp_per_floor":[62,62,62,61,34,28,28,49,49,49,41,38,38,29,50,16,57,47,37,37,10,10,31,18,18,18,39,39,26,11,11,32,25,60,49,49,49,40,7,27,27,47,47,47,47,67,58,47,67,54,54],"gold":77,"neow_bonus":"RANDOM_COMMON_RELIC","is_prod":false,"is_daily":false,"chose_seed":false,"campfire_upgraded":0,"win_rate":0,"timestamp":1553992743,"path_taken":["M","M","?","M","M","E","?","R","T","?","M","M","M","M","R","BOSS","M","?","$","M","M","R","M","?","T","R","?","?","M","?","R","BOSS","M","?","?","M","M","R","?","R","T","?","?","R","M","M","R","BOSS","BOSS"],"build_version":"2019-01-23","purchased_purges":1,"victory":true,"max_hp_per_floor":[71,71,71,71,71,71,71,71,71,71,71,71,71,71,71,71,71,71,71,71,71,71,71,71,71,71,71,71,71,71,71,71,71,71,71,67,67,67,67,67,67,67,67,67,67,67,67,67,67,67,67],"card_choices":[{"not_picked":["Stack","Streamline"],"picked":"Leap","floor":1},{"not_picked":["Steam","Sweeping Beam"],"picked":"Ball Lightning","floor":2},{"not_picked":["Genetic Algorithm","Coolheaded"],"picked":"Conserve Battery","floor":4},{"not_picked":["Machine Learning","Hologram"],"picked":"Coolheaded","floor":5},{"not_picked":["Barrage","Redo"],"picked":"Cold Snap","floor":6},{"not_picked":["Tempest","Conserve Battery"],"picked":"Ball Lightning","floor":11},{"not_picked":["Rebound","Streamline","Gash"],"picked":"SKIP","floor":12},{"not_picked":["Meteor Strike","Rebound","Stack"],"picked":"SKIP","floor":13},{"not_picked":["Beam Cell","Barrage"],"picked":"Go for the Eyes","floor":14},{"not_picked":["Rainbow","Meteor Strike"],"picked":"Biased Cognition+1","floor":16},{"not_picked":["Redo","Turbo"],"picked":"Heatsinks+1","floor":18},{"not_picked":["Auto Shields","Hologram"],"picked":"Double Energy+1","floor":19},{"not_picked":["Streamline","Lockon","Chaos"],"picked":"SKIP","floor":21},{"not_picked":["Redo","Turbo"],"picked":"Ball Lightning+1","floor":22},{"not_picked":["Genetic Algorithm+1","Conserve Battery"],"picked":"Heatsinks+1","floor":24},{"not_picked":["Conserve Battery","Blizzard"],"picked":"Echo Form+1","floor":29},{"not_picked":["Stack","Barrage"],"picked":"Conserve Battery","floor":30},{"not_picked":["Hyperbeam","All For One"],"picked":"Fission","floor":33},{"not_picked":["Undo","Stack+1"],"picked":"Storm+1","floor":35},{"not_picked":["Barrage","Streamline+1","Compile Driver"],"picked":"SKIP","floor":38},{"not_picked":["Defragment+1","Recycle"],"picked":"White Noise+1","floor":39},{"not_picked":["Stack","Barrage"],"picked":"Defragment+1","floor":44},{"not_picked":["Sweeping Beam","Stack","Barrage+1"],"picked":"SKIP","floor":45},{"not_picked":["Core Surge","Lockon"],"picked":"Tempest","floor":47},{"not_picked":["Gash+1","Conserve Battery","Coolheaded"],"picked":"SKIP","floor":48}],"player_experience":1199241,"relics_obtained":[{"floor":6,"key":"Frozen Egg 2"},{"floor":9,"key":"Shuriken"},{"floor":26,"key":"The Courier"},{"floor":37,"key":"Smiling Mask"},{"floor":43,"key":"Mummified Hand"}],"event_choices":[{"damage_healed":0,"gold_gain":0,"player_choice":"Ignored","damage_taken":0,"max_hp_gain":0,"max_hp_loss":0,"event_name":"Shining Light","floor":3,"gold_loss":0},{"damage_healed":0,"gold_gain":0,"player_choice":"Ignored","damage_taken":0,"max_hp_gain":0,"max_hp_loss":0,"event_name":"Golden Idol","floor":7,"gold_loss":0},{"cards_removed":["Strike_B"],"damage_healed":0,"gold_gain":0,"player_choice":"Offered Basic","damage_taken":0,"max_hp_gain":0,"max_hp_loss":0,"event_name":"Bonfire Elementals","floor":10,"gold_loss":0},{"damage_healed":0,"gold_gain":0,"player_choice":"Smashed Altar","damage_taken":0,"max_hp_gain":0,"max_hp_loss":0,"event_name":"Forgotten Altar","floor":25,"gold_loss":0,"cards_obtained":["Decay"]},{"damage_healed":0,"gold_gain":0,"player_choice":"Copied","damage_taken":0,"max_hp_gain":0,"max_hp_loss":0,"event_name":"Duplicator","floor":28,"gold_loss":0,"cards_obtained":["Biased Cognition"]},{"damage_healed":0,"gold_gain":0,"player_choice":"Simplicity","damage_taken":0,"max_hp_gain":0,"max_hp_loss":0,"event_name":"Back to Basics","floor":31,"gold_loss":0,"cards_upgraded":["Strike_B","Strike_B","Strike_B","Defend_B","Defend_B","Defend_B","Defend_B"]},{"damage_healed":0,"gold_gain":0,"player_choice":"Max HP","damage_taken":0,"max_hp_gain":0,"max_hp_loss":4,"event_name":"Winding Halls","floor":36,"gold_loss":0}],"is_beta":false,"boss_relics":[{"not_picked":["Velvet Choker","Astrolabe"],"picked":"Runic Dome"},{"not_picked":["Coffee Dripper","Cursed Key"],"picked":"Fusion Hammer"}],"items_purged_floors":[41],"is_endless":false,"potions_floor_spawned":[2,11,13,14,16,22,29,30,35,39,45],"ascension_level":20}