{"gold_per_floor":[119,132,145,155,171,171,205,218,245,263,72,72,102,119,119,221,221,234,234,234,252,6,32,42,42],"floor_reached":25,"playtime":2275,"items_purged":["Defend_R"],"score":291,"play_id":"09f60245-ac30-44f5-937a-b704cc542498","local_time":"20190423224246","is_ascension_mode":true,"campfire_choices":[{"floor":6,"key":"RECALL"},{"data":"Barricade","floor":15,"key":"SMITH"}],"neow_cost":"NONE","seed_source_timestamp":1419595195694,"circlet_count":0,"master_deck":["Strike_R","Strike_R","Strike_R","Strike_R","Strike_R","Defend_R","Defend_R","Defend_R","Bash","Rampage","Body Slam","Shrug It Off","Barricade+1","Shrug It Off","Flame Barrier","Offering","Flame Barrier","Flame Barrier","Mayhem","Shrug It Off"],"relics":["Burning Blood","Centennial Puzzle","Strange Spoon","Anchor","Runic Pyramid","Blood Vial"],"potions_floor_usage":[7,16,16,16,23],"damage_taken":[{"damage":1,"enemies":"Cultist","floor":1,"turns":3},{"damage":11,"enemies":"2 Louse","floor":2,"turns":3},{"damage":9,"enemies":"Small Slimes","floor":3,"turns":3},{"damage":15,"enemies":"Looter","floor":4,"turns":3},{"damage":2,"enemies":"Large Slime","floor":5,"turns":6},{"damage":22,"enemies":"Gremlin Nob","floor":7,"turns":4},{"damage":7,"enemies":"Gremlin Gang","floor":8,"turns":6},{"damage":21,"enemies":"2 Fungi Beasts","floor":10,"turns":5},{"damage":0,"enemies":"Looter","floor":14,"turns":3},{"damage":0,"enemies":"The Guardian","floor":16,"turns":10},{"damage":14,"enemies":"Spheric Guardian","floor":18,"turns":6},{"damage":6,"enemies":"3 Byrds","floor":21,"turns":5},{"damage":45,"enemies":"Book of Stabbing","floor":23,"turns":8},{"damage":16,"enemies":"Centurion and Healer","floor":24,"turns":8},{"damage":31,"enemies":"Shelled Parasite and Fungi","floor":25,"turns":4}],"seed_played":"-4350651911026687576","potions_obtained":[{"floor":2,"key":"AttackPotion"},{"floor":4,"key":"Strength Potion"},{"floor":5,"key":"Fire Potion"},{"floor":7,"key":"EssenceOfSteel"},{"floor":8,"key":"Block Potion"},{"floor":21,"key":"EssenceOfSteel"}],"is_trial":false,"path_per_floor":["M","M","M","M","M","R","E","M","T","M","$","?","?","M","R","B",null,"M","?","?","M","$","E","M","M"],"character_chosen":"IRONCLAD","items_purchased":["Strange Spoon","Mayhem"],"campfire_rested":0,"item_purchase_floors":[11,22],"current_hp_per_floor":[80,75,72,63,67,67,51,50,50,35,35,61,61,67,67,73,80,72,72,72,72,72,33,25,0],"gold":42,"neow_bonus":"THREE_CARDS","is_prod":false,"is_daily":false,"chose_seed":false,"campfire_upgraded":1,"win_rate":0,"timestamp":1556073766,"path_taken":["M","?","M","M","M","R","E","M","T","M","$","?","?","M","R","BOSS","M","?","?","M","$","E","M","?"],"build_version":"2019-01-23","purchased_purges":1,"victory":false,"max_hp_per_floor":[80,80,80,80,80,80,80,80,80,80,80,80,80,80,80,80,80,80,80,80,80,80,80,80,80],"card_choices":[{"not_picked":["Clash","Wild Strike","Clothesline"],"picked":"SKIP","floor":1},{"not_picked":["Iron Wave","Searing Blow"],"picked":"Rampage","floor":2},{"not_picked":["Iron Wave","Sword Boomerang","Wild Strike"],"picked":"SKIP","floor":3},{"not_picked":["Bloodletting","Heavy Blade"],"picked":"Body Slam","floor":4},{"not_picked":["Armaments","Dual Wield"],"picked":"Shrug It Off","floor":5},{"not_picked":["Entrench","Perfected Strike"],"picked":"Barricade","floor":7},{"not_picked":["Cleave","Twin Strike","Anger"],"picked":"SKIP","floor":8},{"not_picked":["Clash","Body Slam"],"picked":"Shrug It Off","floor":10},{"not_picked":["Dropkick","Feel No Pain"],"picked":"Flame Barrier","floor":14},{"not_picked":["Bludgeon","Fiend Fire"],"picked":"Offering","floor":16},{"not_picked":["Headbutt","True Grit","Rupture"],"picked":"SKIP","floor":18},{"not_picked":["Pommel Strike","Flex+1"],"picked":"Flame Barrier","floor":21},{"not_picked":["Shrug It Off","Pommel Strike","Feel No Pain+1"],"picked":"SKIP","floor":23},{"not_picked":["Headbutt","Hemokinesis"],"picked":"Shrug It Off","floor":24}],"player_experience":33463,"relics_obtained":[{"floor":7,"key":"Centennial Puzzle"},{"floor":23,"key":"Blood Vial"}],"event_choices":[{"damage_healed":26,"gold_gain":0,"player_choice":"Banana","damage_taken":0,"max_hp_gain":0,"max_hp_loss":0,"event_name":"Big Fish","floor":12,"gold_loss":0},{"damage_healed":0,"gold_gain":30,"player_choice":"Searched \u00272\u0027 times","damage_taken":0,"relics_obtained":["Anchor"],"max_hp_gain":0,"max_hp_loss":0,"event_name":"Dead Adventurer","floor":13,"gold_loss":0},{"damage_healed":0,"gold_gain":0,"player_choice":"Ignored","damage_taken":0,"max_hp_gain":0,"max_hp_loss":0,"event_name":"Vampires","floor":19,"gold_loss":0},{"damage_healed":0,"gold_gain":0,"player_choice":"Copied","damage_taken":0,"max_hp_gain":0,"max_hp_loss":0,"event_name":"Duplicator","floor":20,"gold_loss":0,"cards_obtained":["Flame Barrier"]}],"is_beta":false,"boss_relics":[{"not_picked":["Busted Crown","Fusion Hammer"],"picked":"Runic Pyramid"}],"items_purged_floors":[22],"is_endless":false,"potions_floor_spawned":[2,4,5,7,8,21],"killed_by":"Shelled Parasite and Fungi","ascension_level":1}