{"gold_per_floor":[114,264,20,120,139,139,173,173,226,238,250],"floor_reached":11,"playtime":186,"items_purged":["Doubt"],"score":188,"play_id":"69036e91-92d6-41da-aa94-491c11a6a1a3","local_time":"20190428032416","is_ascension_mode":true,"campfire_choices":[{"data":"Footwork","floor":6,"key":"SMITH"},{"data":"Neutralize","floor":8,"key":"SMITH"},{"data":"Leg Sweep","floor":10,"key":"SMITH"}],"neow_cost":"NONE","seed_source_timestamp":190492418055200,"circlet_count":0,"master_deck":["AscendersBane","Defend_G","Defend_G","Defend_G","Defend_G","Defend_G","Strike_G","Strike_G","Strike_G","Strike_G","Strike_G","Survivor","Neutralize+1","Cloak And Dagger","Footwork+1","Leg Sweep+1","Cloak And Dagger","Calculated Gamble"],"relics":["Ring of the Snake","NeowsBlessing","Bottled Tornado","MawBank"],"potions_floor_usage":[11],"damage_taken":[{"damage":0,"enemies":"2 Louse","floor":1,"turns":1},{"damage":0,"enemies":"Jaw Worm","floor":5,"turns":1},{"damage":0,"enemies":"3 Sentries","floor":7,"turns":2},{"damage":63,"enemies":"Gremlin Nob","floor":11,"turns":8}],"seed_played":"8619147350045679344","potions_obtained":[{"floor":5,"key":"GhostInAJar"}],"is_trial":false,"path_per_floor":["M","?","$","?","M","R","E","R","T","R","E"],"character_chosen":"THE_SILENT","items_purchased":["Footwork","Leg Sweep"],"campfire_rested":0,"item_purchase_floors":[3,3],"current_hp_per_floor":[59,59,59,59,59,59,59,59,59,59,0],"gold":250,"neow_bonus":"THREE_ENEMY_KILL","is_prod":false,"is_daily":false,"chose_seed":false,"campfire_upgraded":3,"win_rate":0,"timestamp":1556414656,"path_taken":["M","?","$","?","?","R","E","R","T","R","E"],"build_version":"2019-01-23","purchased_purges":1,"victory":false,"max_hp_per_floor":[66,66,66,66,66,66,66,66,66,66,66],"card_choices":[{"not_picked":["Dagger Spray","Masterful Stab"],"picked":"Cloak And Dagger","floor":1},{"not_picked":["Sucker Punch","Dagger Throw"],"picked":"Cloak And Dagger","floor":5},{"not_picked":["Outmaneuver","Dodge and Roll"],"picked":"Calculated Gamble","floor":7}],"player_experience":611639,"relics_obtained":[{"floor":7,"key":"Bottled Tornado"},{"floor":9,"key":"MawBank"}],"event_choices":[{"damage_healed":0,"gold_gain":150,"player_choice":"AGREE","damage_taken":0,"max_hp_gain":0,"max_hp_loss":0,"event_name":"Liars Game","floor":2,"gold_loss":0,"cards_obtained":["Doubt"]},{"damage_healed":0,"gold_gain":100,"player_choice":"Gold","damage_taken":0,"max_hp_gain":0,"max_hp_loss":0,"event_name":"Wheel of Change","floor":4,"gold_loss":0}],"is_beta":false,"boss_relics":[],"items_purged_floors":[3],"is_endless":false,"potions_floor_spawned":[5],"killed_by":"Gremlin Nob","ascension_level":20}