{"gold_per_floor":[113,113,130,130,142,142,155,155,155,115,144,23,23,39,39,141,141,151,166,166,26,26,26,40,40,40,54,54,73,73],"floor_reached":30,"playtime":1456,"items_purged":["Strike_G"],"score":313,"play_id":"bda43161-990d-4067-b167-892e098044af","local_time":"20181102222439","is_ascension_mode":true,"campfire_choices":[{"data":"Footwork","floor":6,"key":"SMITH"},{"data":"Noxious Fumes","floor":8,"key":"SMITH"},{"data":"Footwork","floor":13,"key":"SMITH"},{"data":"Bane","floor":15,"key":"SMITH"},{"data":"Envenom","floor":23,"key":"SMITH"}],"neow_cost":"PERCENT_DAMAGE","seed_source_timestamp":277756132548480,"circlet_count":0,"master_deck":["Defend_G","Defend_G","Defend_G","Defend_G","Defend_G","Strike_G","Strike_G","Strike_G","Strike_G","Survivor","Neutralize","Footwork+1","Noxious Fumes+1","Footwork+1","Poisoned Stab","Bane+1","Envenom+1","PiercingWail","Bandage Up","Deflect","Well Laid Plans+1","Decay"],"relics":["Ring of the Snake","Tough Bandages","StoneCalendar","Sozu","Frozen Egg 2","Strawberry"],"potions_floor_usage":[11,16,16],"damage_taken":[{"damage":3,"enemies":"Jaw Worm","floor":1,"turns":4},{"damage":0,"enemies":"Cultist","floor":3,"turns":5},{"damage":0,"enemies":"2 Louse","floor":5,"turns":4},{"damage":6,"enemies":"Blue Slaver","floor":7,"turns":5},{"damage":1,"enemies":"Lagavulin","floor":11,"turns":9},{"damage":2,"enemies":"2 Fungi Beasts","floor":14,"turns":4},{"damage":13,"enemies":"The Guardian","floor":16,"turns":9},{"damage":14,"enemies":"Spheric Guardian","floor":18,"turns":7},{"damage":11,"enemies":"Chosen","floor":19,"turns":6},{"damage":26,"enemies":"Sentry and Sphere","floor":24,"turns":8},{"damage":16,"enemies":"Snake Plant","floor":27,"turns":5},{"damage":26,"enemies":"Cultist and Chosen","floor":29,"turns":7},{"damage":17,"enemies":"Snecko","floor":30,"turns":4}],"seed_played":"-8361377152138073520","potions_obtained":[{"floor":1,"key":"SpeedPotion"},{"floor":5,"key":"Energy Potion"},{"floor":7,"key":"EssenceOfSteel"},{"floor":16,"key":"Dexterity Potion"}],"is_trial":false,"path_per_floor":["M","$","M","?","M","R","M","R","T","$","E","$","R","M","R","B",null,"M","M","?","$","T","R","M","$","T","M","?","M","M"],"character_chosen":"THE_SILENT","items_purchased":["Footwork","Poisoned Stab","Bandage Up","Deflect"],"campfire_rested":0,"item_purchase_floors":[10,12,21,21],"current_hp_per_floor":[60,60,60,84,84,84,78,78,78,78,77,77,77,75,75,62,79,65,54,54,54,54,54,32,32,39,27,27,5,0],"gold":73,"neow_bonus":"TWENTY_PERCENT_HP_BONUS","is_prod":false,"is_daily":false,"chose_seed":false,"campfire_upgraded":5,"win_rate":0,"timestamp":1541193879,"path_taken":["M","$","M","?","M","R","M","R","T","$","E","$","R","M","R","BOSS","M","M","?","$","?","R","M","$","T","M","?","M","M"],"build_version":"2018-11-01","purchased_purges":1,"victory":false,"max_hp_per_floor":[84,84,84,84,84,84,84,84,84,84,84,84,84,84,84,84,84,84,84,84,84,84,84,84,84,91,91,91,91,91],"card_choices":[{"not_picked":["Quick Slash","Dagger Spray"],"picked":"Footwork","floor":1},{"not_picked":["Cloak And Dagger","Blade Dance"],"picked":"Noxious Fumes","floor":3},{"not_picked":["Expertise","Skewer","Poisoned Stab"],"picked":"SKIP","floor":5},{"not_picked":["Underhanded Strike","Acrobatics","All Out Attack"],"picked":"SKIP","floor":7},{"not_picked":["Expertise","Night Terror","Slice"],"picked":"SKIP","floor":11},{"not_picked":["Expertise","Deadly Poison"],"picked":"Bane","floor":14},{"not_picked":["Doppelganger","Burst"],"picked":"Envenom","floor":16},{"not_picked":["Bane","Terror"],"picked":"PiercingWail","floor":18},{"not_picked":["Outmaneuver","Dagger Throw","Blade Dance"],"picked":"SKIP","floor":19},{"not_picked":["Slice","Choke+1","Reflex"],"picked":"SKIP","floor":24},{"not_picked":["Deflect","Slice+1"],"picked":"Well Laid Plans+1","floor":27},{"not_picked":["Bouncing Flask","Prepared+1","Calculated Gamble+1"],"picked":"SKIP","floor":29}],"player_experience":268889,"relics_obtained":[{"floor":9,"key":"Tough Bandages"},{"floor":11,"key":"StoneCalendar"},{"floor":22,"key":"Frozen Egg 2"},{"floor":26,"key":"Strawberry"}],"event_choices":[{"damage_healed":28,"gold_gain":0,"player_choice":"Banana","damage_taken":0,"max_hp_gain":0,"max_hp_loss":0,"event_name":"Big Fish","floor":4,"gold_loss":0},{"damage_healed":0,"gold_gain":0,"player_choice":"0 cards matched","damage_taken":0,"max_hp_gain":0,"max_hp_loss":0,"event_name":"Match and Keep!","floor":20,"gold_loss":0,"cards_obtained":[]},{"damage_healed":0,"gold_gain":0,"player_choice":"Smashed Altar","damage_taken":0,"max_hp_gain":0,"max_hp_loss":0,"event_name":"Forgotten Altar","floor":28,"gold_loss":0,"cards_obtained":["Decay"]}],"is_beta":false,"boss_relics":[{"not_picked":["Busted Crown","Fusion Hammer"],"picked":"Sozu"}],"items_purged_floors":[12],"is_endless":false,"potions_floor_spawned":[1,5,7,16,18],"killed_by":"Snecko","ascension_level":5}