{"gold_per_floor":[113,128,128,142,142,142,169,180,180,210,61,88,105,134,134,237,237,253,236,253,272,272,305,305,334,388,388,416,435,454,488,488,590,590,600,611,119,138,138,138,168,218,299,299,318,353,43,53,53,53],"floor_reached":51,"playtime":2366,"items_purged":["Strike_R"],"score":1142,"play_id":"c24fce25-6b62-45a2-9e6b-7d73d2ef5cc2","local_time":"20190403194002","is_ascension_mode":true,"campfire_choices":[{"data":"Clothesline","floor":6,"key":"SMITH"},{"data":"Demon Form","floor":15,"key":"SMITH"},{"data":"Heavy Blade","floor":24,"key":"SMITH"},{"data":"Offering","floor":27,"key":"SMITH"},{"data":"Power Through","floor":32,"key":"SMITH"},{"data":"Spot Weakness","floor":40,"key":"SMITH"},{"data":"Pummel","floor":44,"key":"SMITH"},{"data":"Spot Weakness","floor":49,"key":"SMITH"}],"neow_cost":"NONE","seed_source_timestamp":81355286473783,"circlet_count":0,"master_deck":["Strike_R","Strike_R","Strike_R","Strike_R","Defend_R","Defend_R","Defend_R","Bash","Clothesline+1","Armaments+1","Demon Form+1","Heavy Blade+1","Disarm","Reaper","Whirlwind","Burning Pact+1","Power Through+1","Pommel Strike","Ghostly Armor+1","Disarm+1","Offering+1","Headbutt","Double Tap","Seeing Red+1","Shrug It Off","Pummel+1","Spot Weakness+1","Uppercut+1","Offering","Spot Weakness+1","Disarm+1","Heavy Blade+1"],"relics":["Burning Blood","Ancient Tea Set","Gremlin Horn","StoneCalendar","FossilizedHelix","Shuriken","Pear","Sozu","Happy Flower","Potion Belt","Bag of Preparation","Smiling Mask","Ornamental Fan","Prayer Wheel","Eternal Feather","Singing Bowl","Sling","Thread and Needle","Mango","Sundial","Red Skull","Gambling Chip"],"potions_floor_usage":[7,8,10,23],"damage_taken":[{"damage":5,"enemies":"Jaw Worm","floor":1,"turns":5},{"damage":6,"enemies":"Cultist","floor":2,"turns":3},{"damage":0,"enemies":"Small Slimes","floor":4,"turns":3},{"damage":10,"enemies":"3 Sentries","floor":7,"turns":8},{"damage":2,"enemies":"Looter","floor":8,"turns":4},{"damage":0,"enemies":"Lagavulin","floor":10,"turns":5},{"damage":35,"enemies":"3 Sentries","floor":12,"turns":7},{"damage":0,"enemies":"3 Louse","floor":13,"turns":2},{"damage":1,"enemies":"Lagavulin","floor":14,"turns":8},{"damage":0,"enemies":"Slime Boss","floor":16,"turns":6},{"damage":4,"enemies":"Shell Parasite","floor":18,"turns":4},{"damage":15,"enemies":"2 Thieves","floor":19,"turns":4},{"damage":0,"enemies":"Sentry and Sphere","floor":20,"turns":3},{"damage":6,"enemies":"Snake Plant","floor":21,"turns":4},{"damage":20,"enemies":"Gremlin Leader","floor":23,"turns":6},{"damage":0,"enemies":"Book of Stabbing","floor":25,"turns":6},{"damage":12,"enemies":"Gremlin Leader","floor":28,"turns":5},{"damage":0,"enemies":"Centurion and Healer","floor":29,"turns":4},{"damage":0,"enemies":"Snecko","floor":30,"turns":5},{"damage":0,"enemies":"Book of Stabbing","floor":31,"turns":5},{"damage":0,"enemies":"Champ","floor":33,"turns":8},{"damage":37,"enemies":"3 Darklings","floor":35,"turns":7},{"damage":4,"enemies":"Orb Walker","floor":36,"turns":4},{"damage":6,"enemies":"Spire Growth","floor":38,"turns":4},{"damage":5,"enemies":"Giant Head","floor":41,"turns":5},{"damage":22,"enemies":"2 Orb Walkers","floor":42,"turns":2},{"damage":6,"enemies":"4 Shapes","floor":45,"turns":2},{"damage":6,"enemies":"Nemesis","floor":46,"turns":3},{"damage":6,"enemies":"Transient","floor":48,"turns":5},{"damage":15,"enemies":"Time Eater","floor":50,"turns":10}],"seed_played":"6360942635312347366","potions_obtained":[{"floor":1,"key":"LiquidBronze"},{"floor":7,"key":"GamblersBrew"},{"floor":8,"key":"SteroidPotion"},{"floor":14,"key":"SpeedPotion"},{"floor":16,"key":"FearPotion"}],"is_trial":false,"path_per_floor":["M","M","$","M","?","R","E","M","T","E","$","E","M","E","R","B",null,"M","M","M","M","?","E","R","E","T","R","E","M","M","E","R","B",null,"M","M","$","M","?","R","E","?","T","R","M","E","$","M","R","B",null],"character_chosen":"IRONCLAD","items_purchased":["Reaper","Singing Bowl","Sling","Gambling Chip"],"campfire_rested":0,"item_purchase_floors":[11,37,37,47],"current_hp_per_floor":[80,80,80,80,80,80,76,80,80,80,80,74,80,90,90,90,90,90,81,87,87,87,73,73,90,90,90,90,90,90,90,90,90,90,88,90,90,92,92,92,92,92,92,107,110,112,112,112,112,104],"gold":53,"neow_bonus":"RANDOM_COMMON_RELIC","is_prod":false,"is_daily":false,"chose_seed":false,"campfire_upgraded":8,"win_rate":0,"timestamp":1554338402,"path_taken":["M","M","$","M","?","R","E","M","T","E","?","E","M","E","R","BOSS","M","M","M","M","?","E","R","E","T","R","E","M","M","E","R","BOSS","M","M","$","M","?","R","E","?","T","R","M","E","$","M","R","BOSS"],"build_version":"2019-01-23","purchased_purges":1,"victory":true,"max_hp_per_floor":[80,80,80,80,80,80,80,80,80,80,80,80,80,90,90,90,90,90,90,90,90,90,90,90,90,90,90,90,90,90,90,90,90,90,90,90,90,92,92,92,92,108,108,108,110,112,112,112,112,112],"card_choices":[{"not_picked":["Entrench","Body Slam"],"picked":"Clothesline","floor":1},{"not_picked":["Burning Pact","Sword Boomerang"],"picked":"Armaments","floor":2},{"not_picked":["Armaments","Warcry","Anger"],"picked":"SKIP","floor":4},{"not_picked":["Entrench","Corruption"],"picked":"Demon Form","floor":7},{"not_picked":["Sword Boomerang","Clothesline"],"picked":"Heavy Blade","floor":8},{"not_picked":["Clash","Wild Strike"],"picked":"Disarm","floor":10},{"not_picked":["Thunderclap","Feed"],"picked":"Whirlwind","floor":12},{"not_picked":["Bloodletting","Cleave","Perfected Strike"],"picked":"SKIP","floor":13},{"not_picked":["Warcry","Armaments","Cleave"],"picked":"SKIP","floor":14},{"not_picked":["Body Slam","Armaments"],"picked":"Burning Pact+1","floor":18},{"not_picked":["Iron Wave","Reckless Charge+1"],"picked":"Power Through","floor":19},{"not_picked":["Twin Strike+1","Heavy Blade"],"picked":"Pommel Strike","floor":20},{"not_picked":["Carnage+1","Thunderclap"],"picked":"Ghostly Armor+1","floor":21},{"not_picked":["Whirlwind","Brutality"],"picked":"Disarm+1","floor":23},{"not_picked":["Pommel Strike+1","Twin Strike+1"],"picked":"Offering","floor":25},{"not_picked":["Pommel Strike","Iron Wave+1","Bloodletting"],"picked":"SKIP","floor":28},{"not_picked":["Clash","Armaments"],"picked":"Headbutt","floor":29},{"not_picked":["Immolate","Armaments","Clash"],"picked":"SKIP","floor":30},{"not_picked":["Flex","Rampage","Brutality"],"picked":"SKIP","floor":31},{"not_picked":["Juggernaut","Offering"],"picked":"Double Tap","floor":33},{"not_picked":["Clothesline","Sentinel+1"],"picked":"Seeing Red+1","floor":35},{"not_picked":["Clothesline","Heavy Blade"],"picked":"Shrug It Off","floor":35},{"not_picked":["Body Slam","Twin Strike+1"],"picked":"Pummel","floor":36},{"not_picked":["Blood for Blood+1","Wild Strike"],"picked":"Spot Weakness","floor":36},{"not_picked":["Dropkick","Seeing Red","Twin Strike+1"],"picked":"Singing Bowl","floor":38},{"not_picked":["Twin Strike","Headbutt+1"],"picked":"Uppercut+1","floor":38},{"not_picked":["Clothesline+1","Armaments"],"picked":"Offering","floor":41},{"not_picked":["Warcry","Clothesline","Rupture+1"],"picked":"Singing Bowl","floor":42},{"not_picked":["Bloodletting+1","Havoc+1"],"picked":"Spot Weakness","floor":45},{"not_picked":["Sever Soul+1","Dual Wield","Sword Boomerang+1"],"picked":"Singing Bowl","floor":45},{"not_picked":["Clothesline","Carnage","Twin Strike"],"picked":"Singing Bowl","floor":46},{"not_picked":["Feel No Pain+1","Clothesline+1"],"picked":"Disarm+1","floor":48},{"not_picked":["Clash+1","Warcry+1"],"picked":"Heavy Blade+1","floor":48}],"player_experience":1215155,"relics_obtained":[{"floor":7,"key":"Gremlin Horn"},{"floor":9,"key":"StoneCalendar"},{"floor":10,"key":"FossilizedHelix"},{"floor":12,"key":"Shuriken"},{"floor":14,"key":"Pear"},{"floor":23,"key":"Potion Belt"},{"floor":25,"key":"Bag of Preparation"},{"floor":26,"key":"Smiling Mask"},{"floor":28,"key":"Ornamental Fan"},{"floor":31,"key":"Prayer Wheel"},{"floor":41,"key":"Thread and Needle"},{"floor":42,"key":"Mango"},{"floor":43,"key":"Sundial"},{"floor":46,"key":"Red Skull"}],"event_choices":[{"damage_healed":0,"gold_gain":0,"player_choice":"Forge","damage_taken":0,"max_hp_gain":0,"max_hp_loss":0,"event_name":"Accursed Blacksmith","floor":5,"gold_loss":0,"cards_upgraded":["Armaments"]},{"damage_healed":0,"gold_gain":0,"player_choice":"Opened","damage_taken":0,"relics_obtained":["Happy Flower"],"max_hp_gain":0,"max_hp_loss":0,"event_name":"The Mausoleum","floor":22,"gold_loss":0},{"cards_removed":["Defend_R"],"damage_healed":0,"gold_gain":0,"player_choice":"Removed Skill","damage_taken":0,"max_hp_gain":0,"max_hp_loss":0,"event_name":"Falling","floor":39,"gold_loss":0},{"damage_healed":0,"gold_gain":0,"player_choice":"Fight","damage_taken":0,"max_hp_gain":0,"max_hp_loss":0,"event_name":"Mysterious Sphere","floor":42,"gold_loss":0}],"is_beta":false,"boss_relics":[{"not_picked":["Philosopher\u0027s Stone","Ectoplasm"],"picked":"Sozu"},{"not_picked":["Astrolabe","Pandora\u0027s Box"],"picked":"Eternal Feather"}],"items_purged_floors":[37],"is_endless":false,"potions_floor_spawned":[1,7,8,14,16,18,19,21,31,36,38,41],"ascension_level":1}