{"gold_per_floor":[367,542,554,569,238,238,252,252,252,252,268,294,294,124,124,225,225,244,119,119,119,169,169,182,210,210,221,234,234,84,99,99,197,197,208,208,256,270,282,282,282,312,383,393,218,233,33,50,50,50],"floor_reached":51,"playtime":3042,"items_purged":["Doubt","Bash","Strike_R","Strike_R+1","Strike_R+1","Strike_R+1"],"score":1036,"play_id":"faa54feb-4507-4090-9736-320e2e91cf9b","local_time":"20181230224317","is_ascension_mode":true,"campfire_choices":[{"data":"Thunderclap","floor":6,"key":"SMITH"},{"data":"Feed","floor":10,"key":"SMITH"},{"data":"Spot Weakness","floor":13,"key":"SMITH"},{"data":"Twin Strike","floor":15,"key":"SMITH"},{"data":"Limit Break","floor":23,"key":"SMITH"},{"floor":29,"key":"REST"},{"data":"Rampage","floor":32,"key":"SMITH"},{"data":"Offering","floor":41,"key":"SMITH"},{"floor":49,"key":"REST"}],"neow_cost":"PERCENT_DAMAGE","seed_source_timestamp":16238414880893,"circlet_count":0,"master_deck":["Defend_R+1","Defend_R+1","Defend_R+1","Defend_R+1","Spot Weakness+1","Thunderclap+1","Feed+1","Twin Strike+1","Dropkick","Limit Break+1","Warcry+1","Shrug It Off+1","Pommel Strike+1","Rampage+1","Disarm+1","Offering+1","Fiend Fire","Battle Trance","Second Wind","Corruption+1","Secret Technique","Sentinel"],"relics":["Burning Blood","Meat on the Bone","Champion Belt","Prayer Wheel","Question Card","Runic Cube","Regal Pillow","Self Forming Clay","Lizard Tail","Dead Branch","Ancient Tea Set","Ornamental Fan"],"potions_floor_usage":[7,12,18,25,31,33,37,39],"damage_taken":[{"damage":6,"enemies":"Cultist","floor":1,"turns":4},{"damage":4,"enemies":"Jaw Worm","floor":3,"turns":4},{"damage":2,"enemies":"2 Louse","floor":4,"turns":3},{"damage":1,"enemies":"2 Fungi Beasts","floor":7,"turns":2},{"damage":19,"enemies":"Lots of Slimes","floor":11,"turns":3},{"damage":19,"enemies":"3 Sentries","floor":12,"turns":7},{"damage":45,"enemies":"The Guardian","floor":16,"turns":12},{"damage":36,"enemies":"2 Thieves","floor":18,"turns":4},{"damage":4,"enemies":"Chosen","floor":24,"turns":3},{"damage":37,"enemies":"Slavers","floor":25,"turns":4},{"damage":15,"enemies":"Snake Plant","floor":27,"turns":3},{"damage":41,"enemies":"Centurion and Healer","floor":28,"turns":10},{"damage":13,"enemies":"Cultist and Chosen","floor":31,"turns":6},{"damage":38,"enemies":"Champ","floor":33,"turns":8},{"damage":26,"enemies":"3 Darklings","floor":35,"turns":4},{"damage":17,"enemies":"2 Orb Walkers","floor":37,"turns":3},{"damage":35,"enemies":"3 Shapes","floor":38,"turns":2},{"damage":16,"enemies":"Spire Growth","floor":39,"turns":3},{"damage":6,"enemies":"Reptomancer","floor":42,"turns":3},{"damage":6,"enemies":"Sphere and 2 Shapes","floor":44,"turns":3},{"damage":21,"enemies":"4 Shapes","floor":46,"turns":4},{"damage":7,"enemies":"Maw","floor":48,"turns":3},{"damage":24,"enemies":"Donu and Deca","floor":50,"turns":3}],"seed_played":"5622387158051853030","potions_obtained":[{"floor":3,"key":"AttackPotion"},{"floor":11,"key":"EssenceOfSteel"},{"floor":12,"key":"Energy Potion"},{"floor":18,"key":"Swift Potion"},{"floor":27,"key":"Ancient Potion"},{"floor":31,"key":"EssenceOfSteel"},{"floor":33,"key":"PowerPotion"},{"floor":38,"key":"Swift Potion"},{"floor":44,"key":"Block Potion"},{"floor":48,"key":"Fire Potion"}],"is_trial":false,"path_per_floor":["M","?","M","M","$","R","M","?","T","R","M","E","R","$","R","B",null,"M","$","?","?","?","R","M","E","T","M","M","R","$","M","R","B",null,"M","?","?","M","M","?","R","E","T","M","$","M","$","M","R","B",null],"character_chosen":"IRONCLAD","items_purchased":["Meat on the Bone","Dropkick"],"campfire_rested":2,"item_purchase_floors":[5,14],"current_hp_per_floor":[56,56,58,62,62,62,67,67,67,67,58,61,61,61,61,34,88,62,62,62,44,44,44,62,47,47,54,35,83,83,80,80,60,117,97,97,90,73,75,75,75,75,75,79,79,76,76,75,125,107],"gold":50,"neow_bonus":"TWO_FIFTY_GOLD","is_prod":false,"is_daily":false,"chose_seed":false,"campfire_upgraded":7,"win_rate":0,"timestamp":1546180997,"path_taken":["M","?","M","M","$","R","M","?","T","R","M","E","R","$","R","BOSS","M","$","?","?","?","R","M","E","T","M","?","R","$","M","R","BOSS","M","?","?","M","M","?","R","E","T","M","$","M","$","M","R","BOSS"],"build_version":"2018-12-20","purchased_purges":6,"victory":true,"max_hp_per_floor":[80,80,80,80,80,80,80,80,80,80,84,88,88,88,88,88,88,92,92,92,97,97,97,101,105,105,109,113,113,113,117,117,117,117,117,117,121,121,121,121,121,121,121,125,125,125,125,125,125,125],"card_choices":[{"not_picked":["Iron Wave","Thunderclap"],"picked":"Spot Weakness","floor":1},{"not_picked":["Inflame","Cleave"],"picked":"Thunderclap","floor":3},{"not_picked":["Combust","Twin Strike","Heavy Blade"],"picked":"SKIP","floor":4},{"not_picked":["Thunderclap","Flame Barrier"],"picked":"Feed","floor":7},{"not_picked":["Whirlwind","Shrug It Off","Havoc"],"picked":"SKIP","floor":11},{"not_picked":["Iron Wave","Cleave","Entrench"],"picked":"SKIP","floor":11},{"not_picked":["Infernal Blade","Havoc"],"picked":"Twin Strike","floor":12},{"not_picked":["Reaper","Double Tap","Berserk"],"picked":"Limit Break","floor":16},{"not_picked":["Whirlwind","Clothesline","Twin Strike"],"picked":"Warcry+1","floor":18},{"not_picked":["True Grit","Feel No Pain+1","Wild Strike","Cleave"],"picked":"SKIP","floor":18},{"not_picked":["Thunderclap","Inflame","Rupture","Reckless Charge"],"picked":"SKIP","floor":24},{"not_picked":["Flex","Blood for Blood+1","Reckless Charge","Twin Strike"],"picked":"SKIP","floor":24},{"not_picked":["Sword Boomerang","Pummel","Rage"],"picked":"Shrug It Off+1","floor":25},{"not_picked":["Heavy Blade+1","Cleave+1","Sever Soul"],"picked":"Pommel Strike+1","floor":27},{"not_picked":["Body Slam","Twin Strike","Fiend Fire","Clash"],"picked":"SKIP","floor":27},{"not_picked":["Pommel Strike","Warcry","True Grit"],"picked":"Rampage","floor":28},{"not_picked":["True Grit","Uppercut","Feel No Pain","Metallicize"],"picked":"SKIP","floor":28},{"not_picked":["Impervious","Corruption","Iron Wave"],"picked":"Disarm+1","floor":31},{"not_picked":["Perfected Strike","Twin Strike+1","Whirlwind+1","Fire Breathing"],"picked":"SKIP","floor":31},{"not_picked":["Berserk","Immolate","Juggernaut"],"picked":"Offering","floor":33},{"not_picked":["Clothesline+1","Heavy Blade+1","Power Through","Perfected Strike"],"picked":"SKIP","floor":35},{"not_picked":["Dual Wield+1","Hemokinesis","Flex+1","Anger+1"],"picked":"SKIP","floor":35},{"not_picked":["Intimidate+1","Carnage+1","Fire Breathing"],"picked":"Fiend Fire","floor":38},{"not_picked":["Headbutt+1","Sever Soul","Anger"],"picked":"Battle Trance","floor":38},{"not_picked":["Body Slam","Thunderclap+1","Wild Strike"],"picked":"Second Wind","floor":39},{"not_picked":["Heavy Blade+1","Anger+1","Havoc"],"picked":"Corruption+1","floor":39},{"not_picked":["Swift Strike","Chrysalis","Blind"],"picked":"Secret Technique","floor":40},{"not_picked":["Armaments","Wild Strike","Feel No Pain+1","Intimidate+1"],"picked":"SKIP","floor":42},{"not_picked":["Armaments+1","Second Wind+1","Clothesline","Body Slam+1"],"picked":"SKIP","floor":44},{"not_picked":["Heavy Blade","Uppercut","Twin Strike","Perfected Strike"],"picked":"SKIP","floor":44},{"not_picked":["Thunderclap+1","Searing Blow","Fire Breathing+1","Clothesline"],"picked":"SKIP","floor":46},{"not_picked":["Juggernaut","Body Slam+1","Anger+1","Wild Strike+1"],"picked":"SKIP","floor":46},{"not_picked":["Bloodletting+1","Headbutt","Wild Strike"],"picked":"Sentinel","floor":48},{"not_picked":["Power Through","Bloodletting+1","Body Slam+1","Clash+1"],"picked":"SKIP","floor":48}],"player_experience":369585,"relics_obtained":[{"floor":9,"key":"Prayer Wheel"},{"floor":12,"key":"Question Card"},{"floor":25,"key":"Regal Pillow"},{"floor":26,"key":"Self Forming Clay"},{"floor":37,"key":"Dead Branch"},{"floor":42,"key":"Ancient Tea Set"},{"floor":43,"key":"Ornamental Fan"}],"event_choices":[{"damage_healed":0,"gold_gain":175,"player_choice":"AGREE","damage_taken":0,"max_hp_gain":0,"max_hp_loss":0,"event_name":"Liars Game","floor":2,"gold_loss":0,"cards_obtained":["Doubt"]},{"damage_healed":0,"gold_gain":0,"player_choice":"Searched \u00271\u0027 times","damage_taken":0,"relics_obtained":["Champion Belt"],"max_hp_gain":0,"max_hp_loss":0,"event_name":"Dead Adventurer","floor":8,"gold_loss":0},{"damage_healed":0,"gold_gain":0,"player_choice":"Simplicity","damage_taken":0,"max_hp_gain":0,"max_hp_loss":0,"event_name":"Back to Basics","floor":20,"gold_loss":0,"cards_upgraded":["Strike_R","Strike_R","Strike_R","Strike_R","Defend_R","Defend_R","Defend_R","Defend_R"]},{"damage_healed":0,"gold_gain":0,"player_choice":"Shed Blood","damage_taken":23,"max_hp_gain":5,"max_hp_loss":0,"event_name":"Forgotten Altar","floor":21,"gold_loss":0},{"damage_healed":0,"gold_gain":100,"player_choice":"Bet on Murderer","damage_taken":0,"max_hp_gain":0,"max_hp_loss":0,"event_name":"The Joust","floor":22,"gold_loss":50},{"cards_removed":["Strike_R"],"damage_healed":0,"gold_gain":0,"player_choice":"Removed Attack","damage_taken":0,"max_hp_gain":0,"max_hp_loss":0,"event_name":"Falling","floor":36,"gold_loss":0},{"damage_healed":0,"gold_gain":0,"player_choice":"Fight","damage_taken":0,"max_hp_gain":0,"max_hp_loss":0,"event_name":"Mysterious Sphere","floor":37,"gold_loss":0},{"damage_healed":0,"gold_gain":0,"player_choice":"Memory 1","damage_taken":0,"max_hp_gain":0,"max_hp_loss":0,"event_name":"SensoryStone","floor":40,"gold_loss":0}],"is_beta":false,"boss_relics":[{"not_picked":["White Beast Statue","Eternal Feather"],"picked":"Runic Cube"},{"not_picked":["Runic Pyramid","Astrolabe"],"picked":"Lizard Tail"}],"items_purged_floors":[5,14,19,30,45,47],"is_endless":false,"potions_floor_spawned":[3,11,12,18,27,31,33,38,44,48],"ascension_level":4}