{"gold_per_floor":[369,106,106,0,12,12,22,22,22,22,34,34,34,51,51,127,127,127,127,127,127,127,127,127,127,127,127,7,7,7,7,7,7,7,7,7,7,7,7,7,7,7,7,7,7,7,7,7,7,7,7,7,7,7,7],"floor_reached":55,"playtime":3960,"items_purged":["Strike_B+1"],"score":1816,"play_id":"bf51b18c-031c-48f2-8dc5-540648e96b6e","local_time":"20190419110605","is_ascension_mode":true,"campfire_choices":[{"data":"Zap","floor":6.0,"key":"SMITH"},{"data":"Ball Lightning","floor":8.0,"key":"SMITH"},{"data":"Cold Snap","floor":10.0,"key":"SMITH"},{"data":"Barrage","floor":15.0,"key":"SMITH"},{"data":"Reinforced Body","floor":23.0,"key":"SMITH"},{"data":"Cold Snap","floor":27.0,"key":"SMITH"},{"floor":32.0,"key":"REST"},{"data":"White Noise","floor":41.0,"key":"SMITH"},{"floor":44.0,"key":"RECALL"},{"floor":47.0,"key":"REST"},{"data":"Barrage","floor":49.0,"key":"SMITH"},{"data":"Coolheaded","floor":53.0,"key":"SMITH"}],"neow_cost":"TEN_PERCENT_HP_LOSS","seed_source_timestamp":6626079601721,"circlet_count":0,"master_deck":["AscendersBane","Strike_B+1","Strike_B+1","Defend_B+1","Defend_B+1","Defend_B+1","Defend_B+1","Zap+1","Dualcast","Cold Snap+1","Self Repair","Cold Snap+1","Ball Lightning+1","Hologram+1","Barrage+1","Echo Form","Reinforced Body+1","Compile Driver+1","White Noise+1","Coolheaded+1","Barrage+1","Creative AI","Auto Shields+1","Core Surge","Coolheaded+1","Genetic Algorithm+1","White Noise+1","Consume+1","Electrodynamics"],"special_seed":0,"relics":["FrozenCore","Membership Card","Potion Belt","Runic Capacitor","Mercury Hourglass","Ectoplasm","Centennial Puzzle","Toxic Egg 2","Nilry\u0027s Codex","Turnip","Blood Vial","Lantern"],"potions_floor_usage":[],"damage_taken":[{"damage":1.0,"enemies":"Cultist","floor":1.0,"turns":3.0},{"damage":11.0,"enemies":"2 Louse","floor":5.0,"turns":3.0},{"damage":2.0,"enemies":"Jaw Worm","floor":7.0,"turns":3.0},{"damage":7.0,"enemies":"Exordium Wildlife","floor":11.0,"turns":4.0},{"damage":0.0,"enemies":"3 Louse","floor":14.0,"turns":3.0},{"damage":12.0,"enemies":"The Guardian","floor":16.0,"turns":9.0},{"damage":8.0,"enemies":"Spheric Guardian","floor":18.0,"turns":4.0},{"damage":2.0,"enemies":"Chosen","floor":21.0,"turns":3.0},{"damage":9.0,"enemies":"Snecko","floor":22.0,"turns":7.0},{"damage":8.0,"enemies":"Cultist and Chosen","floor":24.0,"turns":7.0},{"damage":24.0,"enemies":"Book of Stabbing","floor":25.0,"turns":5.0},{"damage":5.0,"enemies":"Sentry and Sphere","floor":30.0,"turns":5.0},{"damage":6.0,"enemies":"Collector","floor":33.0,"turns":8.0},{"damage":0.0,"enemies":"3 Shapes","floor":35.0,"turns":9.0},{"damage":3.0,"enemies":"Mind Bloom Boss Battle","floor":36.0,"turns":8.0},{"damage":10.0,"enemies":"Orb Walker","floor":38.0,"turns":5.0},{"damage":0.0,"enemies":"Giant Head","floor":40.0,"turns":10.0},{"damage":17.0,"enemies":"Spire Growth","floor":42.0,"turns":8.0},{"damage":37.0,"enemies":"Reptomancer","floor":46.0,"turns":7.0},{"damage":0.0,"enemies":"4 Shapes","floor":48.0,"turns":5.0},{"damage":30.0,"enemies":"Awakened One","floor":50.0,"turns":35.0},{"damage":8.0,"enemies":"Time Eater","floor":51.0,"turns":16.0},{"damage":69,"enemies":"Shield and Spear","floor":55,"turns":5}],"seed_played":"-1597256455661206034","potions_obtained":[{"floor":7.0,"key":"PowerPotion"},{"floor":16.0,"key":"Fire Potion"},{"floor":21.0,"key":"Poison Potion"},{"floor":22.0,"key":"Regen Potion"},{"floor":25.0,"key":"Weak Potion"},{"floor":30.0,"key":"SteroidPotion"},{"floor":35.0,"key":"Ancient Potion"},{"floor":38.0,"key":"EssenceOfSteel"},{"floor":40.0,"key":"FocusPotion"},{"floor":42.0,"key":"EssenceOfSteel"}],"is_trial":false,"path_per_floor":["M","$","?","$","M","R","M","R","T","R","M","?","?","M","R","B",null,"M","?","?","M","M","R","M","E","T","R","$","?","M","?","R","B",null,"M","?","?","M","$","E","R","M","T","R","$","E","R","M","R","B","B",null,"R","$","E"],"character_chosen":"DEFECT","items_purchased":["Membership Card","Self Repair","Runic Capacitor","Barrage","Block Potion","SkillPotion"],"campfire_rested":2,"item_purchase_floors":[2,2,4,28,28,28],"current_hp_per_floor":[63,63,45,45,41,41,46,46,46,46,39,32,32,39,39,34,57,56,39,39,44,42,42,34,31,31,31,31,31,40,19,39,40,62,69,69,69,59,59,66,66,65,65,65,65,44,64,69,69,53,54,65,65,65,0],"gold":7,"neow_bonus":"TWO_FIFTY_GOLD","is_prod":false,"is_daily":false,"chose_seed":false,"campfire_upgraded":9,"win_rate":0,"timestamp":1555639565,"path_taken":["M","?","?","$","?","R","M","R","T","R","M","?","?","M","R","BOSS","M","?","?","M","M","R","M","E","T","R","$","?","?","?","R","BOSS","M","?","?","M","$","E","R","M","T","R","$","E","R","M","R","BOSS","BOSS","R","$","E"],"build_version":"2019-01-23","purchased_purges":1,"victory":false,"max_hp_per_floor":[64,64,64,64,64,64,64,64,64,64,64,64,64,64,64,64,64,64,69,69,69,69,69,69,69,69,69,69,69,69,69,69,69,69,69,69,69,69,69,69,69,69,69,69,69,69,69,69,69,69,69,69,69,69,69],"card_choices":[{"not_picked":["Go for the Eyes","Stack"],"picked":"Cold Snap","floor":1.0},{"not_picked":["Rebound","Leap"],"picked":"Cold Snap","floor":5.0},{"not_picked":["White Noise","Beam Cell"],"picked":"Ball Lightning","floor":7.0},{"not_picked":["Tempest","Chaos"],"picked":"Hologram","floor":11.0},{"not_picked":["Steam","Recycle"],"picked":"Barrage","floor":14.0},{"not_picked":["Core Surge","Rainbow"],"picked":"Echo Form","floor":16.0},{"not_picked":["Gash","Steam Power"],"picked":"Reinforced Body","floor":18.0},{"not_picked":["Beam Cell","Gash+1"],"picked":"Compile Driver+1","floor":21.0},{"not_picked":["Sweeping Beam","Cold Snap"],"picked":"White Noise","floor":22.0},{"not_picked":["Skim","Sweeping Beam","Blizzard"],"picked":"SKIP","floor":24.0},{"not_picked":["Gash+1","Hologram"],"picked":"Coolheaded","floor":25.0},{"not_picked":["Turbo+1","Beam Cell"],"picked":"Auto Shields+1","floor":30.0},{"not_picked":["Buffer","Reboot+1"],"picked":"Core Surge","floor":33.0},{"not_picked":["Storm","Barrage"],"picked":"Coolheaded+1","floor":35.0},{"not_picked":["Chaos+1","Darkness+1"],"picked":"Genetic Algorithm+1","floor":36.0},{"not_picked":["Rebound","Turbo+1"],"picked":"White Noise+1","floor":38.0},{"not_picked":["Chaos+1","Cold Snap","Redo+1"],"picked":"SKIP","floor":40.0},{"not_picked":["Meteor Strike","Hologram+1"],"picked":"Consume+1","floor":42.0},{"not_picked":["Go for the Eyes","Sweeping Beam"],"picked":"Electrodynamics","floor":46.0},{"not_picked":["Rebound","Conserve Battery+1","Heatsinks"],"picked":"SKIP","floor":48.0}],"player_experience":981557,"relics_obtained":[{"floor":9.0,"key":"Mercury Hourglass"},{"floor":25.0,"key":"Centennial Puzzle"},{"floor":26.0,"key":"Toxic Egg 2"},{"floor":31.0,"key":"Nilry\u0027s Codex"},{"floor":36.0,"key":"Turnip"},{"floor":40.0,"key":"Blood Vial"},{"floor":46.0,"key":"Lantern"}],"event_choices":[{"damage_healed":0.0,"max_hp_gain":0.0,"max_hp_loss":0.0,"gold_gain":0.0,"event_name":"Scrap Ooze","player_choice":"Success","floor":3.0,"gold_loss":0.0,"damage_taken":18.0,"relics_obtained":["Potion Belt"]},{"cards_removed":["Strike_B"],"damage_healed":0.0,"max_hp_gain":0.0,"max_hp_loss":0.0,"gold_gain":0.0,"event_name":"Golden Wing","player_choice":"Card Removal","floor":12.0,"gold_loss":0.0,"damage_taken":7.0},{"damage_healed":0.0,"max_hp_gain":0.0,"max_hp_loss":0.0,"gold_gain":0.0,"event_name":"Living Wall","player_choice":"Grow","floor":13.0,"gold_loss":0.0,"damage_taken":0.0,"cards_upgraded":["Hologram"]},{"damage_healed":0.0,"max_hp_gain":5.0,"max_hp_loss":0.0,"gold_gain":0.0,"event_name":"Forgotten Altar","player_choice":"Shed Blood","floor":19.0,"gold_loss":0.0,"damage_taken":22.0},{"damage_healed":0.0,"max_hp_gain":0.0,"max_hp_loss":0.0,"gold_gain":0.0,"event_name":"Back to Basics","player_choice":"Simplicity","floor":20.0,"gold_loss":0.0,"damage_taken":0.0,"cards_upgraded":["Strike_B","Strike_B","Strike_B","Defend_B","Defend_B","Defend_B","Defend_B"]},{"damage_healed":0.0,"max_hp_gain":0.0,"max_hp_loss":0.0,"gold_gain":0.0,"event_name":"Match and Keep!","player_choice":"1 cards matched","floor":29.0,"gold_loss":0.0,"damage_taken":0.0,"cards_obtained":["Creative AI"]},{"damage_healed":0.0,"max_hp_gain":0.0,"max_hp_loss":0.0,"gold_gain":0.0,"event_name":"Cursed Tome","player_choice":"Obtained Book","floor":31.0,"gold_loss":0.0,"damage_taken":21.0},{"damage_healed":0.0,"max_hp_gain":0.0,"max_hp_loss":0.0,"gold_gain":0.0,"event_name":"MindBloom","player_choice":"Fight","floor":36.0,"gold_loss":0.0,"damage_taken":0.0},{"damage_healed":0.0,"max_hp_gain":0.0,"max_hp_loss":0.0,"gold_gain":0.0,"event_name":"Golden Shrine","player_choice":"Ignored","floor":37.0,"gold_loss":0.0,"damage_taken":0.0}],"is_beta":false,"boss_relics":[{"not_picked":["Calling Bell","Runic Pyramid"],"picked":"Ectoplasm"},{"not_picked":["Lizard Tail","Coffee Dripper"],"picked":"FrozenCore"}],"items_purged_floors":[28],"is_endless":false,"potions_floor_spawned":[7,16,21,22,25,30,35,38,40,42],"killed_by":"Shield and Spear","ascension_level":20}