{"gold_per_floor":[111,111,130,50,50,50,82,34,86,86,115,125,125,136,136,232,232,251,153,252,264,264,297,297,326,397,397,79,79],"floor_reached":29,"playtime":1521,"items_purged":["Strike_R","Strike_R"],"score":320,"play_id":"d0a54f60-e8e7-4297-ae48-86951eb591b0","local_time":"20181020173124","is_ascension_mode":true,"campfire_choices":[{"data":"Body Slam","floor":6,"key":"SMITH"},{"data":"Iron Wave","floor":13,"key":"SMITH"},{"floor":15,"key":"REST"},{"data":"Barricade","floor":24,"key":"SMITH"}],"neow_cost":"NONE","seed_source_timestamp":370507231169418,"circlet_count":0,"master_deck":["Strike_R","Strike_R","Defend_R","Defend_R","Defend_R+1","Defend_R","Bash","Juggernaut+1","Body Slam+1","Reaper","Flame Barrier","Rage","Iron Wave+1","Barricade+1","Iron Wave","Whirlwind+1","Metallicize","Metallicize","Inflame","Metallicize"],"relics":["Burning Blood","Blue Candle","Ancient Tea Set","The Courier","Sozu","Letter Opener","Red Skull","Dodecahedron"],"potions_floor_usage":[16,16,23],"damage_taken":[{"damage":1,"enemies":"Cultist","floor":1,"turns":4},{"damage":4,"enemies":"2 Louse","floor":3,"turns":3},{"damage":41,"enemies":"Lagavulin","floor":7,"turns":8},{"damage":37,"enemies":"3 Sentries","floor":11,"turns":8},{"damage":7,"enemies":"Jaw Worm","floor":12,"turns":3},{"damage":4,"enemies":"Looter","floor":14,"turns":3},{"damage":31,"enemies":"Hexaghost","floor":16,"turns":10},{"damage":9,"enemies":"3 Byrds","floor":18,"turns":4},{"damage":1,"enemies":"Chosen","floor":21,"turns":3},{"damage":31,"enemies":"Gremlin Leader","floor":23,"turns":9},{"damage":36,"enemies":"Book of Stabbing","floor":25,"turns":5},{"damage":18,"enemies":"Snake Plant","floor":29,"turns":4}],"seed_played":"3685779538930603825","potions_obtained":[{"floor":11,"key":"Poison Potion"},{"floor":12,"key":"Weak Potion"},{"floor":14,"key":"SteroidPotion"},{"floor":16,"key":"Block Potion"}],"is_trial":false,"path_per_floor":["M","$","M","$","?","R","E","$","T","?","E","M","R","M","R","B",null,"M","$","?","M","?","E","R","E","T","?","$"],"character_chosen":"IRONCLAD","items_purchased":["Flame Barrier","Iron Wave","Iron Wave","Metallicize","Metallicize","Inflame","Metallicize"],"campfire_rested":1,"item_purchase_floors":[4,8,19,28,28,28,28],"current_hp_per_floor":[80,80,80,80,64,64,33,33,33,33,14,17,17,19,43,18,80,80,80,80,80,80,55,55,29,29,14,14,0],"gold":79,"neow_bonus":"ONE_RANDOM_RARE_CARD","is_prod":false,"is_daily":false,"chose_seed":false,"campfire_upgraded":3,"win_rate":0,"timestamp":1540049484,"path_taken":["M","$","M","$","?","R","E","$","T","?","E","?","R","M","R","BOSS","M","$","?","M","?","E","R","E","T","?","$","M"],"build_version":"2018-10-18","purchased_purges":2,"victory":false,"max_hp_per_floor":[80,80,80,80,80,80,80,80,80,80,80,80,80,80,80,80,80,80,80,80,80,80,80,80,80,80,85,85,85],"card_choices":[{"not_picked":["Clash","Ghostly Armor"],"picked":"Body Slam","floor":1},{"not_picked":["Perfected Strike","Pommel Strike"],"picked":"Reaper","floor":3},{"not_picked":["Rupture","Metallicize"],"picked":"Rage","floor":7},{"not_picked":["Infernal Blade","Sword Boomerang","Bloodletting"],"picked":"SKIP","floor":11},{"not_picked":["Bloodletting","Dropkick","Battle Trance"],"picked":"SKIP","floor":12},{"not_picked":["Evolve","Combust","Pommel Strike"],"picked":"SKIP","floor":14},{"not_picked":["Impervious","Immolate"],"picked":"Barricade","floor":16},{"not_picked":["Searing Blow","Pommel Strike","Burning Pact+1"],"picked":"SKIP","floor":18},{"not_picked":["Perfected Strike","Power Through"],"picked":"Whirlwind+1","floor":21},{"not_picked":["Cleave","Seeing Red+1","Havoc"],"picked":"SKIP","floor":23},{"not_picked":["Feel No Pain+1","Havoc+1","Sword Boomerang+1"],"picked":"SKIP","floor":25}],"player_experience":210397,"relics_obtained":[{"floor":7,"key":"Blue Candle"},{"floor":9,"key":"Ancient Tea Set"},{"floor":11,"key":"The Courier"},{"floor":23,"key":"Letter Opener"},{"floor":25,"key":"Red Skull"},{"floor":26,"key":"Dodecahedron"}],"event_choices":[{"damage_healed":0,"gold_gain":0,"player_choice":"Entered Light","damage_taken":16,"max_hp_gain":0,"max_hp_loss":0,"event_name":"Shining Light","floor":5,"gold_loss":0,"cards_upgraded":["Defend_R","Juggernaut"]},{"damage_healed":0,"gold_gain":0,"player_choice":"Ignored","damage_taken":0,"max_hp_gain":0,"max_hp_loss":0,"event_name":"Golden Idol","floor":10,"gold_loss":0},{"damage_healed":0,"gold_gain":99,"player_choice":"Stole From Cult","damage_taken":0,"max_hp_gain":0,"max_hp_loss":0,"event_name":"Nest","floor":20,"gold_loss":0},{"cards_removed":["Strike_R"],"damage_healed":0,"gold_gain":0,"player_choice":"Purged","damage_taken":0,"max_hp_gain":0,"max_hp_loss":0,"event_name":"Purifier","floor":22,"gold_loss":0},{"damage_healed":0,"gold_gain":0,"player_choice":"Shed Blood","damage_taken":20,"max_hp_gain":5,"max_hp_loss":0,"event_name":"Forgotten Altar","floor":27,"gold_loss":0}],"is_beta":false,"boss_relics":[{"not_picked":["Calling Bell","Black Blood"],"picked":"Sozu"}],"items_purged_floors":[19,28],"is_endless":false,"potions_floor_spawned":[11,12,14,16,18,23],"killed_by":"Snake Plant","ascension_level":4}