{"gold_per_floor":[116,129,142,157,157,157,191,205,205,205,59,59,234,247,247,371,371,396,74,74,74,74,74,117,132,132,132,32,56,56,56,56,182,182,197,72,197,197,222,222,242,242,242,260,260],"floor_reached":45,"playtime":1726,"items_purged":["Doubt","Injury","Strike_G"],"score":456,"play_id":"adab9319-1dd7-418b-bce5-575d25ac403a","local_time":"20190424232249","is_ascension_mode":false,"campfire_choices":[{"data":"Neutralize","floor":6,"key":"SMITH"},{"data":"Noxious Fumes","floor":10,"key":"SMITH"},{"data":"Poisoned Stab","floor":12,"key":"SMITH"},{"floor":15,"key":"REST"},{"floor":23,"key":"REST"},{"floor":27,"key":"REST"},{"data":"Deadly Poison","floor":30,"key":"SMITH"},{"floor":32,"key":"REST"},{"data":"Burst","floor":40,"key":"SMITH"},{"data":"Crippling Poison","floor":42,"key":"SMITH"}],"neow_cost":"NONE","seed_source_timestamp":21440417974413,"circlet_count":0,"master_deck":["Defend_G","Defend_G","Defend_G","Defend_G","Defend_G","Survivor","Neutralize+1","Poisoned Stab+1","Noxious Fumes+1","Noxious Fumes","Burst+1","Noxious Fumes","Blade Dance+1","Caltrops+1","Deadly Poison+1","Envenom+1","Terror+1","Well Laid Plans+1","Poisoned Stab+1","Accuracy+1","Pain","Crippling Poison+1","Noxious Fumes+1","Parasite","Cloak And Dagger+1"],"relics":["Ring of the Snake","Golden Idol","Bag of Preparation","Regal Pillow","Sozu","Ninja Scroll","Enchiridion","Frozen Egg 2","Mercury Hourglass","Astrolabe","Calipers","WarpedTongs","Mummified Hand"],"potions_floor_usage":[8,24,25],"damage_taken":[{"damage":0,"enemies":"Small Slimes","floor":1,"turns":8},{"damage":0,"enemies":"Jaw Worm","floor":2,"turns":4},{"damage":0,"enemies":"2 Louse","floor":3,"turns":3},{"damage":16,"enemies":"Large Slime","floor":4,"turns":8},{"damage":28,"enemies":"3 Sentries","floor":7,"turns":10},{"damage":1,"enemies":"Exordium Thugs","floor":8,"turns":5},{"damage":5,"enemies":"Looter","floor":14,"turns":4},{"damage":11,"enemies":"The Guardian","floor":16,"turns":9},{"damage":23,"enemies":"3 Byrds","floor":18,"turns":6},{"damage":51,"enemies":"Slavers","floor":24,"turns":5},{"damage":13,"enemies":"Shell Parasite","floor":25,"turns":4},{"damage":0,"enemies":"Chosen and Byrds","floor":29,"turns":5},{"damage":49,"enemies":"Automaton","floor":33,"turns":8},{"damage":20,"enemies":"Orb Walker","floor":35,"turns":3},{"damage":11,"enemies":"Mind Bloom Boss Battle","floor":37,"turns":6},{"damage":6,"enemies":"3 Shapes","floor":39,"turns":4},{"damage":11,"enemies":"Transient","floor":41,"turns":5},{"damage":16,"enemies":"Writhing Mass","floor":44,"turns":4},{"damage":7,"enemies":"4 Shapes","floor":45,"turns":1}],"seed_played":"1479267340552697162","potions_obtained":[{"floor":4,"key":"SpeedPotion"},{"floor":14,"key":"Fire Potion"},{"floor":16,"key":"Poison Potion"}],"is_trial":false,"path_per_floor":["M","M","M","M","?","R","E","M","T","R","$","R","?","M","R","B",null,"M","$","?","$","?","R","E","M","T","R","$","M","R","?","R","B",null,"M","$","?","?","M","R","M","R","T","M","M"],"character_chosen":"THE_SILENT","items_purchased":["Regal Pillow","Ninja Scroll"],"campfire_rested":4,"item_purchase_floors":[11,19],"current_hp_per_floor":[70,70,70,54,54,54,26,25,25,25,25,25,25,20,56,45,70,47,47,31,31,31,67,16,3,3,39,39,39,39,44,70,21,70,50,50,39,39,33,33,22,22,22,6,0],"gold":260,"neow_bonus":"REMOVE_CARD","is_prod":false,"is_daily":false,"chose_seed":false,"campfire_upgraded":6,"win_rate":0,"timestamp":1556119369,"path_taken":["M","M","M","M","?","R","E","M","T","R","$","R","?","M","R","BOSS","M","$","?","$","?","R","E","M","T","R","$","?","R","?","R","BOSS","M","$","?","?","?","R","M","R","T","M","M"],"build_version":"2019-01-23","purchased_purges":3,"victory":false,"max_hp_per_floor":[70,70,70,70,70,70,70,70,70,70,70,70,70,70,70,70,70,70,70,70,70,70,70,70,70,70,70,70,70,70,70,70,70,70,70,70,70,70,70,70,70,70,70,70,70],"card_choices":[{"not_picked":["Slice","Backstab"],"picked":"Poisoned Stab","floor":1},{"not_picked":["Cloak And Dagger","Poisoned Stab"],"picked":"Noxious Fumes","floor":2},{"not_picked":["Dagger Spray","Flechettes","Infinite Blades"],"picked":"SKIP","floor":3},{"not_picked":["Outmaneuver","Prepared","Night Terror"],"picked":"SKIP","floor":4},{"not_picked":["Dagger Throw","All Out Attack"],"picked":"Quick Slash","floor":7},{"not_picked":["Sucker Punch","Outmaneuver","Masterful Stab"],"picked":"SKIP","floor":8},{"not_picked":["Deflect","Calculated Gamble"],"picked":"Noxious Fumes","floor":14},{"not_picked":["Grand Finale","Phantasmal Killer"],"picked":"Burst","floor":16},{"not_picked":["Infinite Blades","Flying Knee+1"],"picked":"Noxious Fumes","floor":18},{"not_picked":["Terror","Outmaneuver"],"picked":"Blade Dance+1","floor":24},{"not_picked":["Cloak And Dagger","Crippling Poison"],"picked":"Caltrops+1","floor":25},{"not_picked":["Underhanded Strike+1","Outmaneuver"],"picked":"Deadly Poison","floor":29},{"not_picked":["After Image+1","Tools of the Trade+1"],"picked":"Envenom+1","floor":33},{"not_picked":["Acrobatics+1","Sucker Punch","Setup"],"picked":"SKIP","floor":35},{"not_picked":["Backflip","Cloak And Dagger"],"picked":"Accuracy+1","floor":37},{"not_picked":["Tactician+1","Dagger Spray+1"],"picked":"Crippling Poison","floor":39},{"not_picked":["Setup+1","Blur+1"],"picked":"Noxious Fumes+1","floor":41},{"not_picked":["Acrobatics+1","Slice+1"],"picked":"Cloak And Dagger+1","floor":44}],"player_experience":471162,"relics_obtained":[{"floor":7,"key":"Bag of Preparation"},{"floor":20,"key":"Enchiridion"},{"floor":24,"key":"Frozen Egg 2"},{"floor":26,"key":"Mercury Hourglass"},{"floor":37,"key":"Calipers"},{"floor":43,"key":"Mummified Hand"}],"event_choices":[{"damage_healed":0,"gold_gain":0,"player_choice":"Take Wound","damage_taken":0,"relics_obtained":["Golden Idol"],"max_hp_gain":0,"max_hp_loss":0,"event_name":"Golden Idol","floor":5,"gold_loss":0,"cards_obtained":["Injury"]},{"damage_healed":0,"gold_gain":175,"player_choice":"AGREE","damage_taken":0,"max_hp_gain":0,"max_hp_loss":0,"event_name":"Liars Game","floor":13,"gold_loss":0,"cards_obtained":["Doubt"]},{"damage_healed":0,"gold_gain":0,"player_choice":"Obtained Book","damage_taken":16,"max_hp_gain":0,"max_hp_loss":0,"event_name":"Cursed Tome","floor":20,"gold_loss":0},{"damage_healed":0,"gold_gain":0,"player_choice":"Ignored","damage_taken":0,"max_hp_gain":0,"max_hp_loss":0,"event_name":"Vampires","floor":22,"gold_loss":0},{"cards_removed":["Quick Slash"],"damage_healed":5,"gold_gain":0,"player_choice":"Offered Common","damage_taken":0,"max_hp_gain":0,"max_hp_loss":0,"event_name":"Bonfire Elementals","floor":31,"gold_loss":0},{"cards_removed":["Quick Slash"],"damage_healed":5,"gold_gain":0,"player_choice":"Offered Special","damage_taken":0,"max_hp_gain":0,"max_hp_loss":0,"event_name":"Bonfire Elementals","floor":31,"gold_loss":0},{"damage_healed":0,"gold_gain":0,"player_choice":"Fight","damage_taken":0,"max_hp_gain":0,"max_hp_loss":0,"event_name":"MindBloom","floor":37,"gold_loss":0},{"damage_healed":0,"gold_gain":0,"player_choice":"Rummage","damage_taken":0,"relics_obtained":["WarpedTongs"],"max_hp_gain":0,"max_hp_loss":0,"event_name":"Accursed Blacksmith","floor":38,"gold_loss":0,"cards_obtained":["Pain"]}],"is_beta":false,"boss_relics":[{"not_picked":["WristBlade","Runic Pyramid"],"picked":"Sozu"},{"not_picked":["Orrery","Pandora\u0027s Box"],"picked":"Astrolabe"}],"items_purged_floors":[19,28,36],"is_endless":false,"potions_floor_spawned":[4,14,16,29,39,41,44],"killed_by":"4 Shapes","ascension_level":0}