{"gold_per_floor":[124,136,172,208,240,288,300,345,357,369,656,668,640],"floor_reached":13,"playtime":381,"items_purged":[],"score":186,"play_id":"e0e7baf8-18ba-4848-8c06-734095a84f2e","local_time":"20190511182420","is_ascension_mode":true,"campfire_choices":[{"floor":7,"key":"REST"},{"data":"Zap","floor":10,"key":"SMITH"}],"neow_cost":"NONE","seed_source_timestamp":462324041574500,"circlet_count":0,"master_deck":["AscendersBane","Strike_B","Strike_B","Strike_B","Strike_B","Defend_B","Defend_B","Defend_B","Defend_B","Zap+1","Dualcast","Self Repair","Conserve Battery","Ball Lightning","Sweeping Beam","Capacitor","Ball Lightning","Regret"],"relics":["Cracked Core","MawBank","Golden Idol","Mummified Hand","Kunai","Shuriken"],"potions_floor_usage":[6],"damage_taken":[{"damage":7,"enemies":"Jaw Worm","floor":1,"turns":4},{"damage":7,"enemies":"Cultist","floor":3,"turns":4},{"damage":5,"enemies":"2 Louse","floor":4,"turns":3},{"damage":12,"enemies":"Large Slime","floor":5,"turns":4},{"damage":37,"enemies":"Gremlin Nob","floor":6,"turns":5},{"damage":18,"enemies":"3 Sentries","floor":8,"turns":7},{"damage":34,"enemies":"Exordium Thugs","floor":13,"turns":2}],"seed_played":"-40547746978476278","potions_obtained":[{"floor":4,"key":"Ancient Potion"}],"is_trial":false,"path_per_floor":["M","?","M","M","M","E","R","E","T","R","?","$","M"],"character_chosen":"DEFECT","items_purchased":[],"campfire_rested":1,"item_purchase_floors":[],"current_hp_per_floor":[57,57,57,59,54,24,43,32,32,32,32,32,0],"gold":640,"neow_bonus":"RANDOM_COMMON_RELIC","is_prod":false,"is_daily":false,"chose_seed":false,"campfire_upgraded":1,"win_rate":0,"timestamp":1557566660,"path_taken":["M","?","M","M","M","E","R","E","T","R","?","$","?"],"build_version":"2019-01-23","purchased_purges":0,"victory":false,"max_hp_per_floor":[71,64,64,64,64,64,64,64,64,64,64,64,64],"card_choices":[{"not_picked":["Streamline","Reinforced Body"],"picked":"Self Repair","floor":1},{"not_picked":["Redo","Leap"],"picked":"Conserve Battery","floor":3},{"not_picked":["Darkness","Steam"],"picked":"Ball Lightning","floor":4},{"not_picked":["BootSequence","Coolheaded"],"picked":"Sweeping Beam","floor":5},{"not_picked":["Turbo","Rebound"],"picked":"Capacitor","floor":6},{"not_picked":["Conserve Battery","Streamline"],"picked":"Ball Lightning","floor":8}],"player_experience":1340692,"relics_obtained":[{"floor":6,"key":"Mummified Hand"},{"floor":8,"key":"Kunai"},{"floor":9,"key":"Shuriken"}],"event_choices":[{"damage_healed":0,"gold_gain":0,"player_choice":"Lose Max HP","damage_taken":0,"relics_obtained":["Golden Idol"],"max_hp_gain":0,"max_hp_loss":7,"event_name":"Golden Idol","floor":2,"gold_loss":0},{"damage_healed":0,"gold_gain":275,"player_choice":"Desecrate","damage_taken":0,"max_hp_gain":0,"max_hp_loss":0,"event_name":"Golden Shrine","floor":11,"gold_loss":0,"cards_obtained":["Regret"]}],"is_beta":false,"boss_relics":[],"items_purged_floors":[],"is_endless":false,"potions_floor_spawned":[4],"killed_by":"Exordium Thugs","ascension_level":20}