{"gold_per_floor":[12,12,28,28,28,28,55,65,114,134,134,146,146,164,164,243,243,260,260,280,117,130,130,165,165,211,211,223,223,238,238,238,311,311,327,2,2,2,12,12,12,12,35,35,35,51,51,51,51,51],"floor_reached":50,"playtime":1904,"items_purged":[],"score":847,"play_id":"b2b692a1-8167-48a1-bbd1-ba5bf55284ff","local_time":"20190214025131","is_ascension_mode":true,"campfire_choices":[{"data":"Zap","floor":6.0,"key":"SMITH"},{"floor":11.0,"key":"REST"},{"floor":15.0,"key":"REST"},{"floor":23.0,"key":"REST"},{"floor":25.0,"key":"REST"},{"floor":27.0,"key":"DIG"},{"floor":32,"key":"REST"},{"floor":40,"key":"DIG"},{"floor":42,"key":"DIG"},{"floor":44,"key":"DIG"},{"floor":47,"key":"DIG"},{"floor":49,"key":"REST"}],"neow_cost":"NO_GOLD","seed_source_timestamp":1874752405320843,"circlet_count":0,"master_deck":["AscendersBane","Strike_B","Strike_B","Strike_B","Defend_B","Defend_B","Defend_B","Defend_B","Zap+1","Dualcast","All For One","Echo Form","Leap+1","FTL","Seek","Streamline","Reboot","Go for the Eyes","Doom and Gloom","Ball Lightning","Capacitor+1","Madness","Leap+1","Reinforced Body"],"special_seed":0,"relics":["Cracked Core","Regal Pillow","Dream Catcher","Snecko Eye","Gremlin Horn","Shovel","Strawberry","Shuriken","Nilry\u0027s Codex","Runic Dome","WingedGreaves","Bird Faced Urn","Juzu Bracelet","Centennial Puzzle","Letter Opener","Symbiotic Virus"],"potions_floor_usage":[33,50,50],"damage_taken":[{"damage":2.0,"enemies":"Jaw Worm","floor":1.0,"turns":3.0},{"damage":0.0,"enemies":"Cultist","floor":3.0,"turns":3.0},{"damage":24.0,"enemies":"Lagavulin","floor":7.0,"turns":6.0},{"damage":18.0,"enemies":"Small Slimes","floor":8.0,"turns":3.0},{"damage":10.0,"enemies":"Red Slaver","floor":10.0,"turns":3.0},{"damage":12.0,"enemies":"2 Fungi Beasts","floor":12.0,"turns":3.0},{"damage":3.0,"enemies":"3 Louse","floor":14.0,"turns":3.0},{"damage":50.0,"enemies":"Slime Boss","floor":16.0,"turns":9.0},{"damage":5.0,"enemies":"Spheric Guardian","floor":18.0,"turns":4.0},{"damage":15.0,"enemies":"Shell Parasite","floor":20.0,"turns":4.0},{"damage":18.0,"enemies":"3 Cultists","floor":22.0,"turns":3.0},{"damage":42.0,"enemies":"Slavers","floor":24.0,"turns":4.0},{"damage":0.0,"enemies":"Cultist and Chosen","floor":28.0,"turns":2.0},{"damage":34,"enemies":"Centurion and Healer","floor":30,"turns":7},{"damage":24,"enemies":"Automaton","floor":33,"turns":9},{"damage":16,"enemies":"Orb Walker","floor":35,"turns":3},{"damage":3,"enemies":"3 Darklings","floor":39,"turns":3},{"damage":13,"enemies":"Sphere and 2 Shapes","floor":46,"turns":4},{"damage":91,"enemies":"Donu and Deca","floor":50,"turns":6}],"seed_played":"2757394466451825503","potions_obtained":[{"floor":1.0,"key":"FearPotion"},{"floor":7.0,"key":"Weak Potion"},{"floor":8.0,"key":"Fire Potion"},{"floor":14.0,"key":"GamblersBrew"},{"floor":16.0,"key":"GamblersBrew"},{"floor":20.0,"key":"Swift Potion"},{"floor":28.0,"key":"Poison Potion"},{"floor":33,"key":"Weak Potion"},{"floor":35,"key":"Fire Potion"}],"is_trial":false,"path_per_floor":["M","$","M","?","$","R","E","M","T","M","R","M","?","M","R","B",null,"M","T","M","$","M","R","E","R","T","R","M","?","M","?","R","B",null,"M","$","?","?","M","R","$","R","T","R","?","M","R","?","R","B"],"character_chosen":"DEFECT","items_purchased":["Doom and Gloom","FocusPotion","WingedGreaves"],"campfire_rested":6,"item_purchase_floors":[21,21,36],"current_hp_per_floor":[62,62,62,62,62,62,38,20,20,10,46,34,34,31,67,17,58,53,53,38,38,20,56,14,50,57,57,57,36,2,2,40,16,63,47,47,47,47,44,44,44,44,44,44,44,35,35,35,72,0],"gold":51,"neow_bonus":"THREE_RARE_CARDS","is_prod":false,"is_daily":false,"chose_seed":false,"campfire_upgraded":1,"win_rate":0,"timestamp":1550080291,"path_taken":["M","$","M","?","?","R","E","M","T","M","R","M","?","M","R","BOSS","M","?","M","$","M","R","E","R","T","R","M","?","M","?","R","BOSS","M","$","?","?","M","R","$","R","T","R","?","M","R","?","R","BOSS"],"build_version":"2019-01-23","purchased_purges":0,"victory":false,"max_hp_per_floor":[71,71,71,71,71,71,71,71,71,71,71,71,71,71,71,71,71,71,71,71,71,71,71,71,71,78,78,78,78,78,78,78,78,78,78,78,74,74,74,74,74,74,74,74,74,74,74,74,74,74],"card_choices":[{"not_picked":["Buffer","Multi-Cast"],"picked":"All For One","floor":0.0},{"not_picked":["Chill","Beam Cell","Redo"],"picked":"SKIP","floor":1.0},{"not_picked":["Chill","Scrape","Heatsinks"],"picked":"SKIP","floor":3.0},{"not_picked":["Stack","Cold Snap"],"picked":"Leap","floor":7.0},{"not_picked":["Rebound","Turbo","Gash"],"picked":"SKIP","floor":8.0},{"not_picked":["Stack","Chaos"],"picked":"FTL","floor":10.0},{"not_picked":["Reprogram","Gash","Rebound"],"picked":"SKIP","floor":12.0},{"not_picked":["Stack","Gash"],"picked":"Seek","floor":14.0},{"not_picked":["Storm","Chaos"],"picked":"Streamline","floor":15.0},{"not_picked":["Creative AI","Hyperbeam"],"picked":"Reboot","floor":16.0},{"not_picked":["Storm","Compile Driver","Beam Cell+1"],"picked":"SKIP","floor":18.0},{"not_picked":["Barrage","Beam Cell+1"],"picked":"Go for the Eyes","floor":20.0},{"not_picked":["Stack","Seek"],"picked":"Ball Lightning","floor":22.0},{"not_picked":["Tempest","Cold Snap"],"picked":"Capacitor","floor":24.0},{"not_picked":["Turbo","Gash","Redo"],"picked":"SKIP","floor":28.0},{"not_picked":["Hologram","Coolheaded","Beam Cell"],"picked":"SKIP","floor":30},{"not_picked":["Barrage","Stack+1","Rebound"],"picked":"SKIP","floor":35},{"not_picked":["Secret Technique","Dark Shackles"],"picked":"Madness","floor":38},{"not_picked":["Double Energy","Darkness","Stack"],"picked":"SKIP","floor":39},{"not_picked":["Lockon","Redo+1"],"picked":"Leap+1","floor":46},{"not_picked":["Turbo","Cold Snap+1"],"picked":"Reinforced Body","floor":49}],"player_experience":531376,"relics_obtained":[{"floor":7.0,"key":"Regal Pillow"},{"floor":9.0,"key":"Dream Catcher"},{"floor":19.0,"key":"Gremlin Horn"},{"floor":24.0,"key":"Shovel"},{"floor":26.0,"key":"Strawberry"},{"floor":27.0,"key":"Shuriken"},{"floor":29,"key":"Nilry\u0027s Codex"},{"floor":40,"key":"Bird Faced Urn"},{"floor":42,"key":"Juzu Bracelet"},{"floor":43,"key":"Centennial Puzzle"},{"floor":44,"key":"Letter Opener"},{"floor":47,"key":"Symbiotic Virus"}],"event_choices":[{"damage_healed":0.0,"max_hp_gain":0.0,"max_hp_loss":0.0,"gold_gain":0.0,"cards_transformed":["Strike_B"],"event_name":"Transmorgrifier","player_choice":"Transformed","floor":4.0,"gold_loss":0.0,"damage_taken":0.0,"cards_obtained":["Echo Form"]},{"damage_healed":0.0,"max_hp_gain":0.0,"max_hp_loss":0.0,"gold_gain":0.0,"event_name":"Upgrade Shrine","player_choice":"Upgraded","floor":13.0,"gold_loss":0.0,"damage_taken":0.0,"cards_upgraded":["Leap"]},{"damage_healed":0,"gold_gain":0,"player_choice":"Obtained Book","damage_taken":21,"max_hp_gain":0,"max_hp_loss":0,"event_name":"Cursed Tome","floor":29,"gold_loss":0},{"damage_healed":0,"gold_gain":0,"player_choice":"Ignored","damage_taken":0,"max_hp_gain":0,"max_hp_loss":0,"event_name":"The Mausoleum","floor":31,"gold_loss":0},{"damage_healed":0,"gold_gain":0,"player_choice":"Max HP","damage_taken":0,"max_hp_gain":0,"max_hp_loss":4,"event_name":"Winding Halls","floor":37,"gold_loss":0},{"damage_healed":0,"gold_gain":0,"player_choice":"Memory 1","damage_taken":0,"max_hp_gain":0,"max_hp_loss":0,"event_name":"SensoryStone","floor":38,"gold_loss":0},{"damage_healed":0,"gold_gain":0,"player_choice":"Ignored","damage_taken":0,"max_hp_gain":0,"max_hp_loss":0,"event_name":"Mysterious Sphere","floor":45,"gold_loss":0},{"damage_healed":0,"gold_gain":0,"player_choice":"Upgraded","damage_taken":0,"max_hp_gain":0,"max_hp_loss":0,"event_name":"Upgrade Shrine","floor":48,"gold_loss":0,"cards_upgraded":["Capacitor"]}],"is_beta":false,"boss_relics":[{"not_picked":["Tiny House","Astrolabe"],"picked":"Snecko Eye"},{"not_picked":["Eternal Feather","Runic Pyramid"],"picked":"Runic Dome"}],"items_purged_floors":[],"is_endless":false,"potions_floor_spawned":[1,7,8,14,16,20,28,33,35],"killed_by":"Donu and Deca","ascension_level":17}