{"gold_per_floor":[112,124,124,142,142,142,67,92,92,92,105,135,135,148,148,226,226,146,146,65,65,65,65,65,65],"floor_reached":25,"playtime":774,"items_purged":["Regret"],"score":435,"play_id":"852d0423-e1dc-4ce0-bdc5-b8bc46a64310","local_time":"20190312225039","is_ascension_mode":true,"campfire_choices":[{"data":"Iron Wave","floor":6.0,"key":"SMITH"},{"data":"Armaments","floor":10.0,"key":"SMITH"},{"floor":13.0,"key":"REST"},{"data":"Bash","floor":15.0,"key":"SMITH"},{"floor":24,"key":"REST"}],"neow_cost":"NONE","seed_source_timestamp":0,"circlet_count":0,"master_deck":["AscendersBane","Strike_R","Strike_R","Strike_R","Defend_R","Defend_R","Defend_R","Defend_R","Bash+1","Iron Wave+1","Evolve","Armaments+1","Shrug It Off","Shrug It Off","Demon Form","Searing Blow+1","RitualDagger","Inflame","Spot Weakness","Infernal Blade"],"special_seed":0,"relics":["Burning Blood","NeowsBlessing","Incense Burner","Oddly Smooth Stone","Magic Flower","Shuriken","Ectoplasm","Gremlin Horn"],"potions_floor_usage":[23,25,25],"damage_taken":[{"damage":0.0,"enemies":"Small Slimes","floor":1.0,"turns":1.0},{"damage":0.0,"enemies":"Cultist","floor":2.0,"turns":1.0},{"damage":0.0,"enemies":"2 Louse","floor":4.0,"turns":1.0},{"damage":15.0,"enemies":"Lagavulin","floor":8.0,"turns":7.0},{"damage":14.0,"enemies":"Blue Slaver","floor":11.0,"turns":6.0},{"damage":50.0,"enemies":"Gremlin Nob","floor":12.0,"turns":5.0},{"damage":2.0,"enemies":"Looter","floor":14.0,"turns":4.0},{"damage":32.0,"enemies":"The Guardian","floor":16.0,"turns":23.0},{"damage":21.0,"enemies":"2 Thieves","floor":18.0,"turns":4.0},{"damage":17.0,"enemies":"Spheric Guardian","floor":21.0,"turns":8.0},{"damage":25,"enemies":"Slavers","floor":23,"turns":9},{"damage":45,"enemies":"Book of Stabbing","floor":25,"turns":5}],"seed_played":"-1629486472541026555","potions_obtained":[{"floor":4.0,"key":"AttackPotion"},{"floor":8.0,"key":"SteroidPotion"},{"floor":11.0,"key":"Energy Potion"},{"floor":12.0,"key":"Swift Potion"},{"floor":16.0,"key":"SteroidPotion"},{"floor":23,"key":"Strength Potion"}],"is_trial":false,"path_per_floor":["M","M","?","M","?","R","$","E","T","R","M","E","R","M","R","B",null,"M","?","$","M","?","E","R","E"],"character_chosen":"IRONCLAD","items_purchased":["Inflame"],"campfire_rested":2,"item_purchase_floors":[20],"current_hp_per_floor":[74,75,75,75,75,75,75,66,66,66,61,20,42,49,49,26,63,51,45,45,37,37,21,43,0],"gold":65,"neow_bonus":"THREE_ENEMY_KILL","is_prod":false,"is_daily":false,"chose_seed":false,"campfire_upgraded":3,"win_rate":0,"timestamp":1552427439,"path_taken":["M","M","?","?","?","R","$","E","T","R","M","E","R","M","R","BOSS","M","?","$","M","?","E","R","E"],"build_version":"2019-01-23","purchased_purges":1,"victory":false,"max_hp_per_floor":[75,75,75,75,75,75,75,75,75,75,75,75,75,75,75,75,75,75,75,75,75,75,75,75,75],"card_choices":[{"not_picked":["Sword Boomerang","Thunderclap"],"picked":"Iron Wave","floor":1.0},{"not_picked":["Heavy Blade","Perfected Strike","Clash"],"picked":"SKIP","floor":2.0},{"not_picked":["Power Through","Combust"],"picked":"Armaments","floor":4.0},{"not_picked":["Seeing Red","Fire Breathing"],"picked":"Shrug It Off","floor":8.0},{"not_picked":["Bludgeon","Sword Boomerang","Blood for Blood"],"picked":"SKIP","floor":11.0},{"not_picked":["Hemokinesis","Twin Strike","Intimidate"],"picked":"SKIP","floor":12.0},{"not_picked":["Heavy Blade","Fire Breathing"],"picked":"Shrug It Off","floor":14.0},{"not_picked":["Double Tap","Limit Break"],"picked":"Demon Form","floor":16.0},{"not_picked":["Cleave","Hemokinesis"],"picked":"Searing Blow+1","floor":18.0},{"not_picked":["Sword Boomerang","Thunderclap"],"picked":"Spot Weakness","floor":21},{"not_picked":["Sentinel+1","Bloodletting"],"picked":"Infernal Blade","floor":23}],"player_experience":474557,"relics_obtained":[{"floor":8.0,"key":"Oddly Smooth Stone"},{"floor":9.0,"key":"Magic Flower"},{"floor":12.0,"key":"Shuriken"},{"floor":23,"key":"Gremlin Horn"}],"event_choices":[{"damage_healed":0.0,"max_hp_gain":0.0,"max_hp_loss":0.0,"gold_gain":0.0,"cards_transformed":["Strike_R"],"event_name":"Transmorgrifier","player_choice":"Transformed","floor":3.0,"gold_loss":0.0,"damage_taken":0.0,"cards_obtained":["Evolve"]},{"damage_healed":0.0,"max_hp_gain":0.0,"max_hp_loss":0.0,"gold_gain":0.0,"event_name":"Big Fish","player_choice":"Box","floor":5.0,"gold_loss":0.0,"damage_taken":0.0,"relics_obtained":["Incense Burner"],"cards_obtained":["Regret"]},{"damage_healed":0.0,"max_hp_gain":0.0,"max_hp_loss":0.0,"gold_gain":0.0,"event_name":"Nest","player_choice":"Joined the Cult","floor":19.0,"gold_loss":0.0,"damage_taken":6.0,"cards_obtained":["RitualDagger"]},{"cards_removed":["Strike_R"],"damage_healed":0,"gold_gain":0,"player_choice":"Offered Basic","damage_taken":0,"max_hp_gain":0,"max_hp_loss":0,"event_name":"Bonfire Elementals","floor":22,"gold_loss":0}],"is_beta":false,"boss_relics":[{"not_picked":["Velvet Choker","Orrery"],"picked":"Ectoplasm"}],"items_purged_floors":[7],"is_endless":false,"potions_floor_spawned":[4,8,11,12,16,23],"killed_by":"Book of Stabbing","ascension_level":18}