{"gold_per_floor":[111,111,111,26,43,68,68,87,112,138,156,156,231,259,259,259],"floor_reached":16,"playtime":432,"items_purged":[],"score":272,"play_id":"fc51e3b2-8834-4309-ab82-61e3655dafa9","local_time":"20190311011008","is_ascension_mode":true,"campfire_choices":[{"data":"Flame Barrier","floor":7,"key":"SMITH"},{"data":"Infernal Blade","floor":12,"key":"SMITH"},{"data":"Body Slam","floor":15,"key":"SMITH"}],"neow_cost":"NONE","seed_source_timestamp":113785289739800,"circlet_count":0,"master_deck":["AscendersBane","Strike_R","Strike_R","Strike_R","Strike_R","Strike_R","Defend_R","Defend_R","Defend_R+1","Defend_R+1","Bash","Flame Barrier+1","Corruption","Infernal Blade+1","True Grit","Dark Embrace","Body Slam+1","Warcry"],"relics":["Burning Blood","NeowsBlessing","GremlinMask","Strawberry","Juzu Bracelet","Anchor","Question Card"],"potions_floor_usage":[10,16],"damage_taken":[{"damage":0,"enemies":"Cultist","floor":1,"turns":1},{"damage":0,"enemies":"2 Louse","floor":5,"turns":1},{"damage":0,"enemies":"Gremlin Nob","floor":6,"turns":1},{"damage":4,"enemies":"Jaw Worm","floor":8,"turns":4},{"damage":24,"enemies":"3 Sentries","floor":10,"turns":11},{"damage":13,"enemies":"Blue Slaver","floor":11,"turns":7},{"damage":13,"enemies":"Lagavulin","floor":14,"turns":7},{"damage":36,"enemies":"Slime Boss","floor":16,"turns":7}],"seed_played":"-4781028731220472752","potions_obtained":[{"floor":6,"key":"Explosive Potion"},{"floor":10,"key":"AttackPotion"},{"floor":11,"key":"Swift Potion"}],"is_trial":false,"path_per_floor":["M","?","?","$","M","E","R","M","T","E","M","R","?","E","R","B"],"character_chosen":"IRONCLAD","items_purchased":["Corruption"],"campfire_rested":0,"item_purchase_floors":[4],"current_hp_per_floor":[74,51,51,51,57,70,70,72,72,54,47,47,36,29,29,0],"gold":259,"neow_bonus":"THREE_ENEMY_KILL","is_prod":false,"is_daily":false,"chose_seed":false,"campfire_upgraded":3,"win_rate":0,"timestamp":1552263008,"path_taken":["M","?","?","$","?","E","R","M","T","E","M","R","?","E","R","BOSS"],"build_version":"2019-01-23","purchased_purges":0,"victory":false,"max_hp_per_floor":[75,75,75,75,75,82,82,82,82,82,82,82,82,82,82,82],"card_choices":[{"not_picked":["Havoc","Iron Wave"],"picked":"Flame Barrier","floor":1},{"not_picked":["Flex","Heavy Blade"],"picked":"Infernal Blade","floor":5},{"not_picked":["True Grit","Searing Blow","Havoc"],"picked":"SKIP","floor":6},{"not_picked":["Searing Blow","Havoc"],"picked":"True Grit","floor":6},{"not_picked":["Sword Boomerang","Clothesline","Pommel Strike"],"picked":"SKIP","floor":8},{"not_picked":["Battle Trance","Evolve"],"picked":"Dark Embrace","floor":10},{"not_picked":["Bloodletting","Evolve"],"picked":"Body Slam","floor":11},{"not_picked":["Bludgeon","Anger"],"picked":"Warcry","floor":14}],"player_experience":469675,"relics_obtained":[{"floor":6,"key":"Strawberry"},{"floor":9,"key":"Juzu Bracelet"},{"floor":10,"key":"Anchor"},{"floor":14,"key":"Question Card"}],"event_choices":[{"damage_healed":0,"gold_gain":0,"player_choice":"Entered Light","damage_taken":23,"max_hp_gain":0,"max_hp_loss":0,"event_name":"Shining Light","floor":2,"gold_loss":0,"cards_upgraded":["Defend_R","Defend_R"]},{"damage_healed":0,"gold_gain":0,"player_choice":"Trade","damage_taken":0,"relics_obtained":["GremlinMask"],"max_hp_gain":0,"max_hp_loss":0,"event_name":"FaceTrader","floor":3,"gold_loss":0},{"damage_healed":0,"gold_gain":75,"player_choice":"Gather Gold","damage_taken":11,"max_hp_gain":0,"max_hp_loss":0,"event_name":"World of Goop","floor":13,"gold_loss":0}],"is_beta":false,"boss_relics":[],"items_purged_floors":[],"is_endless":false,"potions_floor_spawned":[6,10,11],"killed_by":"Slime Boss","ascension_level":18}