{"gold_per_floor":[112,112,122,272,33,33,66,79,151,151,51,69,81,95,95,170,170,186,61,161,161],"floor_reached":21,"playtime":798,"items_purged":["Doubt","Strike_R","Strike_R"],"score":349,"play_id":"72ee8da3-5cf1-4adb-9225-736be24015b7","local_time":"20190331030159","is_ascension_mode":true,"campfire_choices":[{"data":"Rampage","floor":6.0,"key":"SMITH"},{"data":"Warcry","floor":10.0,"key":"SMITH"},{"data":"Armaments","floor":15.0,"key":"SMITH"}],"neow_cost":"TEN_PERCENT_HP_LOSS","seed_source_timestamp":13174545945500,"circlet_count":0,"master_deck":["AscendersBane","Strike_R","Strike_R","Strike_R","Defend_R","Defend_R","Defend_R","Defend_R","Bash","Searing Blow","Battle Trance","Battle Trance","Rampage+1","Warcry+1","Armaments+1","Barricade","Battle Trance+1"],"special_seed":0,"relics":["Burning Blood","Thread and Needle","Oddly Smooth Stone","Centennial Puzzle","Mercury Hourglass","Fusion Hammer","Prayer Wheel","Gremlin Horn"],"potions_floor_usage":[],"damage_taken":[{"damage":0.0,"enemies":"Jaw Worm","floor":1.0,"turns":4.0},{"damage":2.0,"enemies":"2 Louse","floor":3.0,"turns":3.0},{"damage":6.0,"enemies":"3 Sentries","floor":7.0,"turns":6.0},{"damage":2.0,"enemies":"Cultist","floor":8.0,"turns":3.0},{"damage":3.0,"enemies":"Lots of Slimes","floor":12.0,"turns":3.0},{"damage":0.0,"enemies":"Large Slime","floor":13.0,"turns":5.0},{"damage":2.0,"enemies":"Exordium Wildlife","floor":14.0,"turns":3.0},{"damage":10.0,"enemies":"The Guardian","floor":16.0,"turns":11.0},{"damage":4.0,"enemies":"Shell Parasite","floor":18.0,"turns":7.0},{"damage":17.0,"enemies":"Colosseum Slavers","floor":20.0,"turns":5.0},{"damage":56.0,"enemies":"Colosseum Nobs","floor":20.0,"turns":5.0},{"damage":7,"enemies":"3 Byrds","floor":21,"turns":2}],"seed_played":"3911568313421025038","potions_obtained":[{"floor":1.0,"key":"AttackPotion"},{"floor":3.0,"key":"Fire Potion"},{"floor":7.0,"key":"Poison Potion"},{"floor":18.0,"key":"Strength Potion"}],"is_trial":false,"path_per_floor":["M","?","M","?","$","R","E","M","T","R","$","M","M","M","R","B",null,"M","$","?","M"],"character_chosen":"IRONCLAD","items_purchased":["Battle Trance","Rampage"],"campfire_rested":0,"item_purchase_floors":[5,5],"current_hp_per_floor":[68,63,67,67,67,67,67,68,68,68,68,68,68,68,68,64,67,68,68,7,0],"gold":161,"neow_bonus":"ONE_RARE_RELIC","is_prod":false,"is_daily":false,"chose_seed":false,"campfire_upgraded":3,"win_rate":0,"timestamp":1553994119,"path_taken":["M","?","M","?","$","R","E","M","T","R","?","M","?","M","R","BOSS","M","?","?","?"],"build_version":"2019-01-23","purchased_purges":3,"victory":false,"max_hp_per_floor":[68,68,68,68,68,68,68,68,68,68,68,68,68,68,68,68,68,68,68,68,68],"card_choices":[{"not_picked":["Thunderclap","Wild Strike"],"picked":"Searing Blow","floor":1.0},{"not_picked":["Clash","Armaments"],"picked":"Battle Trance","floor":3.0},{"not_picked":["Iron Wave","Fiend Fire","Sword Boomerang"],"picked":"SKIP","floor":7.0},{"not_picked":["Flex","Wild Strike"],"picked":"Warcry","floor":8.0},{"not_picked":["Body Slam","Anger"],"picked":"Armaments","floor":12.0},{"not_picked":["Sword Boomerang","Flex","Iron Wave"],"picked":"SKIP","floor":13.0},{"not_picked":["Pommel Strike","Carnage","Clothesline"],"picked":"SKIP","floor":14.0},{"not_picked":["Double Tap","Limit Break"],"picked":"Barricade","floor":16.0},{"not_picked":["Thunderclap","Blood for Blood"],"picked":"Battle Trance+1","floor":18.0}],"player_experience":506029,"relics_obtained":[{"floor":7.0,"key":"Centennial Puzzle"},{"floor":9.0,"key":"Mercury Hourglass"},{"floor":20.0,"key":"Prayer Wheel"},{"floor":20.0,"key":"Gremlin Horn"}],"event_choices":[{"damage_healed":0.0,"max_hp_gain":0.0,"max_hp_loss":0.0,"gold_gain":0.0,"event_name":"Scrap Ooze","player_choice":"Success","floor":2.0,"gold_loss":0.0,"damage_taken":5.0,"relics_obtained":["Oddly Smooth Stone"]},{"damage_healed":0.0,"max_hp_gain":0.0,"max_hp_loss":0.0,"gold_gain":150.0,"event_name":"Liars Game","player_choice":"AGREE","floor":4.0,"gold_loss":0.0,"damage_taken":0.0,"cards_obtained":["Doubt"]},{"damage_healed":0.0,"max_hp_gain":0.0,"max_hp_loss":0.0,"gold_gain":0.0,"event_name":"Colosseum","player_choice":"Fight","floor":20.0,"gold_loss":0.0,"damage_taken":0.0},{"damage_healed":0.0,"max_hp_gain":0.0,"max_hp_loss":0.0,"gold_gain":0.0,"event_name":"Colosseum","player_choice":"Fought Nobs","floor":20.0,"gold_loss":0.0,"damage_taken":0.0}],"is_beta":false,"boss_relics":[{"not_picked":["Lizard Tail","Mark of Pain"],"picked":"Fusion Hammer"}],"items_purged_floors":[5,11,19],"is_endless":false,"potions_floor_spawned":[1,3,7,18,20],"killed_by":"3 Byrds","ascension_level":19}