{"gold_per_floor":[116,168,64,82,82,82,57,92,92,110,110,127,127,52,52,123,123,136,136,164,189,208,208,224,224,224,224,253,55,81,81,81,158,158,176,195,13,26,26,26,58,76,126,157,170,170,6,24,24,24,24],"floor_reached":51,"playtime":2320,"items_purged":["Strike_G","Strike_G","Strike_G"],"score":1432,"play_id":"e8c0f9e3-6e7d-4c52-aebb-89f42d1177bd","local_time":"20190505173155","is_ascension_mode":true,"campfire_choices":[{"data":"Skewer","floor":6.0,"key":"SMITH"},{"data":"1","floor":11.0,"key":"LIFT"},{"data":"2","floor":13.0,"key":"LIFT"},{"data":"3","floor":15.0,"key":"LIFT"},{"data":"A Thousand Cuts","floor":23.0,"key":"SMITH"},{"data":"Neutralize","floor":25.0,"key":"SMITH"},{"floor":27.0,"key":"REST"},{"floor":32.0,"key":"REST"},{"floor":40.0,"key":"REST"},{"floor":49.0,"key":"RECALL"}],"neow_cost":"NONE","seed_source_timestamp":61651403519100,"circlet_count":0,"master_deck":["AscendersBane","Defend_G","Defend_G+1","Defend_G","Defend_G+1","Defend_G","Strike_G","Survivor","Neutralize+1","Caltrops","PiercingWail","Skewer+1","Infinite Blades","Backflip","PiercingWail","Leg Sweep","A Thousand Cuts+1","Quick Slash","Cloak And Dagger","Backflip","Apotheosis+1","Burst","PiercingWail","Acrobatics","Backflip","Cloak And Dagger+1","After Image","Footwork","Blur"],"special_seed":0,"relics":["Ring of the Snake","NeowsBlessing","War Paint","Gambling Chip","Girya","Tingsha","Busted Crown","Red Mask","Regal Pillow","Ginger","Mango","Shuriken","Philosopher\u0027s Stone","Pantograph","Du-Vu Doll","Question Card"],"potions_floor_usage":[51],"damage_taken":[{"damage":0.0,"enemies":"Cultist","floor":1.0,"turns":1.0},{"damage":0.0,"enemies":"Jaw Worm","floor":4.0,"turns":1.0},{"damage":0.0,"enemies":"Lagavulin","floor":8.0,"turns":1.0},{"damage":0.0,"enemies":"2 Louse","floor":10.0,"turns":3.0},{"damage":0.0,"enemies":"Looter","floor":12.0,"turns":2.0},{"damage":5.0,"enemies":"The Guardian","floor":16.0,"turns":12.0},{"damage":1.0,"enemies":"2 Thieves","floor":18.0,"turns":4.0},{"damage":12.0,"enemies":"Masked Bandits","floor":20.0,"turns":5.0},{"damage":0.0,"enemies":"3 Byrds","floor":22.0,"turns":3.0},{"damage":25.0,"enemies":"Shelled Parasite and Fungi","floor":24.0,"turns":7.0},{"damage":15.0,"enemies":"Book of Stabbing","floor":28.0,"turns":5.0},{"damage":24.0,"enemies":"Slavers","floor":30.0,"turns":5.0},{"damage":29.0,"enemies":"Champ","floor":33.0,"turns":12.0},{"damage":17.0,"enemies":"3 Shapes","floor":35.0,"turns":3.0},{"damage":22.0,"enemies":"3 Darklings","floor":36.0,"turns":6.0},{"damage":15.0,"enemies":"Spire Growth","floor":38.0,"turns":6.0},{"damage":2.0,"enemies":"Giant Head","floor":41.0,"turns":7.0},{"damage":3.0,"enemies":"Jaw Worm Horde","floor":42.0,"turns":4.0},{"damage":28.0,"enemies":"Reptomancer","floor":44.0,"turns":6.0},{"damage":15.0,"enemies":"Writhing Mass","floor":45.0,"turns":4.0},{"damage":0.0,"enemies":"4 Shapes","floor":48.0,"turns":5.0},{"damage":8.0,"enemies":"Awakened One","floor":50.0,"turns":15.0},{"damage":58,"enemies":"Time Eater","floor":51,"turns":10}],"seed_played":"-7953377769923113985","potions_obtained":[{"floor":10.0,"key":"Energy Potion"},{"floor":12.0,"key":"Dexterity Potion"},{"floor":33.0,"key":"Strength Potion"},{"floor":42.0,"key":"Ancient Potion"},{"floor":44.0,"key":"Weak Potion"},{"floor":48.0,"key":"PowerPotion"}],"is_trial":false,"path_per_floor":["M","T","$","M","T","R","$","E","T","M","R","M","R","$","R","B",null,"M","?","?","T","M","R","M","R","T","R","E","$","E","?","R","B",null,"M","M","$","M","?","R","E","M","T","E","M","T","$","M","R","B","B"],"character_chosen":"THE_SILENT","items_purchased":["PiercingWail","Skewer","Backflip","Apotheosis","Acrobatics","Backflip","Footwork"],"campfire_rested":3,"item_purchase_floors":[3,3,7,29,37,37,47],"current_hp_per_floor":[59,59,59,59,59,59,59,59,59,59,59,59,59,59,59,54,63,62,62,50,50,50,50,25,25,25,59,58,58,34,34,73,44,71,54,32,32,17,17,56,54,51,51,23,8,8,8,8,8,25,0],"gold":24,"neow_bonus":"THREE_ENEMY_KILL","is_prod":false,"is_daily":false,"chose_seed":false,"campfire_upgraded":3,"win_rate":0,"timestamp":1557070315,"path_taken":["M","?","$","M","?","R","$","E","T","M","R","M","R","?","R","BOSS","M","?","?","?","M","R","M","R","T","R","E","?","E","?","R","BOSS","M","M","$","M","?","R","E","?","T","E","M","?","?","?","R","BOSS","BOSS"],"build_version":"2019-01-23","purchased_purges":3,"victory":false,"max_hp_per_floor":[66,66,66,66,66,66,66,66,66,66,66,66,66,66,66,66,66,66,66,66,66,66,66,66,66,66,66,80,80,80,80,80,80,80,80,80,80,80,80,80,80,80,80,80,80,80,80,80,80,80,80],"card_choices":[{"not_picked":["Dagger Spray","Underhanded Strike"],"picked":"Caltrops","floor":1.0},{"not_picked":["Deflect","Concentrate"],"picked":"Infinite Blades","floor":4.0},{"not_picked":["Glass Knife","Sucker Punch"],"picked":"PiercingWail","floor":8.0},{"not_picked":["Flechettes","Flying Knee"],"picked":"Leg Sweep","floor":10.0},{"not_picked":["Accuracy","Caltrops","Deadly Poison"],"picked":"SKIP","floor":12.0},{"not_picked":["Envenom","Corpse Explosion"],"picked":"A Thousand Cuts","floor":16.0},{"not_picked":[],"picked":"Quick Slash","floor":18.0},{"not_picked":[],"picked":"Cloak And Dagger","floor":20.0},{"not_picked":[],"picked":"Backflip","floor":22.0},{"not_picked":["Deadly Poison"],"picked":"SKIP","floor":24.0},{"not_picked":["Slice"],"picked":"SKIP","floor":28.0},{"not_picked":["Deflect"],"picked":"SKIP","floor":30.0},{"not_picked":[],"picked":"Burst","floor":33.0},{"not_picked":[],"picked":"PiercingWail","floor":35.0},{"not_picked":["Blade Dance"],"picked":"SKIP","floor":36.0},{"not_picked":["Dagger Throw"],"picked":"SKIP","floor":38.0},{"not_picked":[],"picked":"Cloak And Dagger+1","floor":41.0},{"not_picked":["Riddle With Holes+1"],"picked":"SKIP","floor":42.0},{"not_picked":[],"picked":"After Image","floor":44.0},{"not_picked":["Deflect"],"picked":"SKIP","floor":45.0},{"not_picked":["PiercingWail"],"picked":"Blur","floor":48.0}],"player_experience":636800,"relics_obtained":[{"floor":2.0,"key":"War Paint"},{"floor":5.0,"key":"Gambling Chip"},{"floor":8.0,"key":"Girya"},{"floor":9.0,"key":"Tingsha"},{"floor":20.0,"key":"Red Mask"},{"floor":21.0,"key":"Regal Pillow"},{"floor":26.0,"key":"Ginger"},{"floor":28.0,"key":"Mango"},{"floor":30.0,"key":"Shuriken"},{"floor":41.0,"key":"Pantograph"},{"floor":44.0,"key":"Du-Vu Doll"},{"floor":46.0,"key":"Question Card"}],"event_choices":[{"damage_healed":0.0,"max_hp_gain":0.0,"max_hp_loss":0.0,"gold_gain":0.0,"event_name":"Vampires","player_choice":"Ignored","floor":19.0,"gold_loss":0.0,"damage_taken":0.0},{"damage_healed":0.0,"max_hp_gain":0.0,"max_hp_loss":0.0,"gold_gain":0.0,"event_name":"Masked Bandits","player_choice":"Fought Bandits","floor":20.0,"gold_loss":0.0,"damage_taken":0.0},{"cards_removed":["Strike_G"],"damage_healed":0.0,"max_hp_gain":0.0,"max_hp_loss":0.0,"gold_gain":0.0,"event_name":"Back to Basics","player_choice":"Elegance","floor":31.0,"gold_loss":0.0,"damage_taken":0.0},{"damage_healed":0.0,"max_hp_gain":0.0,"max_hp_loss":0.0,"gold_gain":0.0,"event_name":"Upgrade Shrine","player_choice":"Upgraded","floor":39.0,"gold_loss":0.0,"damage_taken":0.0,"cards_upgraded":["Apotheosis"]}],"is_beta":false,"boss_relics":[{"not_picked":["Coffee Dripper","Astrolabe"],"picked":"Busted Crown"},{"not_picked":["Eternal Feather","Velvet Choker"],"picked":"Philosopher\u0027s Stone"}],"items_purged_floors":[14,37,47],"is_endless":false,"potions_floor_spawned":[10,12,16,18,24,33,36,42,44,45,48],"killed_by":"Time Eater","ascension_level":20}