{"gold_per_floor":[113,113,133,145,145,175,175,185,185,208,221,232,197,230,230,230],"floor_reached":16,"playtime":641,"items_purged":[],"score":213,"play_id":"c8e9d8a2-aa94-4904-bbdc-5601db71d160","local_time":"20190419205617","is_ascension_mode":true,"campfire_choices":[{"data":"Zap","floor":7.0,"key":"SMITH"},{"floor":15,"key":"REST"}],"neow_cost":"NONE","seed_source_timestamp":800417112038080,"circlet_count":0,"master_deck":["AscendersBane","Strike_B","Strike_B","Strike_B","Strike_B","Defend_B","Defend_B","Defend_B","Defend_B","Zap+1","Dualcast","Go for the Eyes","Cold Snap","Conserve Battery","Coolheaded","Barrage","Leap","BootSequence"],"special_seed":0,"relics":["Cracked Core","Letter Opener","Singing Bowl","Shuriken","Juzu Bracelet","Omamori"],"potions_floor_usage":[14,16],"damage_taken":[{"damage":2.0,"enemies":"Cultist","floor":1.0,"turns":4.0},{"damage":2.0,"enemies":"Jaw Worm","floor":3.0,"turns":4.0},{"damage":11.0,"enemies":"2 Louse","floor":4.0,"turns":3.0},{"damage":21.0,"enemies":"Lagavulin","floor":6.0,"turns":8.0},{"damage":2.0,"enemies":"Red Slaver","floor":8.0,"turns":3.0},{"damage":8,"enemies":"Large Slime","floor":11,"turns":7},{"damage":10,"enemies":"Gremlin Gang","floor":12,"turns":4},{"damage":38,"enemies":"Gremlin Nob","floor":14,"turns":5},{"damage":27,"enemies":"Hexaghost","floor":16,"turns":12}],"seed_played":"4581358420428080572","potions_obtained":[{"floor":8.0,"key":"SpeedPotion"},{"floor":11,"key":"Dexterity Potion"},{"floor":14,"key":"FearPotion"}],"is_trial":false,"path_per_floor":["M","?","M","M","?","E","R","M","T","T","M","M","?","E","R","B"],"character_chosen":"DEFECT","items_purchased":[],"campfire_rested":1,"item_purchase_floors":[],"current_hp_per_floor":[69,78,76,65,60,41,41,39,39,39,31,21,41,3,27,0],"gold":230,"neow_bonus":"TEN_PERCENT_HP_BONUS","is_prod":false,"is_daily":false,"chose_seed":false,"campfire_upgraded":1,"win_rate":0,"timestamp":1555700177,"path_taken":["M","?","?","M","?","E","R","M","T","?","M","M","?","E","R","BOSS"],"build_version":"2019-01-23","purchased_purges":0,"victory":false,"max_hp_per_floor":[78,78,78,78,78,80,80,80,80,80,80,80,80,80,80,80],"card_choices":[{"not_picked":["Redo","Beam Cell"],"picked":"Go for the Eyes","floor":1.0},{"not_picked":["Rainbow","Consume"],"picked":"Cold Snap","floor":3.0},{"not_picked":["Gash","Sweeping Beam"],"picked":"Conserve Battery","floor":4.0},{"not_picked":["Beam Cell","Streamline","Redo"],"picked":"Singing Bowl","floor":6.0},{"not_picked":["Darkness","Machine Learning"],"picked":"Coolheaded","floor":8.0},{"not_picked":["Streamline","Sweeping Beam"],"picked":"Barrage","floor":11},{"not_picked":["Loop","White Noise"],"picked":"Leap","floor":12},{"not_picked":["Multi-Cast","Melter"],"picked":"BootSequence","floor":14}],"player_experience":673552,"relics_obtained":[{"floor":6.0,"key":"Singing Bowl"},{"floor":9.0,"key":"Shuriken"},{"floor":10.0,"key":"Juzu Bracelet"},{"floor":14,"key":"Omamori"}],"event_choices":[{"damage_healed":9.0,"max_hp_gain":0.0,"max_hp_loss":0.0,"gold_gain":0.0,"event_name":"Wheel of Change","player_choice":"Full Heal","floor":2.0,"gold_loss":0.0,"damage_taken":0.0},{"damage_healed":0.0,"max_hp_gain":0.0,"max_hp_loss":0.0,"gold_gain":0.0,"event_name":"Scrap Ooze","player_choice":"Success","floor":5.0,"gold_loss":0.0,"damage_taken":5.0,"relics_obtained":["Letter Opener"]},{"damage_healed":20,"gold_gain":0,"player_choice":"Healed","damage_taken":0,"max_hp_gain":0,"max_hp_loss":0,"event_name":"The Cleric","floor":13,"gold_loss":35}],"is_beta":false,"boss_relics":[],"items_purged_floors":[],"is_endless":false,"potions_floor_spawned":[8,11,14],"killed_by":"Hexaghost","ascension_level":18}