{"gold_per_floor":[110,110,21,34,50,79,89,118,118,118,118,68,98,48,48,48],"floor_reached":16,"playtime":373,"items_purged":["Regret","Strike_R"],"score":211,"play_id":"eba7a4b6-0d56-456a-9876-cecbc9330ce3","local_time":"20190326194614","is_ascension_mode":true,"campfire_choices":[{"floor":11,"key":"REST"},{"data":"Metallicize","floor":15,"key":"SMITH"}],"neow_cost":"TEN_PERCENT_HP_LOSS","seed_source_timestamp":152102791570100,"circlet_count":0,"master_deck":["AscendersBane","Strike_R","Strike_R","Strike_R","Strike_R","Defend_R","Defend_R","Defend_R","Defend_R","Bash","Anger","Carnage","Metallicize+1","Spot Weakness","Inflame","Dual Wield"],"special_seed":0,"relics":["Burning Blood","Magic Flower","Oddly Smooth Stone","Bag of Marbles","Smiling Mask","The Courier"],"potions_floor_usage":[16],"damage_taken":[{"damage":1.0,"enemies":"Small Slimes","floor":1.0,"turns":4.0},{"damage":3.0,"enemies":"Cultist","floor":4.0,"turns":3.0},{"damage":11.0,"enemies":"Jaw Worm","floor":5.0,"turns":4.0},{"damage":29.0,"enemies":"Lagavulin","floor":6.0,"turns":7.0},{"damage":14.0,"enemies":"2 Fungi Beasts","floor":7.0,"turns":4.0},{"damage":33,"enemies":"Gremlin Nob","floor":8,"turns":4},{"damage":46,"enemies":"Hexaghost","floor":16,"turns":9}],"seed_played":"-2225663613247471424","potions_obtained":[{"floor":1.0,"key":"Explosive Potion"},{"floor":7.0,"key":"BloodPotion"}],"is_trial":false,"path_per_floor":["M","?","$","M","M","E","M","E","T","?","R","$","?","$","R","B"],"character_chosen":"IRONCLAD","items_purchased":["Metallicize"],"campfire_rested":1,"item_purchase_floors":[3],"current_hp_per_floor":[68,68,68,68,66,46,41,17,17,17,37,37,37,37,37,0],"gold":48,"neow_bonus":"ONE_RARE_RELIC","is_prod":false,"is_daily":false,"chose_seed":false,"campfire_upgraded":1,"win_rate":0,"timestamp":1553625974,"path_taken":["M","?","$","?","M","E","M","E","T","?","R","?","?","$","R","BOSS"],"build_version":"2019-01-23","purchased_purges":2,"victory":false,"max_hp_per_floor":[68,68,68,68,68,68,68,68,68,68,68,68,68,68,68,68],"card_choices":[{"not_picked":["Combust","Thunderclap"],"picked":"Anger","floor":1.0},{"not_picked":["Infernal Blade","Headbutt"],"picked":"Spot Weakness","floor":4.0},{"not_picked":["Wild Strike","Pummel","Iron Wave"],"picked":"SKIP","floor":5.0},{"not_picked":["Immolate","Thunderclap"],"picked":"Inflame","floor":6.0},{"not_picked":["Body Slam","Pommel Strike"],"picked":"Dual Wield","floor":7.0},{"not_picked":["Anger","Cleave","Wild Strike"],"picked":"SKIP","floor":8}],"player_experience":500297,"relics_obtained":[{"floor":6.0,"key":"Oddly Smooth Stone"},{"floor":8,"key":"Bag of Marbles"},{"floor":9,"key":"Smiling Mask"}],"event_choices":[{"damage_healed":0.0,"max_hp_gain":0.0,"max_hp_loss":0.0,"gold_gain":0.0,"event_name":"Match and Keep!","player_choice":"1 cards matched","floor":2.0,"gold_loss":0.0,"damage_taken":0.0,"cards_obtained":["Carnage"]},{"damage_healed":0,"gold_gain":0,"player_choice":"Box","damage_taken":0,"relics_obtained":["The Courier"],"max_hp_gain":0,"max_hp_loss":0,"event_name":"Big Fish","floor":10,"gold_loss":0,"cards_obtained":["Regret"]},{"damage_healed":0,"gold_gain":30,"player_choice":"Searched \u00272\u0027 times","damage_taken":0,"max_hp_gain":0,"max_hp_loss":0,"event_name":"Dead Adventurer","floor":13,"gold_loss":0}],"is_beta":false,"boss_relics":[],"items_purged_floors":[12,14],"is_endless":false,"potions_floor_spawned":[1,7],"killed_by":"Hexaghost","ascension_level":19}