{"gold_per_floor":[115,115,115,265,91,91,91,104,158,189,202,218,218,218,218,312,312,325,38,38,38,38,62,62,100,100,100,116,157,157,172,172,172],"floor_reached":33,"playtime":733,"items_purged":["Doubt"],"score":645,"play_id":"98054d12-4f79-48b5-899b-84823e6178e1","local_time":"20190408194812","is_ascension_mode":true,"campfire_choices":[{"data":"Loop","floor":6,"key":"SMITH"},{"data":"Conserve Battery","floor":13,"key":"SMITH"},{"data":"Zap","floor":15,"key":"SMITH"},{"floor":24,"key":"REST"},{"data":"Coolheaded","floor":30,"key":"SMITH"},{"floor":32,"key":"REST"}],"neow_cost":"NONE","seed_source_timestamp":764842416421300,"circlet_count":0,"master_deck":["AscendersBane","Strike_B","Strike_B","Strike_B","Strike_B","Defend_B+1","Defend_B+1","Defend_B","Defend_B","Zap+1","Dualcast","Injury","Loop+1","Conserve Battery+1","Conserve Battery","Capacitor","Conserve Battery","Electrodynamics","Cold Snap+1","FTL","Shame","Coolheaded+1"],"special_seed":0,"relics":["Cracked Core","NeowsBlessing","Golden Idol","Meat on the Bone","Blood Vial","Ancient Tea Set","Busted Crown","Gremlin Horn","Mercury Hourglass","Molten Egg 2","Kunai","Bag of Marbles","Pen Nib"],"potions_floor_usage":[16,16,29],"damage_taken":[{"damage":0.0,"enemies":"Jaw Worm","floor":1.0,"turns":1.0},{"damage":0,"enemies":"2 Louse","floor":8,"turns":1},{"damage":0,"enemies":"Gremlin Nob","floor":10,"turns":1},{"damage":1,"enemies":"Small Slimes","floor":11,"turns":5},{"damage":2,"enemies":"3 Louse","floor":12,"turns":4},{"damage":33,"enemies":"Slime Boss","floor":16,"turns":8},{"damage":16,"enemies":"Chosen","floor":18,"turns":7},{"damage":27,"enemies":"2 Thieves","floor":23,"turns":3},{"damage":0,"enemies":"Gremlin Leader","floor":25,"turns":6},{"damage":30,"enemies":"Sentry and Sphere","floor":28,"turns":6},{"damage":23,"enemies":"Slavers","floor":29,"turns":5},{"damage":27,"enemies":"Snake Plant","floor":31,"turns":4},{"damage":56,"enemies":"Automaton","floor":33,"turns":6}],"seed_played":"-6113481704977737042","potions_obtained":[{"floor":8,"key":"FearPotion"},{"floor":10,"key":"SteroidPotion"},{"floor":11,"key":"FocusPotion"},{"floor":12,"key":"Fire Potion"},{"floor":23,"key":"Ancient Potion"},{"floor":25,"key":"FocusPotion"}],"is_trial":false,"path_per_floor":["M","?","?","?","$","R","T","M","T","E","M","M","R","?","R","B",null,"M","$","?","?","T","M","R","E","T","?","M","E","R","M","R","B"],"character_chosen":"DEFECT","items_purchased":["Loop","Conserve Battery","Gremlin Horn"],"campfire_rested":2,"item_purchase_floors":[5,5,19],"current_hp_per_floor":[64,64,43,43,43,43,43,43,43,45,46,46,46,46,46,27,60,46,46,46,46,46,33,54,56,56,56,40,31,31,18,39,0],"gold":172,"neow_bonus":"THREE_ENEMY_KILL","is_prod":false,"is_daily":false,"chose_seed":false,"campfire_upgraded":4,"win_rate":0,"timestamp":1554745692,"path_taken":["M","?","?","?","$","R","?","M","T","E","M","M","R","?","R","BOSS","M","$","?","?","?","M","R","E","T","?","M","E","R","M","R","BOSS"],"build_version":"2019-01-23","purchased_purges":1,"victory":false,"max_hp_per_floor":[71,71,71,71,71,71,71,71,71,71,71,71,71,71,71,71,71,71,71,71,71,71,71,71,71,71,71,71,71,71,71,71,71],"card_choices":[{"not_picked":["Beam Cell","Redo","Sweeping Beam"],"picked":"SKIP","floor":1.0},{"not_picked":["Blizzard","Leap"],"picked":"Conserve Battery","floor":8},{"not_picked":["Go for the Eyes","Storm"],"picked":"Capacitor","floor":10},{"not_picked":["Turbo","Stack","Ball Lightning"],"picked":"SKIP","floor":11},{"not_picked":["Lockon","Barrage"],"picked":"Conserve Battery","floor":12},{"not_picked":["Seek","Reboot"],"picked":"Electrodynamics","floor":16},{"not_picked":[],"picked":"Cold Snap+1","floor":18},{"not_picked":[],"picked":"FTL","floor":23},{"not_picked":["Streamline"],"picked":"SKIP","floor":25},{"not_picked":["Force Field"],"picked":"SKIP","floor":28},{"not_picked":[],"picked":"Coolheaded","floor":29},{"not_picked":["Gash+1"],"picked":"SKIP","floor":31}],"player_experience":517646,"relics_obtained":[{"floor":7,"key":"Meat on the Bone"},{"floor":9,"key":"Blood Vial"},{"floor":10,"key":"Ancient Tea Set"},{"floor":22,"key":"Mercury Hourglass"},{"floor":25,"key":"Molten Egg 2"},{"floor":26,"key":"Kunai"},{"floor":29,"key":"Pen Nib"}],"event_choices":[{"damage_healed":0.0,"max_hp_gain":0.0,"max_hp_loss":0.0,"gold_gain":0.0,"event_name":"Golden Idol","player_choice":"Take Wound","floor":2.0,"gold_loss":0.0,"damage_taken":0.0,"relics_obtained":["Golden Idol"],"cards_obtained":["Injury"]},{"damage_healed":0.0,"max_hp_gain":0.0,"max_hp_loss":0.0,"gold_gain":0.0,"event_name":"Shining Light","player_choice":"Entered Light","floor":3.0,"gold_loss":0.0,"damage_taken":21.0,"cards_upgraded":["Defend_B","Defend_B"]},{"damage_healed":0.0,"max_hp_gain":0.0,"max_hp_loss":0.0,"gold_gain":150.0,"event_name":"Liars Game","player_choice":"AGREE","floor":4.0,"gold_loss":0.0,"damage_taken":0.0,"cards_obtained":["Doubt"]},{"damage_healed":0,"gold_gain":0,"player_choice":"Searched \u00271\u0027 times","damage_taken":0,"max_hp_gain":0,"max_hp_loss":0,"event_name":"Dead Adventurer","floor":14,"gold_loss":0},{"damage_healed":0,"gold_gain":0,"player_choice":"Ignored","damage_taken":0,"max_hp_gain":0,"max_hp_loss":0,"event_name":"Beggar","floor":20,"gold_loss":0},{"damage_healed":0,"gold_gain":0,"player_choice":"Ignored","damage_taken":0,"max_hp_gain":0,"max_hp_loss":0,"event_name":"Ghosts","floor":21,"gold_loss":0},{"damage_healed":0,"gold_gain":0,"player_choice":"Stole Relic","damage_taken":0,"relics_obtained":["Bag of Marbles"],"max_hp_gain":0,"max_hp_loss":0,"event_name":"Addict","floor":27,"gold_loss":0,"cards_obtained":["Shame"]}],"is_beta":false,"boss_relics":[{"not_picked":["Runic Pyramid","Fusion Hammer"],"picked":"Busted Crown"}],"items_purged_floors":[5],"is_endless":false,"potions_floor_spawned":[8,10,11,12,23,25],"killed_by":"Automaton","ascension_level":19}