{"gold_per_floor":[114,114,114,39,39,70,70,70,70,145,145,168,201,220,220,318,318,331,456,199,159,184,184,199,199,199,199,216,234,333,368,368,444,444,461,512,512,523,533,533,567,567,567,567,585,319,338,352,352,352],"floor_reached":51,"playtime":3907,"items_purged":["Injury","Writhe"],"score":1119,"play_id":"be3ed51e-f872-49cd-b60a-775acd05a023","local_time":"20190330224548","is_ascension_mode":true,"campfire_choices":[{"data":"Tempest","floor":7.0,"key":"SMITH"},{"data":"Zap","floor":11.0,"key":"SMITH"},{"floor":15.0,"key":"REST"},{"floor":23.0,"key":"REST"},{"data":"Electrodynamics","floor":27.0,"key":"SMITH"},{"floor":32.0,"key":"REST"},{"data":"Go for the Eyes","floor":40,"key":"SMITH"},{"data":"Dualcast","floor":42,"key":"SMITH"},{"data":"Glacier","floor":44,"key":"SMITH"},{"floor":49,"key":"REST"}],"neow_cost":"NONE","seed_source_timestamp":0,"circlet_count":0,"master_deck":["AscendersBane","Strike_B","Strike_B","Strike_B+1","Defend_B","Defend_B","Defend_B","Defend_B","Zap+1","Dualcast+1","Tempest+1","Chill","Glacier+1","Go for the Eyes+1","Ball Lightning","Echo Form","Sweeping Beam+1","Electrodynamics+1","Capacitor","Leap","Leap","Chill","Compile Driver+1","Core Surge","FTL+1","Flash of Steel+1","Master of Strategy","Melter"],"special_seed":0,"relics":["FrozenCore","NeowsBlessing","Bloody Idol","Gambling Chip","Orichalcum","Art of War","Happy Flower","FossilizedHelix","Mercury Hourglass","Membership Card","Frozen Egg 2","Dead Branch","Inserter","Torii","Bronze Scales","Singing Bowl","Whetstone"],"potions_floor_usage":[41,50,50],"damage_taken":[{"damage":0.0,"enemies":"Small Slimes","floor":1.0,"turns":1.0},{"damage":0.0,"enemies":"3 Sentries","floor":6.0,"turns":1.0},{"damage":0.0,"enemies":"Jaw Worm","floor":12.0,"turns":1.0},{"damage":12.0,"enemies":"Gremlin Nob","floor":13.0,"turns":4.0},{"damage":0.0,"enemies":"2 Louse","floor":14.0,"turns":2.0},{"damage":44.0,"enemies":"Hexaghost","floor":16.0,"turns":13.0},{"damage":2.0,"enemies":"Spheric Guardian","floor":18.0,"turns":4.0},{"damage":18.0,"enemies":"Colosseum Slavers","floor":19.0,"turns":4.0},{"damage":32.0,"enemies":"Colosseum Nobs","floor":19.0,"turns":6.0},{"damage":0.0,"enemies":"3 Byrds","floor":22.0,"turns":2.0},{"damage":0.0,"enemies":"3 Cultists","floor":24.0,"turns":3.0},{"damage":0.0,"enemies":"Centurion and Healer","floor":28.0,"turns":5.0},{"damage":6.0,"enemies":"Snake Plant","floor":29.0,"turns":3.0},{"damage":20.0,"enemies":"Gremlin Leader","floor":31.0,"turns":7.0},{"damage":42.0,"enemies":"Collector","floor":33.0,"turns":11.0},{"damage":0.0,"enemies":"3 Shapes","floor":35.0,"turns":3.0},{"damage":42.0,"enemies":"2 Orb Walkers","floor":36.0,"turns":4.0},{"damage":0.0,"enemies":"Orb Walker","floor":38.0,"turns":3.0},{"damage":0,"enemies":"Maw","floor":39,"turns":7},{"damage":2,"enemies":"Reptomancer","floor":41,"turns":6},{"damage":9,"enemies":"Spire Growth","floor":45,"turns":5},{"damage":11,"enemies":"Jaw Worm Horde","floor":47,"turns":4},{"damage":0,"enemies":"3 Darklings","floor":48,"turns":3},{"damage":38,"enemies":"Donu and Deca","floor":50,"turns":10}],"seed_played":"-5755235118842073449","potions_obtained":[{"floor":14.0,"key":"SkillPotion"},{"floor":16.0,"key":"Ancient Potion"},{"floor":19.0,"key":"Fruit Juice"},{"floor":22.0,"key":"Fire Potion"},{"floor":31.0,"key":"Poison Potion"},{"floor":33.0,"key":"Fire Potion"},{"floor":38.0,"key":"Energy Potion"},{"floor":41,"key":"Ancient Potion"},{"floor":47,"key":"Energy Potion"}],"is_trial":false,"path_per_floor":["M","?","?","$","?","E","R","$","T","?","R","M","E","M","R","B",null,"M","?","$","?","M","R","M","?","T","R","M","M","?","E","R","B",null,"M","?","?","M","M","R","E","R","T","R","M","$","M","M","R","B",null],"character_chosen":"DEFECT","items_purchased":["Membership Card","Capacitor","Leap","Flash of Steel","Whetstone","Master of Strategy"],"campfire_rested":4,"item_purchase_floors":[20,20,20,46,46,46],"current_hp_per_floor":[68,68,56,56,49,49,49,49,49,38,38,38,26,26,48,4,57,55,5,5,5,10,34,34,34,34,34,39,38,43,28,52,15,64,69,32,52,57,62,62,65,65,65,65,63,63,57,64,84,46],"gold":352,"neow_bonus":"THREE_ENEMY_KILL","is_prod":false,"is_daily":false,"chose_seed":false,"campfire_upgraded":6,"win_rate":0,"timestamp":1554011148,"path_taken":["M","?","?","$","?","E","R","?","T","?","R","M","E","?","R","BOSS","M","?","$","?","?","R","M","?","T","R","M","M","?","E","R","BOSS","M","?","?","M","M","R","E","R","T","R","M","$","M","M","R","BOSS"],"build_version":"2019-01-23","purchased_purges":2,"victory":true,"max_hp_per_floor":[75,75,75,75,75,75,75,75,75,75,75,75,75,75,75,75,75,75,75,75,75,80,80,80,80,80,80,80,80,80,80,80,80,80,80,80,80,80,80,80,80,80,80,80,82,82,82,84,84,84],"card_choices":[{"not_picked":["Barrage","Compile Driver"],"picked":"Tempest","floor":1.0},{"not_picked":["Cold Snap","Rebound"],"picked":"Chill","floor":6.0},{"not_picked":["Glacier","Rebound","Cold Snap"],"picked":"SKIP","floor":12.0},{"not_picked":["Rebound","Cold Snap"],"picked":"Glacier","floor":12.0},{"not_picked":["Multi-Cast","Turbo"],"picked":"Go for the Eyes","floor":13.0},{"not_picked":["Leap","Steam Power"],"picked":"Ball Lightning","floor":14.0},{"not_picked":["Hyperbeam","Biased Cognition"],"picked":"Echo Form","floor":16.0},{"not_picked":["Coolheaded","Hologram"],"picked":"Sweeping Beam","floor":18.0},{"not_picked":["Rebound","Gash"],"picked":"Electrodynamics","floor":19.0},{"not_picked":["Hologram","Turbo"],"picked":"Leap","floor":22.0},{"not_picked":["Lockon","Turbo","Cold Snap+1"],"picked":"SKIP","floor":24.0},{"not_picked":["Barrage","Beam Cell","Lockon"],"picked":"SKIP","floor":28.0},{"not_picked":["Go for the Eyes","Barrage"],"picked":"Chill","floor":29.0},{"not_picked":["Go for the Eyes","Ball Lightning"],"picked":"Compile Driver+1","floor":31.0},{"not_picked":["Thunder Strike","Biased Cognition+1"],"picked":"Core Surge","floor":33.0},{"not_picked":["Gash","Rebound"],"picked":"FTL","floor":35.0},{"not_picked":["Barrage","Fusion","Capacitor+1"],"picked":"SKIP","floor":38.0},{"not_picked":["Turbo","Sweeping Beam","Stack"],"picked":"SKIP","floor":39},{"not_picked":["Streamline+1","Leap","Tempest"],"picked":"SKIP","floor":41},{"not_picked":["Double Energy+1","Ball Lightning","Stack"],"picked":"Singing Bowl","floor":45},{"not_picked":["Recycle","Beam Cell"],"picked":"Melter","floor":47},{"not_picked":["Steam","Ball Lightning","Turbo"],"picked":"Singing Bowl","floor":48}],"player_experience":573852,"relics_obtained":[{"floor":6.0,"key":"Orichalcum"},{"floor":9.0,"key":"Art of War"},{"floor":13.0,"key":"Happy Flower"},{"floor":19.0,"key":"FossilizedHelix"},{"floor":19.0,"key":"Mercury Hourglass"},{"floor":26.0,"key":"Frozen Egg 2"},{"floor":31.0,"key":"Dead Branch"},{"floor":36.0,"key":"Torii"},{"floor":41,"key":"Bronze Scales"},{"floor":43,"key":"Singing Bowl"}],"event_choices":[{"damage_healed":0.0,"max_hp_gain":0.0,"max_hp_loss":0.0,"gold_gain":0.0,"event_name":"Golden Idol","player_choice":"Take Wound","floor":2.0,"gold_loss":0.0,"damage_taken":0.0,"relics_obtained":["Golden Idol"],"cards_obtained":["Injury"]},{"damage_healed":0.0,"max_hp_gain":0.0,"max_hp_loss":0.0,"gold_gain":0.0,"event_name":"Scrap Ooze","player_choice":"Success","floor":3.0,"gold_loss":0.0,"damage_taken":12.0,"relics_obtained":["Gambling Chip"]},{"cards_removed":["Strike_B"],"damage_healed":0.0,"max_hp_gain":0.0,"max_hp_loss":0.0,"gold_gain":0.0,"event_name":"Golden Wing","player_choice":"Card Removal","floor":5.0,"gold_loss":0.0,"damage_taken":7.0},{"damage_healed":0.0,"max_hp_gain":0.0,"max_hp_loss":0.0,"gold_gain":75.0,"event_name":"World of Goop","player_choice":"Gather Gold","floor":10.0,"gold_loss":0.0,"damage_taken":11.0},{"damage_healed":0.0,"max_hp_gain":0.0,"max_hp_loss":0.0,"gold_gain":0.0,"event_name":"Colosseum","player_choice":"Fight","floor":19.0,"gold_loss":0.0,"damage_taken":0.0},{"damage_healed":0.0,"max_hp_gain":0.0,"max_hp_loss":0.0,"gold_gain":0.0,"event_name":"Colosseum","player_choice":"Fought Nobs","floor":19.0,"gold_loss":0.0,"damage_taken":0.0},{"damage_healed":0.0,"max_hp_gain":0.0,"max_hp_loss":0.0,"gold_gain":0.0,"event_name":"Designer","player_choice":"Upgraded Two","floor":21.0,"gold_loss":40.0,"damage_taken":0.0,"cards_upgraded":["Strike_B","Sweeping Beam"]},{"damage_healed":0.0,"max_hp_gain":0.0,"max_hp_loss":0.0,"gold_gain":0.0,"event_name":"Forgotten Altar","player_choice":"Gave Idol","floor":25.0,"relics_lost":["Golden Idol"],"gold_loss":0.0,"damage_taken":0.0,"relics_obtained":["Bloody Idol"]},{"damage_healed":0.0,"max_hp_gain":0.0,"max_hp_loss":0.0,"gold_gain":99.0,"event_name":"Nest","player_choice":"Stole From Cult","floor":30.0,"gold_loss":0.0,"damage_taken":0.0},{"damage_healed":0.0,"max_hp_gain":0.0,"max_hp_loss":0.0,"gold_gain":0.0,"event_name":"Mysterious Sphere","player_choice":"Fight","floor":36.0,"gold_loss":0.0,"damage_taken":0.0},{"damage_healed":20.0,"max_hp_gain":0.0,"max_hp_loss":0.0,"gold_gain":0.0,"event_name":"Winding Halls","player_choice":"Writhe","floor":37.0,"gold_loss":0.0,"damage_taken":0.0,"cards_obtained":["Writhe"]}],"is_beta":false,"boss_relics":[{"not_picked":["Calling Bell","White Beast Statue"],"picked":"FrozenCore"},{"not_picked":["Snecko Eye","Pandora\u0027s Box"],"picked":"Inserter"}],"items_purged_floors":[4,46],"is_endless":false,"potions_floor_spawned":[14,16,19,19,22,31,33,38,41,47,48],"ascension_level":13}