{"gold_per_floor":[117,134,27,27,52,82,82,113,113,131,142,162,162,172,172,274,274,285,285,385,401,411,411,46,63,63,63,63,63,18,52,64,172,184,211,241,25,125,125,125,142,152,152,172,172,96,96,114,114,114,114,114,14,42,42],"floor_reached":56,"playtime":5478,"items_purged":["Strike_G","Strike_G"],"score":1127,"play_id":"fde61ae6-5b7c-4159-8814-7b0129371392","local_time":"20190330185055","is_ascension_mode":false,"campfire_choices":[{"floor":7.0,"key":"REST"},{"data":"Footwork","floor":13.0,"key":"SMITH"},{"floor":15.0,"key":"REST"},{"data":"Leg Sweep","floor":23.0,"key":"SMITH"},{"data":"Unload","floor":27.0,"key":"SMITH"},{"data":"Skewer","floor":29.0,"key":"SMITH"},{"floor":32.0,"key":"REST"},{"floor":40,"key":"RECALL"},{"data":"Backstab","floor":45,"key":"SMITH"},{"floor":49,"key":"REST"},{"data":"Cloak And Dagger","floor":52,"key":"SMITH"}],"neow_cost":"NONE","seed_source_timestamp":0,"circlet_count":0,"master_deck":["Defend_G","Defend_G","Defend_G","Defend_G","Defend_G","Strike_G","Strike_G","Strike_G","Survivor","Neutralize+1","Leg Sweep+1","Footwork+1","Terror","Backstab+1","Dagger Throw","Skewer+1","Cloak And Dagger+1","Heel Hook","Unload+1","Backstab","Blade Dance+1","Dash+1","Flying Knee+1","Malaise+1","Footwork+1","Eviscerate+1","Dodge and Roll+1","Tools of the Trade+1","Noxious Fumes+1","Noxious Fumes+1","Dagger Spray+1","Parasite","Outmaneuver+1","Backstab","Noxious Fumes+1","Leg Sweep+1"],"special_seed":0,"relics":["Ring of the Snake","Omamori","Frozen Egg 2","Tough Bandages","Pear","Sozu","Shuriken","Gambling Chip","Toxic Egg 2","Blood Vial","MawBank","Runic Pyramid","Bag of Marbles","Du-Vu Doll","WarpedTongs","Bag of Preparation","Happy Flower"],"potions_floor_usage":[55,55],"damage_taken":[{"damage":0.0,"enemies":"Cultist","floor":1.0,"turns":3.0},{"damage":2.0,"enemies":"Jaw Worm","floor":2.0,"turns":5.0},{"damage":42.0,"enemies":"Gremlin Nob","floor":6.0,"turns":6.0},{"damage":13.0,"enemies":"Lagavulin","floor":8.0,"turns":12.0},{"damage":0.0,"enemies":"2 Louse","floor":10.0,"turns":2.0},{"damage":15.0,"enemies":"Exordium Wildlife","floor":11.0,"turns":6.0},{"damage":4.0,"enemies":"Large Slime","floor":12.0,"turns":9.0},{"damage":0.0,"enemies":"Lots of Slimes","floor":14.0,"turns":4.0},{"damage":4.0,"enemies":"The Guardian","floor":16.0,"turns":15.0},{"damage":0.0,"enemies":"Chosen","floor":18.0,"turns":3.0},{"damage":5.0,"enemies":"Colosseum Slavers","floor":20.0,"turns":5.0},{"damage":14.0,"enemies":"Colosseum Nobs","floor":20.0,"turns":5.0},{"damage":7.0,"enemies":"2 Thieves","floor":21.0,"turns":4.0},{"damage":0.0,"enemies":"3 Cultists","floor":22.0,"turns":4.0},{"damage":0.0,"enemies":"Chosen and Byrds","floor":25.0,"turns":3.0},{"damage":16.0,"enemies":"Slavers","floor":31.0,"turns":5.0},{"damage":31.0,"enemies":"Collector","floor":33.0,"turns":11.0},{"damage":16,"enemies":"3 Darklings","floor":35,"turns":6},{"damage":0,"enemies":"3 Shapes","floor":36,"turns":4},{"damage":10,"enemies":"Mind Bloom Boss Battle","floor":38,"turns":6},{"damage":0,"enemies":"3 Darklings","floor":41,"turns":4},{"damage":0,"enemies":"Maw","floor":42,"turns":7},{"damage":0,"enemies":"Writhing Mass","floor":44,"turns":5},{"damage":0,"enemies":"4 Shapes","floor":48,"turns":4},{"damage":15,"enemies":"Time Eater","floor":50,"turns":12},{"damage":42,"enemies":"Shield and Spear","floor":54,"turns":7},{"damage":38,"enemies":"The Heart","floor":55,"turns":13}],"seed_played":"-2210192431065475680","potions_obtained":[{"floor":2.0,"key":"Dexterity Potion"},{"floor":8.0,"key":"EssenceOfSteel"},{"floor":10.0,"key":"Swift Potion"},{"floor":14.0,"key":"Block Potion"}],"is_trial":false,"path_per_floor":["M","M","$","?","T","E","R","E","T","M","M","M","R","M","R","B",null,"M","?","?","M","M","R","$","M","T","R","$","R","$","E","R","B",null,"M","M","$","?","?","R","M","M","T","M","R","$","$","M","R","B",null,"R","$","E","B",null],"character_chosen":"THE_SILENT","items_purchased":["Footwork","Terror","Blood Vial","Malaise+1","Footwork+1","Dodge and Roll+1","Bag of Marbles","Noxious Fumes+1","Backstab"],"campfire_rested":4,"item_purchase_floors":[3,3,24,24,24,30,37,37,46],"current_hp_per_floor":[70,68,68,68,68,26,47,34,44,44,29,25,25,25,49,45,80,80,80,61,54,54,54,54,56,56,56,56,56,56,42,66,37,80,64,66,66,58,58,58,60,62,62,64,64,64,64,66,80,65,80,80,80,38,2],"gold":42,"neow_bonus":"UPGRADE_CARD","is_prod":false,"is_daily":false,"chose_seed":false,"campfire_upgraded":6,"win_rate":0,"timestamp":1553986255,"path_taken":["M","M","?","?","?","E","R","E","T","M","M","M","R","M","R","BOSS","M","?","?","M","M","R","$","M","T","R","$","R","?","E","R","BOSS","M","M","$","?","?","R","M","M","T","?","R","?","$","M","R","BOSS","R","$","E","BOSS"],"build_version":"2019-01-23","purchased_purges":2,"victory":true,"max_hp_per_floor":[70,70,70,70,70,70,70,70,80,80,80,80,80,80,80,80,80,80,80,80,80,80,80,80,80,80,80,80,80,80,80,80,80,80,80,80,80,80,80,80,80,80,80,80,80,80,80,80,80,80,80,80,80,80,80],"card_choices":[{"not_picked":["Slice","Setup","Masterful Stab"],"picked":"SKIP","floor":1.0},{"not_picked":["Crippling Poison","Accuracy"],"picked":"Leg Sweep","floor":2.0},{"not_picked":["Escape Plan","Eviscerate"],"picked":"Backstab","floor":6.0},{"not_picked":["Bane","Underhanded Strike","Distraction"],"picked":"SKIP","floor":8.0},{"not_picked":["Dash","Dodge and Roll"],"picked":"Dagger Throw","floor":10.0},{"not_picked":["Blur","Calculated Gamble"],"picked":"Skewer","floor":11.0},{"not_picked":["Sucker Punch","Poisoned Stab"],"picked":"Cloak And Dagger","floor":12.0},{"not_picked":["Flying Knee","Deadly Poison"],"picked":"Heel Hook","floor":14.0},{"not_picked":["Envenom+1","Glass Knife"],"picked":"Unload","floor":16.0},{"not_picked":["Sucker Punch","Slice"],"picked":"Backstab","floor":18.0},{"not_picked":["Dash","Reflex"],"picked":"Blade Dance","floor":20.0},{"not_picked":["Calculated Gamble+1","Dodge and Roll+1"],"picked":"Dash+1","floor":21.0},{"not_picked":["Deflect+1","Sucker Punch"],"picked":"Flying Knee+1","floor":22.0},{"not_picked":["Choke+1","Prepared+1"],"picked":"Eviscerate+1","floor":25.0},{"not_picked":["Acrobatics+1","Choke","Prepared+1"],"picked":"SKIP","floor":31.0},{"not_picked":["Night Terror+1","Corpse Explosion+1"],"picked":"Tools of the Trade+1","floor":33.0},{"not_picked":["Slice+1","Cloak And Dagger+1"],"picked":"Noxious Fumes+1","floor":35},{"not_picked":["Acrobatics+1","Deadly Poison+1","Quick Slash+1"],"picked":"SKIP","floor":36},{"not_picked":["Deadly Poison+1","Bane"],"picked":"Dagger Spray+1","floor":38},{"not_picked":["Blade Dance+1","Dagger Throw","Underhanded Strike"],"picked":"SKIP","floor":41},{"not_picked":["Flying Knee","Sucker Punch","Venomology+1"],"picked":"SKIP","floor":42},{"not_picked":["Poisoned Stab+1","Leg Sweep+1"],"picked":"Outmaneuver+1","floor":44},{"not_picked":["Quick Slash+1","Flying Knee+1"],"picked":"Noxious Fumes+1","floor":48},{"not_picked":["Flying Knee","Grand Finale"],"picked":"Leg Sweep+1","floor":54}],"player_experience":101745,"relics_obtained":[{"floor":5.0,"key":"Omamori"},{"floor":6.0,"key":"Frozen Egg 2"},{"floor":8.0,"key":"Tough Bandages"},{"floor":9.0,"key":"Pear"},{"floor":20.0,"key":"Gambling Chip"},{"floor":20.0,"key":"Toxic Egg 2"},{"floor":31.0,"key":"MawBank"},{"floor":38,"key":"Du-Vu Doll"},{"floor":43,"key":"Bag of Preparation"},{"floor":54,"key":"Happy Flower"}],"event_choices":[{"damage_healed":0.0,"max_hp_gain":0.0,"max_hp_loss":0.0,"gold_gain":0.0,"event_name":"Liars Game","player_choice":"Ignored","floor":4.0,"gold_loss":0.0,"damage_taken":0.0},{"damage_healed":0.0,"max_hp_gain":0.0,"max_hp_loss":0.0,"gold_gain":0.0,"event_name":"The Mausoleum","player_choice":"Opened","floor":19.0,"gold_loss":0.0,"damage_taken":0.0,"relics_obtained":["Shuriken"],"cards_obtained":["Writhe"]},{"damage_healed":0.0,"max_hp_gain":0.0,"max_hp_loss":0.0,"gold_gain":0.0,"event_name":"Colosseum","player_choice":"Fight","floor":20.0,"gold_loss":0.0,"damage_taken":0.0},{"damage_healed":0.0,"max_hp_gain":0.0,"max_hp_loss":0.0,"gold_gain":0.0,"event_name":"Colosseum","player_choice":"Fought Nobs","floor":20.0,"gold_loss":0.0,"damage_taken":0.0},{"damage_healed":0,"gold_gain":0,"player_choice":"Fight","damage_taken":0,"max_hp_gain":0,"max_hp_loss":0,"event_name":"MindBloom","floor":38,"gold_loss":0},{"damage_healed":0,"gold_gain":0,"player_choice":"Rummage","damage_taken":0,"relics_obtained":["WarpedTongs"],"max_hp_gain":0,"max_hp_loss":0,"event_name":"Accursed Blacksmith","floor":39,"gold_loss":0,"cards_obtained":["Pain"]}],"is_beta":false,"boss_relics":[{"not_picked":["Orrery","Busted Crown"],"picked":"Sozu"},{"not_picked":["Philosopher\u0027s Stone","Coffee Dripper"],"picked":"Runic Pyramid"}],"items_purged_floors":[24,53],"is_endless":false,"potions_floor_spawned":[2,8,10,11,14,20,21,25,35,41,44,48],"ascension_level":0}