{"gold_per_floor":[119,119,73,87,18,53,53,71,71,71,82,82,99,110,110,206,206,225,225,240,165,182,200,200,200,223,242,242,242,270,287,287,287],"floor_reached":33,"playtime":1717,"items_purged":["Strike_G"],"score":353,"play_id":"da971309-6bd7-44e3-9b97-4f2b7f7340c2","local_time":"20181227091504","is_ascension_mode":true,"campfire_choices":[{"data":"Night Terror","floor":7.0,"key":"SMITH"},{"data":"Dagger Spray","floor":10.0,"key":"SMITH"},{"data":"Neutralize","floor":12.0,"key":"SMITH"},{"data":"Crippling Poison","floor":15.0,"key":"SMITH"},{"data":"Crippling Poison","floor":24.0,"key":"SMITH"},{"floor":28.0,"key":"REST"},{"floor":32,"key":"REST"}],"neow_cost":"NONE","seed_source_timestamp":115956239505360,"circlet_count":0,"master_deck":["Defend_G","Defend_G","Defend_G","Defend_G","Defend_G","Strike_G","Strike_G","Strike_G","Strike_G","Survivor","Neutralize+1","Crippling Poison+1","Dagger Spray+1","Well Laid Plans","Night Terror+1","Blur","Predator","Crippling Poison+1","Bullet Time","Distraction","Poisoned Stab+1","PiercingWail","Infinite Blades","Concentrate+1"],"special_seed":0,"relics":["Ring of the Serpent","NeowsBlessing","Girya","Ninja Scroll","Ancient Tea Set","Blood Vial"],"potions_floor_usage":[30,30,30,33],"damage_taken":[{"damage":0.0,"enemies":"2 Louse","floor":1.0,"turns":1.0},{"damage":0.0,"enemies":"Cultist","floor":4.0,"turns":1.0},{"damage":0.0,"enemies":"Gremlin Nob","floor":6.0,"turns":1.0},{"damage":2.0,"enemies":"Jaw Worm","floor":8.0,"turns":4.0},{"damage":0.0,"enemies":"3 Louse","floor":11.0,"turns":4.0},{"damage":1.0,"enemies":"Red Slaver","floor":13.0,"turns":5.0},{"damage":2.0,"enemies":"2 Fungi Beasts","floor":14.0,"turns":3.0},{"damage":13.0,"enemies":"Slime Boss","floor":16.0,"turns":9.0},{"damage":2.0,"enemies":"3 Byrds","floor":18.0,"turns":3.0},{"damage":11.0,"enemies":"Spheric Guardian","floor":20.0,"turns":3.0},{"damage":0.0,"enemies":"Centurion and Healer","floor":22.0,"turns":7.0},{"damage":11.0,"enemies":"Chosen and Byrds","floor":23.0,"turns":5.0},{"damage":7.0,"enemies":"Snecko","floor":27.0,"turns":4.0},{"damage":11,"enemies":"Book of Stabbing","floor":30,"turns":4},{"damage":4,"enemies":"Centurion and Healer","floor":31,"turns":6},{"damage":60,"enemies":"Automaton","floor":33,"turns":8}],"seed_played":"5777143738261773762","potions_obtained":[{"floor":1.0,"key":"SteroidPotion"},{"floor":2.0,"key":"Strength Potion"},{"floor":2.0,"key":"Dexterity Potion"},{"floor":18.0,"key":"AttackPotion"},{"floor":22.0,"key":"Energy Potion"},{"floor":27.0,"key":"PowerPotion"},{"floor":31,"key":"Block Potion"}],"is_trial":false,"path_per_floor":["M","?","$","M","$","E","R","M","T","R","M","R","M","M","R","B",null,"M","?","M","$","M","M","R","?","T","M","R","?","E","M","R","B"],"character_chosen":"THE_SILENT","items_purchased":["Dagger Spray","Well Laid Plans"],"campfire_rested":2,"item_purchase_floors":[3,5],"current_hp_per_floor":[70,70,70,70,70,70,70,68,68,68,68,68,67,65,65,52,70,68,55,44,44,44,33,33,33,33,26,48,48,37,35,57,0],"gold":287,"neow_bonus":"THREE_ENEMY_KILL","is_prod":false,"is_daily":false,"chose_seed":false,"campfire_upgraded":5,"win_rate":0,"timestamp":1545869704,"path_taken":["M","?","$","?","$","E","R","M","T","R","M","R","M","M","R","BOSS","M","?","M","$","M","M","R","?","T","?","R","?","E","M","R","BOSS"],"build_version":"2018-12-20","purchased_purges":1,"victory":false,"max_hp_per_floor":[70,70,70,70,70,70,70,70,70,70,70,70,70,70,70,70,70,70,75,75,75,75,75,75,75,75,75,75,75,75,75,75,75],"card_choices":[{"not_picked":["Well Laid Plans","Distraction"],"picked":"Crippling Poison","floor":1.0},{"not_picked":["Escape Plan","Tactician","Acrobatics"],"picked":"SKIP","floor":4.0},{"not_picked":["Endless Agony","After Image"],"picked":"Night Terror","floor":6.0},{"not_picked":["Calculated Gamble","Sucker Punch"],"picked":"Blur","floor":8.0},{"not_picked":["Prepared","Deflect","Endless Agony"],"picked":"SKIP","floor":11.0},{"not_picked":["Quick Slash","Cloak And Dagger"],"picked":"Predator","floor":13.0},{"not_picked":["Flechettes","Blade Dance"],"picked":"Crippling Poison","floor":14.0},{"not_picked":["After Image","Glass Knife"],"picked":"Bullet Time","floor":16.0},{"not_picked":["Slice","Deflect"],"picked":"Distraction","floor":18.0},{"not_picked":["Sucker Punch","Prepared"],"picked":"Poisoned Stab+1","floor":20.0},{"not_picked":["Escape Plan","Predator","Flechettes"],"picked":"SKIP","floor":22.0},{"not_picked":["Deadly Poison","Deflect","Tactician+1"],"picked":"SKIP","floor":23.0},{"not_picked":["Acrobatics","Eviscerate"],"picked":"PiercingWail","floor":27.0},{"not_picked":["Dagger Throw+1","Deflect"],"picked":"Infinite Blades","floor":30},{"not_picked":["Underhanded Strike+1","Deflect"],"picked":"Concentrate+1","floor":31}],"player_experience":258810,"relics_obtained":[{"floor":6.0,"key":"Girya"},{"floor":9.0,"key":"Ninja Scroll"},{"floor":26.0,"key":"Ancient Tea Set"},{"floor":30,"key":"Blood Vial"}],"event_choices":[{"damage_healed":0.0,"max_hp_gain":0.0,"max_hp_loss":0.0,"gold_gain":0.0,"event_name":"Lab","player_choice":"Got Potions","floor":2.0,"gold_loss":0.0,"damage_taken":0.0},{"damage_healed":0.0,"max_hp_gain":5.0,"max_hp_loss":0.0,"gold_gain":0.0,"event_name":"Forgotten Altar","player_choice":"Shed Blood","floor":19.0,"gold_loss":0.0,"damage_taken":18.0},{"damage_healed":0.0,"max_hp_gain":0.0,"max_hp_loss":0.0,"gold_gain":0.0,"event_name":"Match and Keep!","player_choice":"0 cards matched","floor":25.0,"gold_loss":0.0,"damage_taken":0.0,"cards_obtained":[]},{"damage_healed":0,"gold_gain":0,"player_choice":"Ignored","damage_taken":0,"max_hp_gain":0,"max_hp_loss":0,"event_name":"The Mausoleum","floor":29,"gold_loss":0}],"is_beta":false,"boss_relics":[{"not_picked":["Fusion Hammer","Ectoplasm"],"picked":"Ring of the Serpent"}],"items_purged_floors":[21],"is_endless":false,"potions_floor_spawned":[1,4,8,11,13,18,22,27,31],"killed_by":"Automaton","ascension_level":4}