{"gold_per_floor":[114,131,306,24,24,24,54,54,136,136,147,32,47,47,47,145,145,157,174,174,174,15,15,15,26,49,49,63,63,94,114,114,214,214,233,243,343,343,358,358,358,371,371,371,386,396,426,446,446,446],"floor_reached":51,"playtime":2426,"items_purged":["Doubt"],"score":772,"play_id":"910523ae-db04-4a70-9cff-6711c6022d4e","local_time":"20190208155742","is_ascension_mode":false,"campfire_choices":[{"data":"Mayhem","floor":6.0,"key":"SMITH"},{"data":"Flame Barrier","floor":8.0,"key":"SMITH"},{"data":"Demon Form","floor":10.0,"key":"SMITH"},{"data":"Heavy Blade","floor":15.0,"key":"SMITH"},{"floor":23.0,"key":"REST"},{"floor":27.0,"key":"REST"},{"data":"Limit Break","floor":29.0,"key":"SMITH"},{"floor":32.0,"key":"DIG"},{"floor":40.0,"key":"DIG"},{"floor":44,"key":"DIG"},{"floor":49,"key":"DIG"}],"neow_cost":"NONE","seed_source_timestamp":1402998987107125,"circlet_count":0,"master_deck":["Strike_R","Strike_R","Defend_R","Defend_R","Defend_R","Defend_R+1","Bash","Warcry","Sever Soul","Carnage","Mayhem+1","Flame Barrier+1","Demon Form+1","Evolve","Corruption","Shockwave","Heavy Blade+1","Limit Break+1","Feel No Pain","Battle Trance+1","Feed","Whirlwind","Feel No Pain","Feed","Double Tap+1","Shrug It Off+1"],"special_seed":0,"relics":["Burning Blood","Torii","Blue Candle","Letter Opener","Mark of Pain","Nilry\u0027s Codex","Bag of Marbles","Shovel","Happy Flower","Cursed Key","Boot","Anchor","War Paint","Orichalcum"],"potions_floor_usage":[46,50],"damage_taken":[{"damage":1.0,"enemies":"Jaw Worm","floor":1.0,"turns":5.0},{"damage":0.0,"enemies":"Small Slimes","floor":2.0,"turns":3.0},{"damage":10.0,"enemies":"3 Sentries","floor":7.0,"turns":8.0},{"damage":0.0,"enemies":"2 Louse","floor":11.0,"turns":2.0},{"damage":9.0,"enemies":"Large Slime","floor":13.0,"turns":5.0},{"damage":0.0,"enemies":"Slime Boss","floor":16.0,"turns":6.0},{"damage":22.0,"enemies":"2 Thieves","floor":18.0,"turns":5.0},{"damage":24.0,"enemies":"Spheric Guardian","floor":19.0,"turns":4.0},{"damage":3.0,"enemies":"Colosseum Slavers","floor":21.0,"turns":5.0},{"damage":13.0,"enemies":"Centurion and Healer","floor":25.0,"turns":4.0},{"damage":2.0,"enemies":"Snake Plant","floor":28.0,"turns":5.0},{"damage":38.0,"enemies":"Slavers","floor":30.0,"turns":4.0},{"damage":2.0,"enemies":"Chosen and Byrds","floor":31.0,"turns":7.0},{"damage":26.0,"enemies":"Champ","floor":33.0,"turns":7.0},{"damage":12.0,"enemies":"Orb Walker","floor":35.0,"turns":4.0},{"damage":0.0,"enemies":"3 Darklings","floor":36.0,"turns":2.0},{"damage":13.0,"enemies":"4 Shapes","floor":39.0,"turns":7.0},{"damage":10.0,"enemies":"Maw","floor":42.0,"turns":6.0},{"damage":16,"enemies":"Spire Growth","floor":45,"turns":5},{"damage":8,"enemies":"Jaw Worm Horde","floor":46,"turns":4},{"damage":17,"enemies":"Giant Head","floor":47,"turns":8},{"damage":0,"enemies":"Transient","floor":48,"turns":5},{"damage":39,"enemies":"Awakened One","floor":50,"turns":8}],"seed_played":"-2668501939884918123","potions_obtained":[{"floor":1.0,"key":"Dexterity Potion"},{"floor":2.0,"key":"GamblersBrew"},{"floor":11.0,"key":"SteroidPotion"},{"floor":18.0,"key":"Explosive Potion"},{"floor":25.0,"key":"Block Potion"},{"floor":31.0,"key":"Poison Potion"},{"floor":36.0,"key":"EssenceOfSteel"},{"floor":48,"key":"EssenceOfSteel"}],"is_trial":false,"path_per_floor":["M","M","?","$","?","R","E","R","T","R","M","$","M","?","R","B",null,"M","M","?","?","$","R","?","M","T","R","M","R","E","M","R","B",null,"M","M","?","$","M","R","$","M","T","R","M","M","E","M","R","B",null],"character_chosen":"IRONCLAD","items_purchased":["Mayhem","Flame Barrier","Corruption","Shockwave","Feed"],"campfire_rested":2,"item_purchase_floors":[4,4,12,12,22],"current_hp_per_floor":[80,80,80,80,77,77,73,73,73,73,79,79,76,69,69,75,80,64,46,30,33,33,57,57,50,50,74,78,78,49,53,53,36,86,80,86,86,86,82,82,82,78,78,78,68,66,55,61,61,28],"gold":446,"neow_bonus":"TRANSFORM_CARD","is_prod":false,"is_daily":false,"chose_seed":false,"campfire_upgraded":5,"win_rate":0,"timestamp":1549609062,"path_taken":["M","M","?","$","?","R","E","R","T","R","M","$","M","?","R","BOSS","M","M","?","?","$","R","?","M","T","R","M","R","E","?","R","BOSS","M","M","?","$","?","R","$","M","T","R","?","M","E","M","R","BOSS"],"build_version":"2019-01-23","purchased_purges":1,"victory":true,"max_hp_per_floor":[80,80,80,80,80,80,80,80,80,80,80,80,80,80,80,80,80,80,80,80,80,80,80,80,80,80,80,80,80,83,83,83,86,86,86,86,86,86,89,89,89,89,89,89,89,89,89,89,89,89],"card_choices":[{"not_picked":["Power Through","Havoc"],"picked":"Sever Soul","floor":1.0},{"not_picked":["Warcry","True Grit"],"picked":"Carnage","floor":2.0},{"not_picked":["Flex","Spot Weakness"],"picked":"Demon Form","floor":7.0},{"not_picked":["True Grit","Pommel Strike"],"picked":"Evolve","floor":11.0},{"not_picked":["Clothesline","Flex"],"picked":"Heavy Blade","floor":13.0},{"not_picked":["Brutality","Berserk"],"picked":"Limit Break","floor":16.0},{"not_picked":["Shrug It Off","Iron Wave"],"picked":"Feel No Pain","floor":18.0},{"not_picked":["Anger+1","Headbutt"],"picked":"Battle Trance+1","floor":19.0},{"not_picked":["Iron Wave","Disarm"],"picked":"Feel No Pain","floor":25.0},{"not_picked":["True Grit","Spot Weakness","Rage"],"picked":"SKIP","floor":28.0},{"not_picked":["Twin Strike","Flex"],"picked":"Feed","floor":30.0},{"not_picked":["Anger","Hemokinesis+1","Pummel"],"picked":"SKIP","floor":31.0},{"not_picked":["Feed","Bludgeon"],"picked":"Double Tap","floor":33.0},{"not_picked":["True Grit","Wild Strike+1","Sword Boomerang+1"],"picked":"SKIP","floor":35.0},{"not_picked":["Carnage","Thunderclap+1","Clothesline"],"picked":"SKIP","floor":36.0},{"not_picked":["Thunderclap+1","Warcry+1","Wild Strike"],"picked":"SKIP","floor":39.0},{"not_picked":["Rampage","Body Slam+1"],"picked":"Shrug It Off+1","floor":42.0},{"not_picked":["Perfected Strike","Heavy Blade+1","Headbutt"],"picked":"SKIP","floor":45},{"not_picked":["Fire Breathing+1","Sever Soul+1","Demon Form"],"picked":"SKIP","floor":46},{"not_picked":["Body Slam+1","Juggernaut","Anger+1"],"picked":"SKIP","floor":47},{"not_picked":["True Grit+1","Second Wind","Havoc+1"],"picked":"SKIP","floor":48}],"player_experience":490831,"relics_obtained":[{"floor":7.0,"key":"Blue Candle"},{"floor":9.0,"key":"Letter Opener"},{"floor":20.0,"key":"Nilry\u0027s Codex"},{"floor":26.0,"key":"Bag of Marbles"},{"floor":30.0,"key":"Shovel"},{"floor":32.0,"key":"Happy Flower"},{"floor":40.0,"key":"Boot"},{"floor":44,"key":"Anchor"},{"floor":47,"key":"War Paint"},{"floor":49,"key":"Orichalcum"}],"event_choices":[{"damage_healed":0.0,"max_hp_gain":0.0,"max_hp_loss":0.0,"gold_gain":175.0,"event_name":"Liars Game","player_choice":"AGREE","floor":3.0,"gold_loss":0.0,"damage_taken":0.0,"cards_obtained":["Doubt"]},{"damage_healed":0.0,"max_hp_gain":0.0,"max_hp_loss":0.0,"gold_gain":0.0,"event_name":"Scrap Ooze","player_choice":"Success","floor":5.0,"gold_loss":0.0,"damage_taken":3.0,"relics_obtained":["Torii"]},{"cards_removed":["Strike_R"],"damage_healed":0.0,"max_hp_gain":0.0,"max_hp_loss":0.0,"gold_gain":0.0,"event_name":"Golden Wing","player_choice":"Card Removal","floor":14.0,"gold_loss":0.0,"damage_taken":7.0},{"damage_healed":0.0,"max_hp_gain":0.0,"max_hp_loss":0.0,"gold_gain":0.0,"event_name":"Cursed Tome","player_choice":"Obtained Book","floor":20.0,"gold_loss":0.0,"damage_taken":16.0},{"damage_healed":0.0,"max_hp_gain":0.0,"max_hp_loss":0.0,"gold_gain":0.0,"event_name":"Colosseum","player_choice":"Fight","floor":21.0,"gold_loss":0.0,"damage_taken":0.0},{"damage_healed":0.0,"max_hp_gain":0.0,"max_hp_loss":0.0,"gold_gain":0.0,"event_name":"Colosseum","player_choice":"Fled From Nobs","floor":21.0,"gold_loss":0.0,"damage_taken":0.0},{"damage_healed":0.0,"max_hp_gain":0.0,"max_hp_loss":0.0,"gold_gain":0.0,"cards_transformed":["Strike_R"],"event_name":"Transmorgrifier","player_choice":"Transformed","floor":24.0,"gold_loss":0.0,"damage_taken":0.0,"cards_obtained":["Whirlwind"]},{"damage_healed":0.0,"max_hp_gain":0.0,"max_hp_loss":0.0,"gold_gain":100.0,"event_name":"Golden Shrine","player_choice":"Pray","floor":37.0,"gold_loss":0.0,"damage_taken":0.0}],"is_beta":false,"boss_relics":[{"not_picked":["Pandora\u0027s Box","Orrery"],"picked":"Mark of Pain"},{"not_picked":["Empty Cage","Runic Dome"],"picked":"Cursed Key"}],"items_purged_floors":[4],"is_endless":false,"potions_floor_spawned":[1,2,11,18,21,25,31,36,48],"ascension_level":0}