{"gold_per_floor":[117,129,145,145,10,10,10,10,10,10,25,42,69,82,82,161,161,176,176],"floor_reached":19,"playtime":588,"items_purged":["Pain"],"score":388,"play_id":"a38850aa-b28e-4f75-ab42-b4cf5e29b3f0","local_time":"20190512021014","is_ascension_mode":true,"campfire_choices":[{"data":"Coolheaded","floor":6,"key":"SMITH"},{"data":"Zap","floor":8,"key":"SMITH"},{"floor":10,"key":"REST"},{"floor":15,"key":"REST"}],"neow_cost":"CURSE","seed_source_timestamp":268233914351900,"circlet_count":0,"master_deck":["AscendersBane","Strike_B+1","Strike_B","Strike_B","Strike_B","Defend_B+1","Defend_B","Defend_B","Defend_B+1","Zap+1","Dualcast","Echo Form","Go for the Eyes","Ball Lightning","Coolheaded+1","Regret","Conserve Battery","Capacitor","Cold Snap+1","Cold Snap","Capacitor+1","Glacier","Buffer+1","Double Energy"],"relics":["Cracked Core","The Courier","War Paint","Frozen Egg 2","Whetstone","Fusion Hammer"],"potions_floor_usage":[13,14],"damage_taken":[{"damage":16,"enemies":"2 Louse","floor":1,"turns":3},{"damage":19,"enemies":"Jaw Worm","floor":2,"turns":4},{"damage":7,"enemies":"Small Slimes","floor":3,"turns":4},{"damage":15,"enemies":"Exordium Wildlife","floor":11,"turns":6},{"damage":7,"enemies":"Looter","floor":12,"turns":3},{"damage":3,"enemies":"Lagavulin","floor":13,"turns":6},{"damage":5,"enemies":"Large Slime","floor":14,"turns":5},{"damage":23,"enemies":"Hexaghost","floor":16,"turns":12},{"damage":31,"enemies":"Chosen","floor":18,"turns":6},{"damage":26,"enemies":"3 Byrds","floor":19,"turns":2}],"seed_played":"-4275754775707869887","potions_obtained":[{"floor":1,"key":"EssenceOfSteel"},{"floor":3,"key":"SkillPotion"},{"floor":14,"key":"SteroidPotion"},{"floor":16,"key":"Energy Potion"}],"is_trial":false,"path_per_floor":["M","M","M","?","$","R","T","R","T","R","M","M","E","M","R","B",null,"M","M"],"character_chosen":"DEFECT","items_purchased":["Conserve Battery","Capacitor"],"campfire_rested":2,"item_purchase_floors":[5,5],"current_hp_per_floor":[48,29,22,22,22,22,22,22,22,43,28,21,18,13,34,11,56,25,0],"gold":176,"neow_bonus":"THREE_RARE_CARDS","is_prod":false,"is_daily":false,"chose_seed":false,"campfire_upgraded":2,"win_rate":0,"timestamp":1557619814,"path_taken":["M","M","M","?","$","R","?","R","T","R","M","M","E","M","R","BOSS","M","M"],"build_version":"2019-01-23","purchased_purges":1,"victory":false,"max_hp_per_floor":[71,71,71,71,71,71,71,71,71,71,71,71,71,71,71,71,71,71,71],"card_choices":[{"not_picked":["Creative AI","Thunder Strike"],"picked":"Echo Form","floor":0},{"not_picked":["Static Discharge","Steam"],"picked":"Go for the Eyes","floor":1},{"not_picked":["Barrage","Gash"],"picked":"Ball Lightning","floor":2},{"not_picked":["Streamline","Leap"],"picked":"Coolheaded","floor":3},{"not_picked":["Stack","Beam Cell"],"picked":"Cold Snap","floor":11},{"not_picked":["Leap","Force Field"],"picked":"Cold Snap","floor":12},{"not_picked":["Sweeping Beam","Ball Lightning"],"picked":"Capacitor+1","floor":13},{"not_picked":["Hologram","Beam Cell"],"picked":"Glacier","floor":14},{"not_picked":["Amplify","All For One"],"picked":"Buffer+1","floor":16},{"not_picked":["Heatsinks+1","Turbo+1"],"picked":"Double Energy","floor":18}],"player_experience":659149,"relics_obtained":[{"floor":7,"key":"War Paint"},{"floor":9,"key":"Frozen Egg 2"},{"floor":13,"key":"Whetstone"}],"event_choices":[{"damage_healed":0,"gold_gain":0,"player_choice":"Box","damage_taken":0,"relics_obtained":["The Courier"],"max_hp_gain":0,"max_hp_loss":0,"event_name":"Big Fish","floor":4,"gold_loss":0,"cards_obtained":["Regret"]}],"is_beta":false,"boss_relics":[{"not_picked":["Black Star","Runic Dome"],"picked":"Fusion Hammer"}],"items_purged_floors":[5],"is_endless":false,"potions_floor_spawned":[1,3,12,14,16],"killed_by":"3 Byrds","ascension_level":20}