{"gold_per_floor":[116,116,191,208,220,220,240,2,2,2,34,4],"floor_reached":12,"playtime":609,"items_purged":["Defend_B"],"score":78,"play_id":"5d7f92bb-c7ab-4bab-9808-1a70869a5458","local_time":"20180930125627","is_ascension_mode":false,"campfire_choices":[{"data":"Redo","floor":6,"key":"SMITH"}],"neow_cost":"NONE","seed_source_timestamp":62061694656875,"circlet_count":0,"master_deck":["Strike_B","Strike_B","Strike_B","Defend_B","Defend_B","Defend_B+1","Zap","Dualcast+1","Conserve Battery","Redo+1","Coolheaded","Barrage","Steam","Capacitor","Darkness","Sweeping Beam"],"relics":["Cracked Core","Bottled Lightning","Matryoshka"],"potions_floor_usage":[],"damage_taken":[{"damage":6,"enemies":"Cultist","floor":1,"turns":3},{"damage":0,"enemies":"Jaw Worm","floor":4,"turns":3},{"damage":0,"enemies":"Small Slimes","floor":5,"turns":3},{"damage":5,"enemies":"Blue Slaver","floor":7,"turns":4},{"damage":35,"enemies":"Gremlin Nob","floor":11,"turns":5},{"damage":7,"enemies":"Exordium Thugs","floor":12,"turns":2}],"seed_played":"-8719487309984556302","potions_obtained":[{"floor":1,"key":"Poison Potion"}],"is_trial":false,"path_per_floor":["M","?","?","M","M","R","M","$","T","?","E"],"character_chosen":"DEFECT","items_purchased":["Steam","Capacitor","Darkness"],"campfire_rested":0,"item_purchase_floors":[8,8,8],"current_hp_per_floor":[69,54,47,47,47,47,42,42,42,42,7,0],"gold":4,"neow_bonus":"REMOVE_CARD","is_prod":false,"is_daily":false,"chose_seed":false,"campfire_upgraded":1,"win_rate":0.0,"timestamp":1538304987,"path_taken":["M","?","?","?","?","R","M","$","T","?","E","M"],"build_version":"2018-09-27","purchased_purges":1,"victory":false,"max_hp_per_floor":[75,75,75,75,75,75,75,75,75,75,75,75],"card_choices":[{"not_picked":["Gash","Go for the Eyes"],"picked":"Conserve Battery","floor":1},{"not_picked":["Streamline","Static Discharge"],"picked":"Redo","floor":4},{"not_picked":["Compile Driver","Seek"],"picked":"Coolheaded","floor":5},{"not_picked":["Glacier","Coolheaded"],"picked":"Barrage","floor":7},{"not_picked":["Hologram","Leap"],"picked":"Sweeping Beam","floor":11}],"player_experience":88107,"relics_obtained":[{"floor":9,"key":"Bottled Lightning"},{"floor":11,"key":"Matryoshka"}],"event_choices":[{"event_name":"Shining Light","player_choice":"Entered Light","floor":2,"damage_taken":0},{"event_name":"FaceTrader","player_choice":"Touch","floor":3,"damage_taken":0},{"event_name":"The Cleric","player_choice":"Leave","floor":10,"damage_taken":0}],"is_beta":false,"boss_relics":[],"items_purged_floors":[8],"is_endless":false,"potions_floor_spawned":[1],"killed_by":"Exordium Thugs","ascension_level":0}