{"gold_per_floor":[113,113,130,130,55,55,66,66,66,79,29,40,40,56,56,160,160,179,195,118,18,33,33,59,59,59,9,20,36,36,52,52,152,152,163,163,163,113,113,113,130,145,170,120,120,132,132,150,150,150],"floor_reached":51,"playtime":2050,"items_purged":["Strike_R","Strike_R","Normality","Regret","Doubt"],"score":684,"play_id":"7fff5f02-bf1a-4461-a859-9f680c65c855","local_time":"20180810122716","is_ascension_mode":false,"campfire_choices":[{"data":"Sword Boomerang","floor":6,"key":"SMITH"},{"data":"Shrug It Off","floor":8,"key":"SMITH"},{"data":"Rampage","floor":13,"key":"SMITH"},{"data":"Bash","floor":15,"key":"SMITH"},{"floor":23,"key":"REST"},{"floor":30,"key":"REST"},{"floor":32,"key":"REST"},{"data":"Thunderclap","floor":40,"key":"SMITH"},{"data":"J.A.X.","floor":45,"key":"SMITH"},{"floor":47,"key":"REST"},{"floor":49,"key":"REST"}],"neow_cost":"NONE","seed_source_timestamp":13273377172291,"circlet_count":0,"master_deck":["Strike_R","Strike_R","Defend_R","Defend_R","Bash+1","Sword Boomerang+1","Shrug It Off+1","Rampage+1","Offering","J.A.X.+1","Thunderclap+1","Exhume","Madness","Madness","Rage+1"],"relics":["Burning Blood","Singing Bowl","Cursed Key","Centennial Puzzle","Smiling Mask","Bottled Lightning","Philosopher\u0027s Stone","Ancient Tea Set"],"potions_floor_usage":[16,16,31,33,33,42,50,50,50],"damage_taken":[{"damage":9,"enemies":"2 Louse","floor":1,"turns":2},{"damage":0,"enemies":"Cultist","floor":3,"turns":3},{"damage":11,"enemies":"Jaw Worm","floor":7,"turns":2},{"damage":10,"enemies":"Looter","floor":10,"turns":3},{"damage":3,"enemies":"Blue Slaver","floor":12,"turns":3},{"damage":10,"enemies":"Lots of Slimes","floor":14,"turns":5},{"damage":17,"enemies":"The Guardian","floor":16,"turns":7},{"damage":6,"enemies":"Chosen","floor":18,"turns":3},{"damage":26,"enemies":"2 Thieves","floor":19,"turns":3},{"damage":15,"enemies":"3 Cultists","floor":22,"turns":3},{"damage":35,"enemies":"Slavers","floor":24,"turns":6},{"damage":20,"enemies":"Centurion and Healer","floor":28,"turns":3},{"damage":24,"enemies":"Snake Plant","floor":29,"turns":2},{"damage":16,"enemies":"Cultist and Chosen","floor":31,"turns":3},{"damage":52,"enemies":"Collector","floor":33,"turns":7},{"damage":9,"enemies":"Flame Bruiser 1 Orb","floor":35,"turns":3},{"damage":26,"enemies":"Orb Walker","floor":41,"turns":2},{"damage":24,"enemies":"Maw","floor":42,"turns":6},{"damage":16,"enemies":"Sphere and 2 Shapes","floor":46,"turns":2},{"damage":20,"enemies":"Spire Growth","floor":48,"turns":2},{"damage":85,"enemies":"Awakened One","floor":50,"turns":9}],"seed_played":"-19066929749928564","potions_obtained":[{"floor":10,"key":"SpeedPotion"},{"floor":12,"key":"Swift Potion"},{"floor":14,"key":"Strength Potion"},{"floor":22,"key":"Swift Potion"},{"floor":24,"key":"Dexterity Potion"},{"floor":31,"key":"Block Potion"},{"floor":33,"key":"LiquidBronze"},{"floor":35,"key":"EssenceOfSteel"},{"floor":42,"key":"Strength Potion"},{"floor":46,"key":"Explosive Potion"}],"is_trial":false,"path_per_floor":["M","?","M","?","$","R","M","R","T","M","?","M","R","M","R","B",null,"M","M","?","$","M","R","E","T","T","$","M","M","R","M","R","B",null,"M","?","?","$","?","R","M","M","T","$","R","M","R","M","R","B"],"character_chosen":"IRONCLAD","items_purchased":[],"campfire_rested":5,"item_purchase_floors":[],"current_hp_per_floor":[77,77,80,73,73,73,68,68,68,64,64,69,69,67,67,56,84,86,68,68,68,61,88,59,59,59,59,47,31,59,51,79,33,96,95,83,83,83,85,85,67,51,51,51,51,43,74,60,91,12],"gold":150,"neow_bonus":"THREE_CARDS","is_prod":false,"is_daily":false,"chose_seed":false,"campfire_upgraded":6,"win_rate":0,"timestamp":1533875236,"path_taken":["M","?","M","?","$","R","?","R","T","M","?","M","R","M","R","BOSS","M","M","?","?","M","R","E","?","T","$","M","M","R","M","R","BOSS","M","?","?","$","?","R","M","M","T","?","R","?","R","M","R","BOSS"],"build_version":"2018-08-09","purchased_purges":5,"victory":true,"max_hp_per_floor":[80,80,80,80,80,80,80,80,80,80,80,82,82,84,84,84,84,86,88,88,88,90,90,90,90,90,90,92,94,94,96,96,96,96,98,98,98,98,100,100,102,104,104,104,104,106,106,106,106,106],"card_choices":[{"not_picked":["Warcry","Disarm"],"picked":"Sword Boomerang","floor":0},{"not_picked":["Clash","Dual Wield"],"picked":"Shrug It Off","floor":1},{"not_picked":["Sword Boomerang","Inflame","Armaments"],"picked":"SKIP","floor":3},{"not_picked":["Perfected Strike","Rupture","Shrug It Off"],"picked":"SKIP","floor":7},{"not_picked":["Heavy Blade","Flex"],"picked":"Rampage","floor":10},{"not_picked":["Perfected Strike","Flex","Havoc"],"picked":"Singing Bowl","floor":12},{"not_picked":["Pummel","Shrug It Off","Wild Strike"],"picked":"Singing Bowl","floor":14},{"not_picked":["Bludgeon","Brutality"],"picked":"Offering","floor":16},{"not_picked":["Infernal Blade","Heavy Blade","Feel No Pain"],"picked":"Singing Bowl","floor":18},{"not_picked":["Cleave+1","Heavy Blade+1","Twin Strike"],"picked":"Singing Bowl","floor":19},{"not_picked":["Body Slam+1","Wild Strike+1","Clash+1"],"picked":"Singing Bowl","floor":22},{"not_picked":["Exhume","Cleave"],"picked":"Thunderclap","floor":24},{"not_picked":["Shrug It Off+1","Twin Strike","Heavy Blade+1"],"picked":"Singing Bowl","floor":28},{"not_picked":["Thunderclap","Heavy Blade","Twin Strike"],"picked":"Singing Bowl","floor":29},{"not_picked":["Evolve","Sever Soul","Cleave"],"picked":"Singing Bowl","floor":31},{"not_picked":["Offering","Brutality"],"picked":"Exhume","floor":33},{"not_picked":["Iron Wave","Thunderclap+1","Anger+1"],"picked":"Singing Bowl","floor":35},{"not_picked":["Bandage Up","Flash of Steel","Swift Strike"],"picked":"Singing Bowl","floor":39},{"not_picked":["Sever Soul","Havoc","Combust"],"picked":"Singing Bowl","floor":41},{"not_picked":["Wild Strike","Warcry+1","Pummel+1"],"picked":"Singing Bowl","floor":42},{"not_picked":["Heavy Blade+1","Iron Wave","True Grit+1"],"picked":"Singing Bowl","floor":46},{"not_picked":["Headbutt","Wild Strike+1"],"picked":"Rage+1","floor":48}],"player_experience":300305,"relics_obtained":[{"floor":9,"key":"Singing Bowl"},{"floor":24,"key":"Centennial Puzzle"},{"floor":25,"key":"Smiling Mask"},{"floor":26,"key":"Bottled Lightning"},{"floor":43,"key":"Ancient Tea Set"}],"event_choices":[{"event_name":"Living Wall","player_choice":"Forget","floor":2,"damage_taken":0},{"event_name":"Golden Wing","player_choice":"Card Removal","floor":4,"damage_taken":0},{"event_name":"The Cleric","player_choice":"Card Removal","floor":11,"damage_taken":0},{"event_name":"Drug Dealer","player_choice":"Got JAXXED","floor":20,"damage_taken":0},{"event_name":"Winding Halls","player_choice":"Embrace Madness","floor":36,"damage_taken":0},{"event_name":"Mysterious Sphere","player_choice":"Ignore","floor":37,"damage_taken":0},{"event_name":"SensoryStone","player_choice":"Memory 1","floor":39,"damage_taken":0}],"is_beta":false,"boss_relics":[{"not_picked":["Ectoplasm","Black Star"],"picked":"Cursed Key"},{"not_picked":["Runic Dome","Orrery"],"picked":"Philosopher\u0027s Stone"}],"items_purged_floors":[5,21,27,38,44],"is_endless":false,"potions_floor_spawned":[10,12,14,22,24,28,31,33,35,42,46],"ascension_level":0}