{"gold_per_floor":[218,47,60,60,60,60,92,103,158,11,11,11,11,42,42,143,143,156,156,156,166,186,186,216,230,230,82,82,82,82,92,92,92],"floor_reached":33,"playtime":1957,"items_purged":["Strike_B","Strike_B"],"score":377,"play_id":"362209af-3309-40d8-87ac-54bad6cff57b","local_time":"20190217114722","is_ascension_mode":true,"campfire_choices":[{"floor":6,"key":"REST"},{"floor":15,"key":"REST"},{"floor":23,"key":"REST"},{"floor":32,"key":"REST"}],"neow_cost":"NONE","seed_source_timestamp":331699482350294,"circlet_count":0,"master_deck":["Strike_B+1","Strike_B","Defend_B","Defend_B","Defend_B","Defend_B","Zap","Dualcast","Darkness","Ball Lightning+1","Gash+1","Chill","Gash","Gash","Self Repair","Conserve Battery","Undo","Echo Form+1","Go for the Eyes+1","Conserve Battery","Gash","Turbo+1","Coolheaded","Storm"],"relics":["FrozenCore","Juzu Bracelet","Lantern","Vajra","MutagenicStrength","Bird Faced Urn","Bottled Flame","Oddly Smooth Stone"],"potions_floor_usage":[7,14,16,24,33],"damage_taken":[{"damage":1,"enemies":"Cultist","floor":1,"turns":4},{"damage":9,"enemies":"Jaw Worm","floor":3,"turns":3},{"damage":23,"enemies":"Lagavulin","floor":7,"turns":4},{"damage":0,"enemies":"Small Slimes","floor":8,"turns":2},{"damage":28,"enemies":"Gremlin Nob","floor":14,"turns":4},{"damage":13,"enemies":"Slime Boss","floor":16,"turns":7},{"damage":30,"enemies":"Chosen","floor":18,"turns":6},{"damage":14,"enemies":"Shell Parasite","floor":21,"turns":5},{"damage":14,"enemies":"Centurion and Healer","floor":22,"turns":6},{"damage":40,"enemies":"Gremlin Leader","floor":24,"turns":8},{"damage":9,"enemies":"Snake Plant","floor":25,"turns":5},{"damage":28,"enemies":"Chosen and Byrds","floor":31,"turns":7},{"damage":62,"enemies":"Collector","floor":33,"turns":7}],"seed_played":"647839108052248907","potions_obtained":[{"floor":1,"key":"AttackPotion"},{"floor":7,"key":"EssenceOfSteel"},{"floor":14,"key":"AttackPotion"},{"floor":21,"key":"Fruit Juice"},{"floor":22,"key":"Block Potion"}],"is_trial":false,"path_per_floor":["M","$","M","?","?","R","E","M","T","$","?","?","?","E","R","B",null,"M","?","?","M","M","R","E","M","T","$","?","?","?","M","R","B"],"character_chosen":"DEFECT","items_purchased":["Ball Lightning","Gash","Gash","Self Repair","Conserve Battery","Coolheaded"],"campfire_rested":4,"item_purchase_floors":[2,2,10,10,10,27],"current_hp_per_floor":[67,67,58,43,48,72,49,49,49,49,69,69,69,48,71,65,74,51,51,51,44,37,60,27,38,38,38,38,38,38,21,44,0],"gold":92,"neow_bonus":"HUNDRED_GOLD","is_prod":false,"is_daily":false,"chose_seed":false,"campfire_upgraded":0,"win_rate":0,"timestamp":1550400442,"path_taken":["M","$","M","?","?","R","E","M","T","$","?","?","?","E","R","BOSS","M","?","?","M","M","R","E","M","T","$","?","?","?","M","R","BOSS"],"build_version":"2019-01-23","purchased_purges":2,"victory":false,"max_hp_per_floor":[75,75,75,75,80,80,80,80,80,80,80,80,77,77,77,77,77,77,77,77,77,77,77,77,77,77,77,77,77,77,77,77,82],"card_choices":[{"not_picked":["Compile Driver","Turbo"],"picked":"Darkness","floor":1},{"not_picked":["Undo","Steam"],"picked":"Chill","floor":3},{"not_picked":["Skim","Recycle"],"picked":"Gash","floor":7},{"not_picked":["Compile Driver","Genetic Algorithm","Stack"],"picked":"SKIP","floor":8},{"not_picked":["Rebound","Scrape"],"picked":"Undo","floor":14},{"not_picked":["Core Surge","Meteor Strike"],"picked":"Echo Form","floor":16},{"not_picked":["Storm","Rebound","Compile Driver+1"],"picked":"SKIP","floor":18},{"not_picked":["Steam","Leap"],"picked":"Go for the Eyes+1","floor":21},{"not_picked":["Heatsinks","Consume"],"picked":"Conserve Battery","floor":22},{"not_picked":["Sunder","Coolheaded"],"picked":"Gash","floor":24},{"not_picked":["Cold Snap","Sweeping Beam"],"picked":"Turbo+1","floor":25},{"not_picked":["BootSequence+1","Rebound+1"],"picked":"Storm","floor":31}],"player_experience":320935,"relics_obtained":[{"floor":7,"key":"Juzu Bracelet"},{"floor":9,"key":"Lantern"},{"floor":14,"key":"Vajra"},{"floor":24,"key":"Bird Faced Urn"},{"floor":26,"key":"Bottled Flame"}],"event_choices":[{"damage_healed":0,"gold_gain":0,"player_choice":"Entered Light","damage_taken":15,"max_hp_gain":0,"max_hp_loss":0,"event_name":"Shining Light","floor":4,"gold_loss":0,"cards_upgraded":["Strike_B","Ball Lightning"]},{"damage_healed":0,"gold_gain":0,"player_choice":"Donut","damage_taken":0,"max_hp_gain":5,"max_hp_loss":0,"event_name":"Big Fish","floor":5,"gold_loss":0},{"damage_healed":20,"gold_gain":0,"player_choice":"Healed and dodged fight","damage_taken":0,"max_hp_gain":0,"max_hp_loss":0,"event_name":"Mushrooms","floor":11,"gold_loss":0,"cards_obtained":["Parasite"]},{"damage_healed":0,"gold_gain":0,"player_choice":"Ignored","damage_taken":0,"max_hp_gain":0,"max_hp_loss":0,"event_name":"Golden Idol","floor":12,"gold_loss":0},{"cards_removed":["Parasite"],"damage_healed":0,"gold_gain":0,"player_choice":"Forget","damage_taken":0,"max_hp_gain":0,"max_hp_loss":0,"event_name":"Living Wall","floor":13,"gold_loss":0},{"damage_healed":0,"gold_gain":0,"player_choice":"Inject Mutagens","damage_taken":0,"relics_obtained":["MutagenicStrength"],"max_hp_gain":0,"max_hp_loss":0,"event_name":"Drug Dealer","floor":19,"gold_loss":0},{"damage_healed":0,"gold_gain":0,"player_choice":"Forge","damage_taken":0,"max_hp_gain":0,"max_hp_loss":0,"event_name":"Accursed Blacksmith","floor":20,"gold_loss":0,"cards_upgraded":["Echo Form"]},{"damage_healed":0,"gold_gain":0,"player_choice":"Opened","damage_taken":0,"relics_obtained":["Oddly Smooth Stone"],"max_hp_gain":0,"max_hp_loss":0,"event_name":"The Mausoleum","floor":28,"gold_loss":0,"cards_obtained":["Writhe"]},{"damage_healed":0,"gold_gain":0,"player_choice":"Upgraded","damage_taken":0,"max_hp_gain":0,"max_hp_loss":0,"event_name":"Upgrade Shrine","floor":29,"gold_loss":0,"cards_upgraded":["Gash"]},{"cards_removed":["Writhe"],"damage_healed":0,"gold_gain":0,"player_choice":"Removed Curses","damage_taken":0,"max_hp_gain":0,"max_hp_loss":0,"event_name":"Fountain of Cleansing","floor":30,"gold_loss":0}],"is_beta":false,"boss_relics":[{"not_picked":["Black Star","Runic Pyramid"],"picked":"FrozenCore"}],"items_purged_floors":[2,27],"is_endless":false,"potions_floor_spawned":[1,7,14,21,22],"killed_by":"Collector","ascension_level":6}