{"gold_per_floor":[115,126,126,145,159,159,194,207,207,207,207,145,175,188,188,188],"floor_reached":16,"playtime":496,"items_purged":[],"score":224,"play_id":"24390b6a-e299-4d48-a8a5-f32714704f5a","local_time":"20190325193229","is_ascension_mode":true,"campfire_choices":[{"data":"Shrug It Off","floor":6,"key":"SMITH"},{"floor":10,"key":"REST"},{"floor":15,"key":"REST"}],"neow_cost":"NONE","seed_source_timestamp":579067748072746,"circlet_count":0,"master_deck":["AscendersBane","Strike_R","Strike_R","Strike_R","Strike_R","Strike_R","Defend_R","Defend_R","Defend_R","Defend_R","Bash+1","Rampage","Parasite","Shrug It Off+1","Shrug It Off"],"relics":["Burning Blood","Happy Flower","Mercury Hourglass","Self Forming Clay"],"potions_floor_usage":[7,16],"damage_taken":[{"damage":14,"enemies":"Small Slimes","floor":1,"turns":5},{"damage":1,"enemies":"Cultist","floor":2,"turns":3},{"damage":7,"enemies":"Jaw Worm","floor":4,"turns":4},{"damage":13,"enemies":"Blue Slaver","floor":5,"turns":3},{"damage":44,"enemies":"Lagavulin","floor":7,"turns":9},{"damage":7,"enemies":"3 Louse","floor":8,"turns":5},{"damage":32,"enemies":"Gremlin Nob","floor":13,"turns":4},{"damage":7,"enemies":"2 Fungi Beasts","floor":14,"turns":3},{"damage":49,"enemies":"Slime Boss","floor":16,"turns":9}],"seed_played":"-2945332215676365992","potions_obtained":[{"floor":1,"key":"BloodPotion"},{"floor":4,"key":"SpeedPotion"},{"floor":8,"key":"SkillPotion"}],"is_trial":false,"path_per_floor":["M","M","?","M","M","R","E","M","T","R","?","?","E","M","R","B"],"character_chosen":"IRONCLAD","items_purchased":[],"campfire_rested":2,"item_purchase_floors":[],"current_hp_per_floor":[60,65,65,64,57,57,26,25,25,47,47,47,21,20,42,0],"gold":188,"neow_bonus":"UPGRADE_CARD","is_prod":false,"is_daily":false,"chose_seed":false,"campfire_upgraded":1,"win_rate":0,"timestamp":1553509949,"path_taken":["M","M","?","?","M","R","E","M","T","R","?","?","E","M","R","BOSS"],"build_version":"2019-01-23","purchased_purges":0,"victory":false,"max_hp_per_floor":[75,75,75,75,75,75,75,75,75,75,75,75,75,75,75,75],"card_choices":[{"not_picked":["Reckless Charge","Corruption"],"picked":"Rampage","floor":1},{"not_picked":["Power Through","Fire Breathing","Cleave"],"picked":"SKIP","floor":2},{"not_picked":["Twin Strike","Flex","Armaments"],"picked":"SKIP","floor":4},{"not_picked":["Sword Boomerang","Armaments","Twin Strike"],"picked":"SKIP","floor":5},{"not_picked":["Sword Boomerang","Flex","Berserk"],"picked":"SKIP","floor":7},{"not_picked":["Clash","Seeing Red"],"picked":"Shrug It Off","floor":8},{"not_picked":["Thunderclap","Body Slam","Twin Strike"],"picked":"SKIP","floor":13},{"not_picked":["Pommel Strike","Intimidate","Perfected Strike"],"picked":"SKIP","floor":14}],"player_experience":789938,"relics_obtained":[{"floor":7,"key":"Happy Flower"},{"floor":9,"key":"Mercury Hourglass"},{"floor":13,"key":"Self Forming Clay"}],"event_choices":[{"damage_healed":0,"gold_gain":0,"player_choice":"2 cards matched","damage_taken":0,"max_hp_gain":0,"max_hp_loss":0,"event_name":"Match and Keep!","floor":3,"gold_loss":0,"cards_obtained":["Parasite","Shrug It Off"]},{"damage_healed":0,"gold_gain":0,"player_choice":"Ignored","damage_taken":0,"max_hp_gain":0,"max_hp_loss":0,"event_name":"Shining Light","floor":11,"gold_loss":0},{"damage_healed":0,"gold_gain":0,"player_choice":"Left Gold","damage_taken":0,"max_hp_gain":0,"max_hp_loss":0,"event_name":"World of Goop","floor":12,"gold_loss":62}],"is_beta":false,"boss_relics":[],"items_purged_floors":[],"is_endless":false,"potions_floor_spawned":[1,4,8],"killed_by":"Slime Boss","ascension_level":20}