{"gold_per_floor":[119,132,147,147,147,185,185,185,236,236,254,269,283,51,51,51],"floor_reached":16,"playtime":470,"items_purged":["Coolheaded"],"score":158,"play_id":"81c58d0e-5702-411e-bc8c-a463c8dcebc7","local_time":"20190117214013","is_ascension_mode":true,"campfire_choices":[{"data":"Zap","floor":7,"key":"SMITH"},{"floor":10,"key":"REST"},{"data":"Dualcast","floor":15,"key":"SMITH"}],"neow_cost":"NONE","seed_source_timestamp":1112067519152703,"circlet_count":0,"master_deck":["AscendersBane","Strike_B","Strike_B","Defend_B","Defend_B","Defend_B","Defend_B","Zap+1","Dualcast+1","Conserve Battery","Ball Lightning","Core Surge","Cold Snap","Tempest","Hologram"],"relics":["Cracked Core","NeowsBlessing","Golden Idol","Vajra","Pen Nib","Potion Belt"],"potions_floor_usage":[16],"damage_taken":[{"damage":0,"enemies":"2 Louse","floor":1,"turns":1},{"damage":0,"enemies":"Small Slimes","floor":2,"turns":1},{"damage":0,"enemies":"Cultist","floor":3,"turns":1},{"damage":45,"enemies":"Gremlin Nob","floor":6,"turns":5},{"damage":6,"enemies":"Exordium Wildlife","floor":11,"turns":3},{"damage":0,"enemies":"Large Slime","floor":12,"turns":4},{"damage":9,"enemies":"Red Slaver","floor":13,"turns":4},{"damage":24,"enemies":"Slime Boss","floor":16,"turns":9}],"seed_played":"-6381115553716523595","potions_obtained":[{"floor":6,"key":"Ancient Potion"},{"floor":11,"key":"Ancient Potion"},{"floor":13,"key":"SkillPotion"}],"is_trial":false,"path_per_floor":["M","M","M","?","?","E","R","?","T","R","M","M","M","$","R","B"],"character_chosen":"DEFECT","items_purchased":["Potion Belt"],"campfire_rested":1,"item_purchase_floors":[14],"current_hp_per_floor":[68,68,68,61,61,16,16,16,16,36,30,30,21,21,21,0],"gold":51,"neow_bonus":"THREE_ENEMY_KILL","is_prod":false,"is_daily":false,"chose_seed":false,"campfire_upgraded":2,"win_rate":0,"timestamp":1547728813,"path_taken":["M","M","M","?","?","E","R","?","T","R","M","M","?","$","R","BOSS"],"build_version":"2019-01-10","purchased_purges":1,"victory":false,"max_hp_per_floor":[75,75,75,75,69,69,69,69,69,69,69,69,69,69,69,69],"card_choices":[{"not_picked":["Leap","Gash"],"picked":"Conserve Battery","floor":1},{"not_picked":["Stack","Blizzard"],"picked":"Coolheaded","floor":2},{"not_picked":["Storm","Barrage"],"picked":"Ball Lightning","floor":3},{"not_picked":["Genetic Algorithm","Chaos"],"picked":"Core Surge","floor":6},{"not_picked":["Coolheaded","Conserve Battery"],"picked":"Cold Snap","floor":11},{"not_picked":["Lockon","Recycle"],"picked":"Tempest","floor":12},{"not_picked":["Stack","Leap"],"picked":"Hologram","floor":13}],"player_experience":398063,"relics_obtained":[{"floor":6,"key":"Vajra"},{"floor":9,"key":"Pen Nib"}],"event_choices":[{"cards_removed":["Strike_B"],"damage_healed":0,"gold_gain":0,"player_choice":"Card Removal","damage_taken":7,"max_hp_gain":0,"max_hp_loss":0,"event_name":"Golden Wing","floor":4,"gold_loss":0},{"damage_healed":0,"gold_gain":0,"player_choice":"Lose Max HP","damage_taken":0,"relics_obtained":["Golden Idol"],"max_hp_gain":0,"max_hp_loss":6,"event_name":"Golden Idol","floor":5,"gold_loss":0},{"cards_removed":["Strike_B"],"damage_healed":0,"gold_gain":0,"player_choice":"Purged","damage_taken":0,"max_hp_gain":0,"max_hp_loss":0,"event_name":"Purifier","floor":8,"gold_loss":0}],"is_beta":false,"boss_relics":[],"items_purged_floors":[14],"is_endless":false,"potions_floor_spawned":[6,11,13],"killed_by":"Slime Boss","ascension_level":11}