{"gold_per_floor":[112,37,37,37,37,72,86,98,98,98,98,98,98,112,112,209,209,222,222,137,0,13,13,13,48,48,63,82,82,96,106,106,106],"floor_reached":33,"playtime":1121,"items_purged":["Defend_B"],"score":390,"play_id":"10090f0b-6700-4d39-be0c-627f27effc5d","local_time":"20181212234306","is_ascension_mode":false,"campfire_choices":[{"data":"Electrodynamics","floor":10,"key":"SMITH"},{"data":"Ball Lightning","floor":12,"key":"SMITH"},{"data":"Dualcast","floor":15,"key":"SMITH"},{"data":"Ghostly","floor":23,"key":"SMITH"},{"data":"Buffer","floor":29,"key":"SMITH"},{"data":"Ghostly","floor":32,"key":"SMITH"}],"neow_cost":"NONE","seed_source_timestamp":1203729124758567,"circlet_count":0,"master_deck":["Strike_B","Strike_B","Strike_B","Strike_B","Defend_B","Defend_B+1","Defend_B+1","Zap+1","Dualcast+1","Leap","Ball Lightning+1","Electrodynamics+1","Buffer+1","Ghostly+1","Ghostly+1","Ghostly","Ghostly","Ghostly","Multi-Cast","Necronomicurse","Cold Snap","Redo","Conserve Battery+1"],"relics":["Cracked Core","NeowsBlessing","Vajra","Mummified Hand","Velvet Choker","Happy Flower","Necronomicon","Kunai","Bag of Marbles"],"potions_floor_usage":[16,25,28,33,33,33],"damage_taken":[{"damage":0,"enemies":"Jaw Worm","floor":1,"turns":1},{"damage":0,"enemies":"Lagavulin","floor":6,"turns":1},{"damage":0,"enemies":"Small Slimes","floor":7,"turns":1},{"damage":12,"enemies":"2 Louse","floor":8,"turns":2},{"damage":7,"enemies":"Large Slime","floor":14,"turns":3},{"damage":0,"enemies":"Slime Boss","floor":16,"turns":5},{"damage":10,"enemies":"Spheric Guardian","floor":18,"turns":3},{"damage":0,"enemies":"3 Byrds","floor":22,"turns":2},{"damage":0,"enemies":"Gremlin Leader","floor":25,"turns":7},{"damage":7,"enemies":"Cultist and Chosen","floor":27,"turns":7},{"damage":2,"enemies":"Chosen and Byrds","floor":28,"turns":7},{"damage":0,"enemies":"Centurion and Healer","floor":30,"turns":4},{"damage":0,"enemies":"Snecko","floor":31,"turns":6},{"damage":49,"enemies":"Automaton","floor":33,"turns":6}],"seed_played":"792888746822938201","potions_obtained":[{"floor":1,"key":"SpeedPotion"},{"floor":7,"key":"Weak Potion"},{"floor":8,"key":"Fire Potion"},{"floor":16,"key":"Block Potion"},{"floor":18,"key":"Explosive Potion"},{"floor":28,"key":"Strength Potion"},{"floor":31,"key":"Weak Potion"}],"is_trial":false,"path_per_floor":["M","$","?","?","?","E","M","M","T","R","?","R","$","M","R","B",null,"M","?","?","$","M","R","?","E","T","M","M","R","M","M","R","B"],"character_chosen":"DEFECT","items_purchased":["Multi-Cast"],"campfire_rested":0,"item_purchase_floors":[21],"current_hp_per_floor":[75,75,75,80,64,64,64,52,52,52,52,52,52,45,45,45,80,70,40,40,40,40,40,24,24,24,17,15,15,15,15,15,0],"gold":106,"neow_bonus":"THREE_ENEMY_KILL","is_prod":false,"is_daily":false,"chose_seed":false,"campfire_upgraded":6,"win_rate":0,"timestamp":1544625786,"path_taken":["M","$","?","?","?","E","M","M","T","R","?","R","$","M","R","BOSS","M","?","?","$","M","R","?","E","T","?","M","R","M","M","R","BOSS"],"build_version":"2018-12-06","purchased_purges":1,"victory":false,"max_hp_per_floor":[75,75,75,80,80,80,80,80,80,80,80,80,80,80,80,80,80,80,40,40,40,40,40,40,40,40,40,40,40,40,40,40,40],"card_choices":[{"not_picked":["Lockon","Gash"],"picked":"Leap","floor":1},{"not_picked":["Redo","Aggregate","Scrape"],"picked":"SKIP","floor":6},{"not_picked":["Heatsinks","Streamline"],"picked":"Ball Lightning","floor":7},{"not_picked":["Redo","Turbo"],"picked":"Electrodynamics","floor":8},{"not_picked":["Beam Cell","Gash","Loop"],"picked":"SKIP","floor":14},{"not_picked":["Hyperbeam","Reboot"],"picked":"Buffer","floor":16},{"not_picked":["Redo","Chaos","Rebound"],"picked":"SKIP","floor":18},{"not_picked":["Hologram","Chill","Leap+1"],"picked":"SKIP","floor":22},{"not_picked":["Reprogram+1","Echo Form"],"picked":"Cold Snap","floor":25},{"not_picked":["Ball Lightning","Beam Cell+1"],"picked":"Redo","floor":27},{"not_picked":["Sweeping Beam","Barrage"],"picked":"Conserve Battery+1","floor":28},{"not_picked":["Ball Lightning+1","Streamline","Reprogram"],"picked":"SKIP","floor":30},{"not_picked":["Coolheaded","FTL","Rip and Tear"],"picked":"SKIP","floor":31}],"player_experience":169674,"relics_obtained":[{"floor":6,"key":"Vajra"},{"floor":9,"key":"Mummified Hand"},{"floor":24,"key":"Necronomicon"},{"floor":25,"key":"Kunai"},{"floor":26,"key":"Bag of Marbles"}],"event_choices":[{"damage_healed":0,"gold_gain":0,"player_choice":"Leave","damage_taken":0,"max_hp_gain":0,"max_hp_loss":0,"event_name":"The Cleric","floor":3,"gold_loss":0},{"damage_healed":0,"gold_gain":0,"player_choice":"Donut","damage_taken":0,"max_hp_gain":5,"max_hp_loss":0,"event_name":"Big Fish","floor":4,"gold_loss":0},{"damage_healed":0,"gold_gain":0,"player_choice":"Entered Light","damage_taken":16,"max_hp_gain":0,"max_hp_loss":0,"event_name":"Shining Light","floor":5,"gold_loss":0,"cards_upgraded":["Defend_B","Defend_B"]},{"damage_healed":0,"gold_gain":0,"player_choice":"Grow","damage_taken":0,"max_hp_gain":0,"max_hp_loss":0,"event_name":"Living Wall","floor":11,"gold_loss":0,"cards_upgraded":["Zap"]},{"damage_healed":0,"gold_gain":0,"player_choice":"Became a Ghost","damage_taken":0,"max_hp_gain":0,"max_hp_loss":40,"event_name":"Ghosts","floor":19,"gold_loss":0,"cards_obtained":["Ghostly","Ghostly","Ghostly","Ghostly","Ghostly"]},{"damage_healed":0,"gold_gain":0,"player_choice":"Obtained Relic","damage_taken":0,"relics_obtained":["Happy Flower"],"max_hp_gain":0,"max_hp_loss":0,"event_name":"Addict","floor":20,"gold_loss":85},{"damage_healed":0,"gold_gain":0,"player_choice":"Obtained Book","damage_taken":16,"max_hp_gain":0,"max_hp_loss":0,"event_name":"Cursed Tome","floor":24,"gold_loss":0}],"is_beta":false,"boss_relics":[{"not_picked":["Inserter","Cursed Key"],"picked":"Velvet Choker"}],"items_purged_floors":[2],"is_endless":false,"potions_floor_spawned":[1,7,8,16,18,28,31],"killed_by":"Automaton","ascension_level":0}