{"gold_per_floor":[217,235,253,268,288,317,317,337,337,367,367,54,54,54],"floor_reached":14,"playtime":773,"items_purged":[],"score":107,"play_id":"83e2b73d-7c86-4b8b-a6c1-0ee1bea39210","local_time":"20180706151703","is_ascension_mode":true,"campfire_choices":[{"floor":7,"key":"REST"}],"neow_cost":"NONE","seed_source_timestamp":0,"circlet_count":0,"master_deck":["Strike_B","Strike_B","Strike_B+1","Strike_B","Defend_B","Defend_B","Defend_B","Defend_B+1","Zap+1","Dualcast","Ball Lightning","Sweeping Beam","Gash","Seek","Loop","Melter+1","Storm","Redo","Apotheosis","All For One"],"special_seed":17718,"relics":["Cracked Core","Dodecahedron","Bag of Marbles","Whetstone","FaceOfCleric"],"potions_floor_usage":[6,6,8],"damage_taken":[{"damage":1,"enemies":"Cultist","floor":1,"turns":3},{"damage":0,"enemies":"Small Slimes","floor":2,"turns":3},{"damage":1,"enemies":"Jaw Worm","floor":3,"turns":3},{"damage":21,"enemies":"Exordium Wildlife","floor":4,"turns":3},{"damage":0,"enemies":"Large Slime","floor":5,"turns":3},{"damage":26,"enemies":"Gremlin Nob","floor":6,"turns":5},{"damage":0,"enemies":"Looter","floor":8,"turns":2},{"damage":30,"enemies":"3 Sentries","floor":10,"turns":5},{"damage":8,"enemies":"Gremlin Nob","floor":14,"turns":2}],"seed_played":"-7177677508004505436","potions_obtained":[{"floor":3,"key":"Dexterity Potion"},{"floor":4,"key":"SkillPotion"},{"floor":6,"key":"Block Potion"}],"is_trial":false,"path_per_floor":["M","M","M","M","M","E","R","M","T","E","?","$","?"],"character_chosen":"DEFECT","items_purchased":["Apotheosis","All For One"],"campfire_rested":1,"item_purchase_floors":[12,12],"current_hp_per_floor":[74,74,73,52,52,26,48,48,48,18,18,18,3,0],"gold":54,"neow_bonus":"HUNDRED_GOLD","is_prod":false,"is_daily":false,"chose_seed":false,"campfire_upgraded":0,"win_rate":0.0,"timestamp":1530908223,"path_taken":["M","M","M","M","M","E","R","M","T","E","?","?","?","E"],"build_version":"2018-07-05","purchased_purges":0,"victory":false,"max_hp_per_floor":[75,75,75,75,75,75,75,75,75,75,75,75,75,75],"card_choices":[{"not_picked":["Sweeping Beam","Streamline"],"picked":"Ball Lightning","floor":1},{"not_picked":["Hologram","Barrage"],"picked":"Sweeping Beam","floor":2},{"not_picked":["Turbo","Leap"],"picked":"Gash","floor":3},{"not_picked":["Cold Snap","Conserve Battery"],"picked":"Seek","floor":4},{"not_picked":["Sweeping Beam","Turbo"],"picked":"Loop","floor":5},{"not_picked":["Skim","Cold Snap"],"picked":"Melter","floor":6},{"not_picked":["Sweeping Beam","Rebound"],"picked":"Storm","floor":8},{"not_picked":["Rebound","Barrage"],"picked":"Redo","floor":10}],"player_experience":147682,"relics_obtained":[{"floor":6,"key":"Dodecahedron"},{"floor":9,"key":"Bag of Marbles"},{"floor":10,"key":"Whetstone"}],"event_choices":[{"event_name":"FaceTrader","player_choice":"Trade","floor":11,"damage_taken":0},{"event_name":"Shining Light","player_choice":"Entered Light","floor":13,"damage_taken":0}],"boss_relics":[],"items_purged_floors":[],"is_endless":false,"potions_floor_spawned":[3,4,6],"killed_by":"Gremlin Nob","ascension_level":1}