{"gold_per_floor":[114,132,132,151,166,195,195,195,195,42,76,88,88,123,123,227,227,240,256,269,269,289,320,320,346,417,417,434,434,434,464,464,560,560,573,498,498,598,611,636,636,650,675,687,719,476,476,493,493,493,493,493,162,190,190],"floor_reached":55,"playtime":4515,"items_purged":["Strike_R","Strike_R","Strike_R"],"score":830,"play_id":"aeae60ae-a35d-4380-9388-fee8094d6aa5","local_time":"20190331203223","is_ascension_mode":false,"campfire_choices":[{"data":"Bash","floor":7,"key":"SMITH"},{"floor":13,"key":"REST"},{"data":"Flame Barrier","floor":15,"key":"SMITH"},{"data":"Feed","floor":24,"key":"SMITH"},{"data":"Whirlwind","floor":27,"key":"SMITH"},{"data":"Anger","floor":29,"key":"SMITH"},{"data":"Disarm","floor":32,"key":"SMITH"},{"data":"Anger","floor":41,"key":"SMITH"},{"data":"Shrug It Off","floor":44,"key":"SMITH"},{"floor":49,"key":"RECALL"},{"data":"Body Slam","floor":52,"key":"SMITH"}],"neow_cost":"NONE","seed_source_timestamp":2597050735219,"circlet_count":0,"master_deck":["Strike_R","Strike_R","Defend_R","Defend_R+1","Defend_R+1","Defend_R+1","Bash+1","Inflame","Shrug It Off+1","Shrug It Off+1","Anger","Flame Barrier+1","Anger+1","Disarm+1","Feed+1","Clothesline+1","Whirlwind+1","Anger+1","Ghostly Armor+1","Reaper","Anger+1","Body Slam+1","Heavy Blade","Bludgeon"],"relics":["Burning Blood","Unceasing Top","Calipers","Lantern","Bag of Preparation","Sozu","Kunai","Thread and Needle","Red Mask","Shuriken","Nloth\u0027s Gift","Orichalcum","Mark of Pain","FossilizedHelix","Bottled Lightning","MawBank","Bag of Marbles","War Paint","Charon\u0027s Ashes"],"potions_floor_usage":[6,20,33],"damage_taken":[{"damage":5,"enemies":"Jaw Worm","floor":1,"turns":4},{"damage":7,"enemies":"Small Slimes","floor":2,"turns":4},{"damage":0,"enemies":"2 Louse","floor":4,"turns":4},{"damage":7,"enemies":"Lots of Slimes","floor":5,"turns":7},{"damage":29,"enemies":"Gremlin Nob","floor":6,"turns":5},{"damage":24,"enemies":"Lagavulin","floor":11,"turns":7},{"damage":1,"enemies":"Exordium Wildlife","floor":12,"turns":3},{"damage":31,"enemies":"Gremlin Nob","floor":14,"turns":5},{"damage":3,"enemies":"Hexaghost","floor":16,"turns":8},{"damage":0,"enemies":"3 Byrds","floor":18,"turns":4},{"damage":7,"enemies":"2 Thieves","floor":19,"turns":4},{"damage":0,"enemies":"Centurion and Healer","floor":20,"turns":6},{"damage":9,"enemies":"Snake Plant","floor":22,"turns":5},{"damage":13,"enemies":"Gremlin Leader","floor":23,"turns":11},{"damage":12,"enemies":"Masked Bandits","floor":25,"turns":6},{"damage":0,"enemies":"Cultist and Chosen","floor":28,"turns":4},{"damage":9,"enemies":"Book of Stabbing","floor":31,"turns":5},{"damage":16,"enemies":"Automaton","floor":33,"turns":10},{"damage":4,"enemies":"3 Darklings","floor":35,"turns":6},{"damage":4,"enemies":"Mind Bloom Boss Battle","floor":38,"turns":8},{"damage":0,"enemies":"Orb Walker","floor":39,"turns":3},{"damage":30,"enemies":"Nemesis","floor":40,"turns":7},{"damage":0,"enemies":"4 Shapes","floor":42,"turns":9},{"damage":0,"enemies":"3 Darklings","floor":45,"turns":4},{"damage":9,"enemies":"Spire Growth","floor":48,"turns":5},{"damage":0,"enemies":"Awakened One","floor":50,"turns":12},{"damage":0,"enemies":"Shield and Spear","floor":54,"turns":8},{"damage":110,"enemies":"The Heart","floor":55,"turns":8}],"seed_played":"3240879174990818228","potions_obtained":[{"floor":5,"key":"Weak Potion"},{"floor":12,"key":"Energy Potion"},{"floor":14,"key":"Poison Potion"}],"is_trial":false,"path_per_floor":["M","M","?","M","M","E","R","$","T","$","E","M","R","E","R","B",null,"M","M","M","?","M","E","R","?","T","R","M","R","?","E","R","B",null,"M","$","T","?","M","E","R","M","T","R","M","$","?","M","R","B",null,"R","$","E","B"],"character_chosen":"IRONCLAD","items_purchased":["Lantern","Bag of Marbles","Heavy Blade","War Paint"],"campfire_rested":1,"item_purchase_floors":[10,46,53,53],"current_hp_per_floor":[80,79,63,69,68,45,45,45,45,45,27,32,56,31,31,34,80,80,79,83,83,80,73,73,71,71,71,77,77,77,78,78,68,91,91,91,91,91,91,67,67,93,93,93,99,99,99,96,96,99,99,99,99,103,0],"gold":190,"neow_bonus":"THREE_CARDS","is_prod":false,"is_daily":false,"chose_seed":false,"campfire_upgraded":9,"win_rate":0,"timestamp":1554078743,"path_taken":["M","M","?","M","M","E","R","$","T","$","E","M","R","E","R","BOSS","M","M","M","?","M","E","R","?","T","R","M","R","?","E","R","BOSS","M","$","?","?","M","E","R","M","T","R","M","$","?","M","R","BOSS","R","$","E","BOSS"],"build_version":"2019-01-23","purchased_purges":3,"victory":false,"max_hp_per_floor":[80,80,80,80,80,80,80,80,80,80,80,80,80,80,80,80,80,80,80,83,83,83,83,83,87,87,87,87,87,87,91,91,91,91,91,91,91,91,91,91,91,95,95,95,99,99,99,99,99,99,99,99,99,103,103],"card_choices":[{"not_picked":["Thunderclap","Shrug It Off"],"picked":"Inflame","floor":0},{"not_picked":["Twin Strike","Heavy Blade"],"picked":"Shrug It Off","floor":1},{"not_picked":["Sword Boomerang","Juggernaut"],"picked":"Shrug It Off","floor":2},{"not_picked":["Clash","Shrug It Off","Warcry"],"picked":"SKIP","floor":4},{"not_picked":["Dropkick","Flex"],"picked":"Anger","floor":5},{"not_picked":["Havoc","Wild Strike","Sword Boomerang"],"picked":"SKIP","floor":6},{"not_picked":["Intimidate","Heavy Blade"],"picked":"Flame Barrier","floor":11},{"not_picked":["Intimidate","Sentinel"],"picked":"Anger","floor":12},{"not_picked":["Flex","Armaments"],"picked":"Disarm","floor":14},{"not_picked":["Barricade","Impervious"],"picked":"Feed","floor":16},{"not_picked":["Perfected Strike","Sever Soul","Rupture"],"picked":"SKIP","floor":18},{"not_picked":["Clash+1","Combust+1","Rupture"],"picked":"SKIP","floor":19},{"not_picked":["Wild Strike","Warcry","Shrug It Off"],"picked":"SKIP","floor":20},{"not_picked":["Warcry","Infernal Blade","Sever Soul"],"picked":"SKIP","floor":22},{"not_picked":["Impervious","Dropkick+1"],"picked":"Clothesline+1","floor":23},{"not_picked":["Flame Barrier","Clash"],"picked":"Whirlwind","floor":25},{"not_picked":["Pummel","Clothesline+1"],"picked":"Anger","floor":28},{"not_picked":["Thunderclap","Demon Form"],"picked":"Ghostly Armor+1","floor":31},{"not_picked":["Barricade","Bludgeon"],"picked":"Reaper","floor":33},{"not_picked":["Flex","Havoc","Exhume"],"picked":"SKIP","floor":35},{"not_picked":["Iron Wave+1","Wild Strike+1","Twin Strike"],"picked":"SKIP","floor":39},{"not_picked":["Brutality","Sword Boomerang+1","True Grit"],"picked":"SKIP","floor":40},{"not_picked":["Reckless Charge","Inflame"],"picked":"Anger+1","floor":42},{"not_picked":["Cleave+1","Barricade"],"picked":"Body Slam","floor":45},{"not_picked":["Corruption","Fire Breathing","Heavy Blade"],"picked":"SKIP","floor":48},{"not_picked":["Anger","Headbutt"],"picked":"Bludgeon","floor":54}],"player_experience":108750,"relics_obtained":[{"floor":6,"key":"Unceasing Top"},{"floor":9,"key":"Calipers"},{"floor":11,"key":"Shovel"},{"floor":14,"key":"Bag of Preparation"},{"floor":23,"key":"Thread and Needle"},{"floor":25,"key":"Red Mask"},{"floor":26,"key":"Shuriken"},{"floor":31,"key":"Orichalcum"},{"floor":38,"key":"FossilizedHelix"},{"floor":40,"key":"Bottled Lightning"},{"floor":43,"key":"MawBank"},{"floor":54,"key":"Charon\u0027s Ashes"}],"event_choices":[{"damage_healed":0,"gold_gain":0,"player_choice":"Entered Light","damage_taken":16,"max_hp_gain":0,"max_hp_loss":0,"event_name":"Shining Light","floor":3,"gold_loss":0,"cards_upgraded":["Defend_R","Defend_R"]},{"damage_healed":0,"gold_gain":0,"player_choice":"Opened","damage_taken":0,"relics_obtained":["Kunai"],"max_hp_gain":0,"max_hp_loss":0,"event_name":"The Mausoleum","floor":21,"gold_loss":0},{"damage_healed":0,"gold_gain":0,"player_choice":"Fought Bandits","damage_taken":0,"max_hp_gain":0,"max_hp_loss":0,"event_name":"Masked Bandits","floor":25,"gold_loss":0},{"damage_healed":0,"gold_gain":0,"player_choice":"Traded Relic","damage_taken":0,"relics_obtained":["Nloth\u0027s Gift"],"max_hp_gain":0,"max_hp_loss":0,"event_name":"N\u0027loth","floor":30,"relics_lost":["Shovel"],"gold_loss":0},{"damage_healed":0,"gold_gain":0,"player_choice":"Fight","damage_taken":0,"max_hp_gain":0,"max_hp_loss":0,"event_name":"MindBloom","floor":38,"gold_loss":0},{"damage_healed":0,"gold_gain":0,"player_choice":"Ignored","damage_taken":0,"max_hp_gain":0,"max_hp_loss":0,"event_name":"Mysterious Sphere","floor":47,"gold_loss":0}],"is_beta":false,"boss_relics":[{"not_picked":["Fusion Hammer","Runic Dome"],"picked":"Sozu"},{"not_picked":["Orrery","Pandora\u0027s Box"],"picked":"Mark of Pain"}],"items_purged_floors":[36,46,53],"is_endless":false,"potions_floor_spawned":[5,12,14,20,28,33,40,42,48,54],"killed_by":"The Heart","ascension_level":0}