{"gold_per_floor":[118,118,43,43,67,98,110,166,193,193,204,204,223,74,74,175,175,189,189,19,30,30,56,56,56,138,138,138,138,138,164,164,262,262,277,289,104,118,218,253,253,282,334,16,31,85,85,95,95,95],"floor_reached":51,"playtime":2242,"items_purged":["Defend_B","Strike_B","Defend_B","Dualcast","Defend_B"],"score":1103,"play_id":"7db4451a-11b9-4a82-9039-2eeea02e3069","local_time":"20190127015936","is_ascension_mode":true,"campfire_choices":[{"data":"Streamline","floor":10,"key":"SMITH"},{"data":"Zap","floor":12,"key":"SMITH"},{"floor":15,"key":"REST"},{"data":"Machine Learning","floor":24,"key":"SMITH"},{"floor":27,"key":"REST"},{"data":"Electrodynamics","floor":30,"key":"SMITH"},{"floor":32,"key":"REST"},{"floor":41,"key":"REST"},{"floor":47,"key":"REST"},{"floor":49,"key":"REST"}],"neow_cost":"NONE","seed_source_timestamp":3672486696823,"circlet_count":0,"master_deck":["Strike_B+1","Strike_B+1","Defend_B","Zap+1","Gash","Electrodynamics+1","Streamline+1","Loop","Gash","Machine Learning+1","Gash+1","Gash+1","Coolheaded+1","Reboot","Go for the Eyes+1","Glacier+1","Chill","Hologram+1","Hologram+1"],"relics":["Cracked Core","NeowsBlessing","PreservedInsect","Omamori","Tiny Chest","Blood Vial","Lizard Tail","DataDisk","Enchiridion","Pantograph","Lantern","Whetstone","Cursed Key","Incense Burner","Bag of Preparation","Ornamental Fan","Ancient Tea Set","Membership Card","Ice Cream"],"potions_floor_usage":[16,16,23,31,33,36,39,40,42,45],"damage_taken":[{"damage":0,"enemies":"Jaw Worm","floor":1,"turns":1},{"damage":0,"enemies":"Gremlin Nob","floor":6,"turns":1},{"damage":0,"enemies":"Small Slimes","floor":7,"turns":1},{"damage":25,"enemies":"Lagavulin","floor":8,"turns":4},{"damage":0,"enemies":"Cultist","floor":11,"turns":2},{"damage":11,"enemies":"Blue Slaver","floor":13,"turns":3},{"damage":31,"enemies":"The Guardian","floor":16,"turns":7},{"damage":34,"enemies":"2 Thieves","floor":18,"turns":3},{"damage":6,"enemies":"Spheric Guardian","floor":21,"turns":3},{"damage":0,"enemies":"Gremlin Leader","floor":23,"turns":4},{"damage":17,"enemies":"Slavers","floor":31,"turns":2},{"damage":26,"enemies":"Automaton","floor":33,"turns":6},{"damage":8,"enemies":"Orb Walker","floor":35,"turns":2},{"damage":45,"enemies":"3 Darklings","floor":36,"turns":3},{"damage":8,"enemies":"Spire Growth","floor":38,"turns":4},{"damage":0,"enemies":"Mind Bloom Boss Battle","floor":39,"turns":4},{"damage":29,"enemies":"Nemesis","floor":40,"turns":5},{"damage":0,"enemies":"Giant Head","floor":42,"turns":6},{"damage":0,"enemies":"Writhing Mass","floor":45,"turns":4},{"damage":18,"enemies":"2 Orb Walkers","floor":46,"turns":4},{"damage":0,"enemies":"Transient","floor":48,"turns":5},{"damage":0,"enemies":"Awakened One","floor":50,"turns":10}],"seed_played":"-295075339518707976","potions_obtained":[{"floor":1,"key":"Strength Potion"},{"floor":6,"key":"GamblersBrew"},{"floor":11,"key":"Poison Potion"},{"floor":18,"key":"Weak Potion"},{"floor":31,"key":"Explosive Potion"},{"floor":33,"key":"AttackPotion"},{"floor":36,"key":"SteroidPotion"},{"floor":38,"key":"Ancient Potion"},{"floor":40,"key":"Poison Potion"},{"floor":42,"key":"Ancient Potion"}],"is_trial":false,"path_per_floor":["M","?","$","?","T","E","M","E","T","R","M","R","M","$","R","B",null,"M","?","$","M","$","E","R","?","T","R","?","?","R","E","R","B",null,"M","M","$","M","?","E","R","E","T","$","M","?","R","M","R","B",null],"character_chosen":"DEFECT","items_purchased":["Gash","Gash","Chill","Membership Card","Energy Potion"],"campfire_rested":6,"item_purchase_floors":[14,20,37,44,44],"current_hp_per_floor":[75,60,60,53,53,53,53,28,28,28,30,30,21,21,43,14,60,28,28,28,24,24,26,26,10,10,32,57,57,57,42,64,49,69,63,20,20,14,41,14,36,38,38,38,40,24,46,48,70,75],"gold":95,"neow_bonus":"THREE_ENEMY_KILL","is_prod":false,"is_daily":false,"chose_seed":false,"campfire_upgraded":4,"win_rate":0,"timestamp":1548525576,"path_taken":["M","?","$","?","?","E","?","E","T","R","M","R","M","?","R","BOSS","M","?","$","?","$","E","R","?","T","R","?","?","R","E","R","BOSS","M","M","$","M","?","E","R","E","T","$","M","?","R","M","R","BOSS"],"build_version":"2019-01-23","purchased_purges":5,"victory":true,"max_hp_per_floor":[75,75,75,75,75,75,75,75,75,75,75,75,75,75,75,75,75,75,75,75,75,75,75,75,75,75,75,75,75,75,75,75,75,75,75,75,75,75,75,75,75,75,75,75,75,75,75,75,75,75],"card_choices":[{"not_picked":["Genetic Algorithm","Melter"],"picked":"Gash","floor":1},{"not_picked":["Recycle","Fusion"],"picked":"Electrodynamics","floor":6},{"not_picked":["Steam","Sweeping Beam","Compile Driver"],"picked":"SKIP","floor":7},{"not_picked":["Consume","Cold Snap"],"picked":"Streamline","floor":8},{"not_picked":["Coolheaded","Sweeping Beam","Compile Driver"],"picked":"SKIP","floor":11},{"not_picked":["Chaos","Melter"],"picked":"Loop","floor":13},{"not_picked":["Core Surge","Meteor Strike"],"picked":"Machine Learning","floor":16},{"not_picked":["Barrage","Go for the Eyes","Rebound"],"picked":"SKIP","floor":18},{"not_picked":["Chaos","Turbo","Compile Driver+1"],"picked":"SKIP","floor":21},{"not_picked":["Storm+1","Melter"],"picked":"Gash","floor":23},{"not_picked":["Streamline+1","Beam Cell"],"picked":"Coolheaded+1","floor":31},{"not_picked":["Hyperbeam","All For One"],"picked":"Reboot","floor":33},{"not_picked":["Ball Lightning+1","Tempest+1"],"picked":"Go for the Eyes+1","floor":35},{"not_picked":["Sweeping Beam","Auto Shields"],"picked":"Glacier+1","floor":36},{"not_picked":["Streamline+1","Stack+1","Chaos"],"picked":"SKIP","floor":38},{"not_picked":["Blizzard","Reinforced Body+1"],"picked":"Hologram+1","floor":40},{"not_picked":["Turbo+1","Conserve Battery+1"],"picked":"Hologram+1","floor":42},{"not_picked":["Barrage","Streamline+1","Sweeping Beam"],"picked":"SKIP","floor":45},{"not_picked":["Compile Driver","Rebound","FTL"],"picked":"SKIP","floor":48}],"player_experience":385186,"relics_obtained":[{"floor":5,"key":"PreservedInsect"},{"floor":6,"key":"Omamori"},{"floor":8,"key":"Tiny Chest"},{"floor":9,"key":"Blood Vial"},{"floor":23,"key":"DataDisk"},{"floor":25,"key":"Enchiridion"},{"floor":26,"key":"Pantograph"},{"floor":31,"key":"Whetstone"},{"floor":39,"key":"Incense Burner"},{"floor":40,"key":"Bag of Preparation"},{"floor":42,"key":"Ornamental Fan"},{"floor":43,"key":"Ancient Tea Set"},{"floor":46,"key":"Ice Cream"}],"event_choices":[{"damage_healed":0,"gold_gain":0,"player_choice":"Entered Light","damage_taken":15,"max_hp_gain":0,"max_hp_loss":0,"event_name":"Shining Light","floor":2,"gold_loss":0,"cards_upgraded":["Strike_B","Strike_B"]},{"cards_removed":["Strike_B"],"damage_healed":0,"gold_gain":0,"player_choice":"Card Removal","damage_taken":7,"max_hp_gain":0,"max_hp_loss":0,"event_name":"Golden Wing","floor":4,"gold_loss":0},{"damage_healed":0,"gold_gain":0,"player_choice":"0 cards matched","damage_taken":0,"max_hp_gain":0,"max_hp_loss":0,"event_name":"Match and Keep!","floor":19,"gold_loss":0,"cards_obtained":[]},{"damage_healed":0,"gold_gain":0,"player_choice":"Obtained Book","damage_taken":16,"max_hp_gain":0,"max_hp_loss":0,"event_name":"Cursed Tome","floor":25,"gold_loss":0},{"damage_healed":25,"gold_gain":0,"player_choice":"Heal","damage_taken":0,"max_hp_gain":0,"max_hp_loss":0,"event_name":"The Library","floor":28,"gold_loss":0},{"damage_healed":0,"gold_gain":0,"player_choice":"Opened","damage_taken":0,"relics_obtained":["Lantern"],"max_hp_gain":0,"max_hp_loss":0,"event_name":"The Mausoleum","floor":29,"gold_loss":0},{"damage_healed":0,"gold_gain":0,"player_choice":"Fight","damage_taken":0,"max_hp_gain":0,"max_hp_loss":0,"event_name":"MindBloom","floor":39,"gold_loss":0},{"damage_healed":0,"gold_gain":0,"player_choice":"Fight","damage_taken":0,"max_hp_gain":0,"max_hp_loss":0,"event_name":"Mysterious Sphere","floor":46,"gold_loss":0}],"is_beta":false,"boss_relics":[{"not_picked":["Runic Dome","Eternal Feather"],"picked":"Lizard Tail"},{"not_picked":["Runic Pyramid","FrozenCore"],"picked":"Cursed Key"}],"items_purged_floors":[3,14,20,37,44],"is_endless":false,"potions_floor_spawned":[1,6,11,18,31,33,36,38,40,42],"ascension_level":5}