{"gold_per_floor":[118,118,33,52,52,52,79,79,106,136,154,173,157,175,175,274,274,289,289,306,324,324],"floor_reached":22,"playtime":1217,"items_purged":["Strike_G"],"score":322,"play_id":"ea9b2386-c54f-4a80-b17f-e8a65d92a0e4","local_time":"20190401102137","is_ascension_mode":true,"campfire_choices":[{"data":"Cloak And Dagger","floor":6,"key":"SMITH"},{"floor":8,"key":"REST"},{"data":"Accuracy","floor":15,"key":"SMITH"}],"neow_cost":"NONE","seed_source_timestamp":646092641403410,"circlet_count":0,"master_deck":["AscendersBane","Defend_G","Defend_G","Defend_G","Defend_G","Defend_G","Strike_G","Strike_G","Strike_G","Strike_G","Survivor","Neutralize","Cloak And Dagger+1","Accuracy+1","Dodge and Roll","Cloak And Dagger","Escape Plan","Cloak And Dagger","Blade Dance","Blade Dance","A Thousand Cuts+1","Blade Dance+1","Deflect","Cloak And Dagger"],"relics":["Ring of the Snake","Smiling Mask","Potion Belt","Pen Nib","Shuriken","WristBlade"],"potions_floor_usage":[7,7,10,13,16,22,22],"damage_taken":[{"damage":7,"enemies":"Small Slimes","floor":1,"turns":4},{"damage":0,"enemies":"2 Louse","floor":4,"turns":3},{"damage":38,"enemies":"Lagavulin","floor":7,"turns":12},{"damage":25,"enemies":"3 Sentries","floor":10,"turns":12},{"damage":0,"enemies":"Cultist","floor":11,"turns":4},{"damage":1,"enemies":"2 Fungi Beasts","floor":12,"turns":4},{"damage":7,"enemies":"Exordium Thugs","floor":13,"turns":4},{"damage":12,"enemies":"3 Louse","floor":14,"turns":3},{"damage":14,"enemies":"The Guardian","floor":16,"turns":12},{"damage":0,"enemies":"Chosen","floor":18,"turns":3},{"damage":25,"enemies":"2 Thieves","floor":20,"turns":4},{"damage":7,"enemies":"Centurion and Healer","floor":21,"turns":4},{"damage":40,"enemies":"Cultist and Chosen","floor":22,"turns":6}],"seed_played":"5402493586712953537","potions_obtained":[{"floor":5,"key":"FearPotion"},{"floor":5,"key":"Fruit Juice"},{"floor":5,"key":"SpeedPotion"},{"floor":7,"key":"Regen Potion"},{"floor":10,"key":"Weak Potion"},{"floor":11,"key":"Regen Potion"},{"floor":21,"key":"Regen Potion"}],"is_trial":false,"path_per_floor":["M","?","$","M","?","R","E","R","T","E","M","M","M","M","R","B",null,"M","?","M","M","M"],"character_chosen":"THE_SILENT","items_purchased":["Accuracy"],"campfire_rested":1,"item_purchase_floors":[3],"current_hp_per_floor":[56,56,56,56,56,56,23,45,45,35,35,34,41,29,29,15,60,60,60,35,28,0],"gold":324,"neow_bonus":"RANDOM_COMMON_RELIC","is_prod":false,"is_daily":false,"chose_seed":false,"campfire_upgraded":2,"win_rate":0,"timestamp":1554106897,"path_taken":["M","?","$","M","?","R","E","R","T","E","M","M","?","M","R","BOSS","M","?","M","M","M"],"build_version":"2019-01-23","purchased_purges":1,"victory":false,"max_hp_per_floor":[70,70,70,70,70,70,75,75,75,75,75,75,75,75,75,75,75,75,75,75,75,75],"card_choices":[{"not_picked":["Prepared","Reflex"],"picked":"Cloak And Dagger","floor":1},{"not_picked":["Expertise","Outmaneuver","Dodge and Roll"],"picked":"SKIP","floor":4},{"not_picked":["Expertise","Outmaneuver"],"picked":"Dodge and Roll","floor":4},{"not_picked":["Reflex","PiercingWail","Deflect"],"picked":"SKIP","floor":7},{"not_picked":["Adrenaline","Reflex"],"picked":"Cloak And Dagger","floor":10},{"not_picked":["Poisoned Stab","Dagger Throw"],"picked":"Escape Plan","floor":11},{"not_picked":["Bane","Prepared"],"picked":"Cloak And Dagger","floor":12},{"not_picked":["Choke","Acrobatics"],"picked":"Blade Dance","floor":13},{"not_picked":["All Out Attack","Crippling Poison"],"picked":"Blade Dance","floor":14},{"not_picked":["Grand Finale","Burst"],"picked":"A Thousand Cuts","floor":16},{"not_picked":["Acrobatics+1","Quick Slash"],"picked":"Blade Dance+1","floor":18},{"not_picked":["Predator","Dagger Throw"],"picked":"Deflect","floor":20},{"not_picked":["Poisoned Stab","Underhanded Strike"],"picked":"Cloak And Dagger","floor":21}],"player_experience":412345,"relics_obtained":[{"floor":7,"key":"Potion Belt"},{"floor":9,"key":"Pen Nib"},{"floor":10,"key":"Shuriken"}],"event_choices":[{"damage_healed":0,"gold_gain":0,"player_choice":"Ignored","damage_taken":0,"max_hp_gain":0,"max_hp_loss":0,"event_name":"Golden Wing","floor":2,"gold_loss":0},{"damage_healed":0,"gold_gain":0,"player_choice":"Got Potions","damage_taken":0,"max_hp_gain":0,"max_hp_loss":0,"event_name":"Lab","floor":5,"gold_loss":0},{"damage_healed":0,"gold_gain":0,"player_choice":"Upgraded","damage_taken":0,"max_hp_gain":0,"max_hp_loss":0,"event_name":"Upgrade Shrine","floor":19,"gold_loss":0,"cards_upgraded":["A Thousand Cuts"]}],"is_beta":false,"boss_relics":[{"not_picked":["Astrolabe","Eternal Feather"],"picked":"WristBlade"}],"items_purged_floors":[3],"is_endless":false,"potions_floor_spawned":[7,10,11,21],"killed_by":"Cultist and Chosen","ascension_level":10}