{"gold_per_floor":[109,124,124,74,97,97,130,130,130,430,450,469,34,34],"floor_reached":14,"playtime":1200,"items_purged":["Strike_G"],"score":141,"play_id":"c7ff946b-49dd-486a-b2fa-66dcec9234dd","local_time":"20190501215400","is_ascension_mode":true,"campfire_choices":[{"data":"Neutralize","floor":6,"key":"SMITH"},{"data":"Bouncing Flask","floor":8,"key":"SMITH"}],"neow_cost":"TEN_PERCENT_HP_LOSS","seed_source_timestamp":438874795371385,"circlet_count":0,"master_deck":["AscendersBane","Defend_G","Defend_G","Defend_G","Defend_G","Defend_G","Strike_G","Survivor","Neutralize+1","Infinite Blades","Bouncing Flask+1","Accuracy","Poisoned Stab","PiercingWail","Dodge and Roll","Caltrops"],"relics":["Ring of the Snake","Golden Idol","Dream Catcher","Sundial","Ninja Scroll","Old Coin","Strawberry","Bag of Preparation"],"potions_floor_usage":[],"damage_taken":[{"damage":2,"enemies":"Jaw Worm","floor":1,"turns":4},{"damage":4,"enemies":"Small Slimes","floor":2,"turns":4},{"damage":23,"enemies":"3 Sentries","floor":7,"turns":11},{"damage":0,"enemies":"Cultist","floor":11,"turns":3},{"damage":5,"enemies":"Exordium Wildlife","floor":12,"turns":3},{"damage":46,"enemies":"Lagavulin","floor":14,"turns":5}],"seed_played":"-3366749864866767233","potions_obtained":[{"floor":2,"key":"Swift Potion"}],"is_trial":false,"path_per_floor":["M","M","?","?","T","R","E","R","T","?","M","M","$","E"],"character_chosen":"THE_SILENT","items_purchased":["Strawberry","Bag of Preparation","Caltrops"],"campfire_rested":0,"item_purchase_floors":[13,13,13],"current_hp_per_floor":[61,57,57,57,57,57,34,34,34,34,34,29,36,0],"gold":34,"neow_bonus":"TRANSFORM_TWO_CARDS","is_prod":false,"is_daily":false,"chose_seed":false,"campfire_upgraded":2,"win_rate":0,"timestamp":1556740440,"path_taken":["M","M","?","?","?","R","E","R","T","?","?","M","$","E"],"build_version":"2019-01-23","purchased_purges":1,"victory":false,"max_hp_per_floor":[63,63,58,58,58,58,58,58,58,58,58,58,65,65],"card_choices":[{"not_picked":["Acrobatics","Predator","Flying Knee"],"picked":"SKIP","floor":1},{"not_picked":["Expertise","Leg Sweep"],"picked":"Accuracy","floor":2},{"not_picked":["Bouncing Flask","Adrenaline"],"picked":"Poisoned Stab","floor":7},{"not_picked":["Riddle With Holes","Dash"],"picked":"PiercingWail","floor":11},{"not_picked":["Dagger Throw","Underhanded Strike"],"picked":"Dodge and Roll","floor":12}],"player_experience":522526,"relics_obtained":[{"floor":5,"key":"Dream Catcher"},{"floor":7,"key":"Sundial"},{"floor":9,"key":"Ninja Scroll"}],"event_choices":[{"damage_healed":0,"gold_gain":0,"player_choice":"Lose Max HP","damage_taken":0,"relics_obtained":["Golden Idol"],"max_hp_gain":0,"max_hp_loss":5,"event_name":"Golden Idol","floor":3,"gold_loss":0},{"cards_removed":["Strike_G"],"damage_healed":0,"gold_gain":0,"player_choice":"Card Removal","damage_taken":0,"max_hp_gain":0,"max_hp_loss":0,"event_name":"The Cleric","floor":4,"gold_loss":50},{"damage_healed":0,"gold_gain":0,"player_choice":"Gave Potion","damage_taken":0,"relics_obtained":["Old Coin"],"max_hp_gain":0,"max_hp_loss":0,"event_name":"WeMeetAgain","floor":10,"gold_loss":0}],"is_beta":false,"boss_relics":[],"items_purged_floors":[13],"is_endless":false,"potions_floor_spawned":[2],"killed_by":"Lagavulin","ascension_level":12}