{"gold_per_floor":[117,130,305,148,223,256,13,13,38,38,56,56,86,118,130,247,259,288,300,338,350,381,393,423,435,447,459,471,496,508,151,151,151],"floor_reached":33,"playtime":1104,"items_purged":["Doubt","Strike_B","Injury"],"score":276,"play_id":"e3dada44-37b0-412f-b1e9-c49bcf353d85","local_time":"20190418115109","is_ascension_mode":false,"campfire_choices":[{"data":"Zap","floor":8,"key":"SMITH"},{"data":"Core Surge","floor":10,"key":"SMITH"},{"data":"Hello World","floor":15,"key":"SMITH"},{"data":"Electrodynamics","floor":23,"key":"SMITH"},{"data":"Capacitor","floor":25,"key":"SMITH"},{"data":"Amplify","floor":30,"key":"SMITH"},{"floor":32,"key":"REST"}],"neow_cost":"NONE","seed_source_timestamp":8581551436682,"circlet_count":0,"master_deck":["Strike_B","Strike_B","Strike_B","Defend_B","Defend_B+1","Defend_B","Defend_B","Zap+1","Dualcast","Genetic Algorithm+1","Go for the Eyes","Core Surge+1","Doom and Gloom","Amplify+1","Electrodynamics+1","Capacitor+1","Iron Wave","Turbo+1","Streamline+1","Defragment","Thinking Ahead"],"relics":["Cracked Core","NeowsBlessing","Shuriken","War Paint","NlothsMask","MawBank","Cursed Key","Red Mask","MutagenicStrength"],"potions_floor_usage":[33],"damage_taken":[{"damage":0,"enemies":"Cultist","floor":1,"turns":1},{"damage":0,"enemies":"Small Slimes","floor":2,"turns":1},{"damage":0,"enemies":"3 Sentries","floor":6,"turns":1},{"damage":0,"enemies":"2 Louse","floor":11,"turns":2},{"damage":20,"enemies":"Lagavulin","floor":13,"turns":4},{"damage":10,"enemies":"Exordium Wildlife","floor":14,"turns":4},{"damage":11,"enemies":"Slime Boss","floor":16,"turns":8},{"damage":0,"enemies":"3 Byrds","floor":18,"turns":2},{"damage":9,"enemies":"Masked Bandits","floor":20,"turns":3},{"damage":32,"enemies":"Shell Parasite","floor":22,"turns":8},{"damage":5,"enemies":"Sentry and Sphere","floor":24,"turns":3},{"damage":7,"enemies":"Centurion and Healer","floor":29,"turns":4},{"damage":103,"enemies":"Automaton","floor":33,"turns":6}],"seed_played":"8262917739133668788","potions_obtained":[{"floor":1,"key":"GamblersBrew"},{"floor":2,"key":"FairyPotion"},{"floor":6,"key":"Energy Potion"},{"floor":16,"key":"FocusPotion"}],"is_trial":false,"path_per_floor":["M","M","?","$","?","E","$","R","T","R","M","?","E","M","R","B",null,"M","?","?","?","M","R","M","R","T","?","?","M","R","$","R","B"],"character_chosen":"DEFECT","items_purchased":["Core Surge","War Paint","Defragment","Thinking Ahead"],"campfire_rested":1,"item_purchase_floors":[4,7,31,31],"current_hp_per_floor":[75,75,75,75,64,64,64,64,64,64,64,64,44,34,34,23,75,75,75,66,66,34,34,29,29,29,29,29,22,22,22,44,0],"gold":151,"neow_bonus":"THREE_ENEMY_KILL","is_prod":false,"is_daily":false,"chose_seed":false,"campfire_upgraded":6,"win_rate":0,"timestamp":1555559469,"path_taken":["M","?","?","$","?","E","?","R","T","R","?","?","E","M","R","BOSS","M","?","?","?","M","R","?","R","T","?","?","M","R","?","R","BOSS"],"build_version":"2019-01-23","purchased_purges":3,"victory":false,"max_hp_per_floor":[75,75,75,75,75,75,75,75,75,75,75,75,75,75,75,75,75,75,75,75,75,75,75,75,75,75,75,75,75,75,75,75,75],"card_choices":[{"not_picked":["Doom and Gloom","Barrage"],"picked":"Genetic Algorithm","floor":1},{"not_picked":["Redo","Stack"],"picked":"Go for the Eyes","floor":2},{"not_picked":["Multi-Cast","Sweeping Beam","Hello World"],"picked":"SKIP","floor":6},{"not_picked":["Leap","Compile Driver"],"picked":"Doom and Gloom","floor":11},{"not_picked":["Stack","Go for the Eyes"],"picked":"Hello World","floor":13},{"not_picked":["Streamline","Fusion"],"picked":"Amplify","floor":14},{"not_picked":["Machine Learning","Core Surge"],"picked":"Electrodynamics","floor":16},{"not_picked":["Doom and Gloom","Coolheaded","Reprogram+1"],"picked":"SKIP","floor":18},{"not_picked":["Leap+1","Gash+1"],"picked":"Capacitor","floor":20},{"not_picked":["Conserve Battery+1","Streamline","Barrage"],"picked":"SKIP","floor":22},{"not_picked":["Biased Cognition","Chill"],"picked":"Turbo+1","floor":24},{"not_picked":["Conserve Battery","Beam Cell"],"picked":"Streamline+1","floor":29}],"player_experience":435172,"relics_obtained":[{"floor":6,"key":"Shuriken"},{"floor":13,"key":"MawBank"},{"floor":20,"key":"Red Mask"}],"event_choices":[{"damage_healed":0,"gold_gain":175,"player_choice":"AGREE","damage_taken":0,"max_hp_gain":0,"max_hp_loss":0,"event_name":"Liars Game","floor":3,"gold_loss":0,"cards_obtained":["Doubt"]},{"damage_healed":0,"gold_gain":75,"player_choice":"Gather Gold","damage_taken":11,"max_hp_gain":0,"max_hp_loss":0,"event_name":"World of Goop","floor":5,"gold_loss":0},{"damage_healed":0,"gold_gain":0,"player_choice":"Trade","damage_taken":0,"relics_obtained":["NlothsMask"],"max_hp_gain":0,"max_hp_loss":0,"event_name":"FaceTrader","floor":12,"gold_loss":0},{"damage_healed":0,"gold_gain":0,"player_choice":"Ignored","damage_taken":0,"max_hp_gain":0,"max_hp_loss":0,"event_name":"Ghosts","floor":19,"gold_loss":0},{"damage_healed":0,"gold_gain":0,"player_choice":"Fought Bandits","damage_taken":0,"max_hp_gain":0,"max_hp_loss":0,"event_name":"Masked Bandits","floor":20,"gold_loss":0},{"cards_removed":["Hello World"],"damage_healed":0,"gold_gain":0,"player_choice":"Took Card","damage_taken":0,"max_hp_gain":0,"max_hp_loss":0,"event_name":"NoteForYourself","floor":21,"gold_loss":0,"cards_obtained":["Iron Wave"]},{"damage_healed":0,"gold_gain":0,"player_choice":"Inject Mutagens","damage_taken":0,"relics_obtained":["MutagenicStrength"],"max_hp_gain":0,"max_hp_loss":0,"event_name":"Drug Dealer","floor":27,"gold_loss":0},{"damage_healed":0,"gold_gain":0,"player_choice":"Ignored","damage_taken":0,"max_hp_gain":0,"max_hp_loss":0,"event_name":"Vampires","floor":28,"gold_loss":0}],"is_beta":false,"boss_relics":[{"not_picked":["Runic Dome","Lizard Tail"],"picked":"Cursed Key"}],"items_purged_floors":[4,7,31],"is_endless":false,"potions_floor_spawned":[1,2,6,16,20,22,29],"killed_by":"Automaton","ascension_level":0}