{"gold_per_floor":[111,121,121,46,46,46,60,91,162,162,180,194,194,212,212,336,336,361,381,402,41,57,57],"floor_reached":23,"playtime":1545,"items_purged":["Injury","Strike_G"],"score":224,"play_id":"b820f354-605c-4300-a20f-0db6e2a9a08f","local_time":"20181117215157","is_ascension_mode":true,"campfire_choices":[{"data":"Deep Breath","floor":6,"key":"SMITH"},{"data":"Glass Knife","floor":10,"key":"SMITH"},{"data":"Dagger Spray","floor":13,"key":"SMITH"},{"floor":15,"key":"REST"}],"neow_cost":"NONE","seed_source_timestamp":281609640640570,"circlet_count":0,"master_deck":["Defend_G","Defend_G","Defend_G","Defend_G","Defend_G","Strike_G","Strike_G","Strike_G","Strike_G","Survivor","Neutralize","Deadly Poison","Dagger Spray+1","Deep Breath+1","Glass Knife+1","Catalyst","Backstab","Dodge and Roll","Die Die Die","Sucker Punch","Dodge and Roll+1","Dash+1","Dodge and Roll+1"],"relics":["Ring of the Snake","Golden Idol","Regal Pillow","Paper Crane","White Beast Statue","Kunai"],"potions_floor_usage":[8,16,20,20,22,22,23],"damage_taken":[{"damage":6,"enemies":"Jaw Worm","floor":1,"turns":7},{"damage":0,"enemies":"Cultist","floor":2,"turns":4},{"damage":0,"enemies":"Small Slimes","floor":7,"turns":2},{"damage":27,"enemies":"3 Sentries","floor":8,"turns":8},{"damage":1,"enemies":"Red Slaver","floor":11,"turns":4},{"damage":4,"enemies":"3 Louse","floor":12,"turns":2},{"damage":16,"enemies":"Exordium Thugs","floor":14,"turns":4},{"damage":7,"enemies":"Hexaghost","floor":16,"turns":7},{"damage":10,"enemies":"Shell Parasite","floor":18,"turns":6},{"damage":20,"enemies":"2 Thieves","floor":19,"turns":4},{"damage":9,"enemies":"Snake Plant","floor":20,"turns":4},{"damage":32,"enemies":"Centurion and Healer","floor":22,"turns":6},{"damage":15,"enemies":"Slavers","floor":23,"turns":1}],"seed_played":"-8132449820686947925","potions_obtained":[{"floor":2,"key":"Fire Potion"},{"floor":14,"key":"Poison Potion"},{"floor":16,"key":"LiquidBronze"},{"floor":18,"key":"Dexterity Potion"},{"floor":19,"key":"Dexterity Potion"},{"floor":20,"key":"EssenceOfSteel"},{"floor":22,"key":"Weak Potion"}],"is_trial":false,"path_per_floor":["M","M","?","$","?","R","M","E","T","R","M","M","R","M","R","B",null,"M","M","M","$","M","E"],"character_chosen":"THE_SILENT","items_purchased":["Kunai"],"campfire_rested":1,"item_purchase_floors":[21],"current_hp_per_floor":[71,71,71,71,71,71,71,44,44,44,43,39,39,23,61,54,77,67,47,38,38,6,0],"gold":57,"neow_bonus":"TEN_PERCENT_HP_BONUS","is_prod":false,"is_daily":false,"chose_seed":false,"campfire_upgraded":3,"win_rate":0,"timestamp":1542513117,"path_taken":["M","M","?","$","?","R","M","E","T","R","M","M","R","?","R","BOSS","M","M","M","$","M","E"],"build_version":"2018-11-15","purchased_purges":2,"victory":false,"max_hp_per_floor":[77,77,77,77,77,77,77,77,77,77,77,77,77,77,77,77,77,77,77,77,77,77,77],"card_choices":[{"not_picked":["Outmaneuver","Prepared"],"picked":"Deadly Poison","floor":1},{"not_picked":["Eviscerate","Outmaneuver"],"picked":"Dagger Spray","floor":2},{"not_picked":["Deflect","Dagger Throw","Slice"],"picked":"SKIP","floor":7},{"not_picked":["Slice","Footwork"],"picked":"Glass Knife","floor":8},{"not_picked":["Underhanded Strike","Cloak And Dagger"],"picked":"Catalyst","floor":11},{"not_picked":["Outmaneuver","Catalyst"],"picked":"Backstab","floor":12},{"not_picked":["Prepared","Endless Agony"],"picked":"Dodge and Roll","floor":14},{"not_picked":["Unload","Doppelganger"],"picked":"Die Die Die","floor":16},{"not_picked":["Skewer","Acrobatics"],"picked":"Sucker Punch","floor":18},{"not_picked":["Acrobatics","Tactician"],"picked":"Dodge and Roll+1","floor":19},{"not_picked":["Flechettes+1","Poisoned Stab"],"picked":"Dash+1","floor":20},{"not_picked":["PiercingWail","Bane+1"],"picked":"Dodge and Roll+1","floor":22}],"player_experience":215194,"relics_obtained":[{"floor":8,"key":"Regal Pillow"},{"floor":9,"key":"Paper Crane"}],"event_choices":[{"damage_healed":0,"gold_gain":0,"player_choice":"Take Wound","damage_taken":0,"relics_obtained":["Golden Idol"],"max_hp_gain":0,"max_hp_loss":0,"event_name":"Golden Idol","floor":3,"gold_loss":0,"cards_obtained":["Injury"]},{"damage_healed":0,"gold_gain":0,"player_choice":"1 cards matched","damage_taken":0,"max_hp_gain":0,"max_hp_loss":0,"event_name":"Match and Keep!","floor":5,"gold_loss":0,"cards_obtained":["Deep Breath"]}],"is_beta":false,"boss_relics":[{"not_picked":["Busted Crown","Orrery"],"picked":"White Beast Statue"}],"items_purged_floors":[4,21],"is_endless":false,"potions_floor_spawned":[2,14,16,18,19,20,22],"killed_by":"Slavers","ascension_level":3}