{"gold_per_floor":[115,128,128,138,63,88,88,88,135,166,189,189,189,202,202,295,295,318,318,41,41,13,13,57,73,121,121],"floor_reached":27,"playtime":1057,"items_purged":[],"score":474,"play_id":"0ee51a97-2b6f-40bd-957a-3aed1c93c6bf","local_time":"20190429133653","is_ascension_mode":true,"campfire_choices":[{"data":"Cleave","floor":8,"key":"SMITH"},{"floor":12,"key":"REST"},{"data":"Inflame","floor":15,"key":"SMITH"},{"floor":23,"key":"REST"}],"neow_cost":"NONE","seed_source_timestamp":30301271596100,"circlet_count":0,"master_deck":["AscendersBane","Strike_R","Strike_R","Strike_R","Defend_R","Defend_R","Defend_R","Defend_R","Bash+1","Cleave+1","Headbutt","Seeing Red","Shrug It Off","Inflame+1","Sword Boomerang","Impervious","Shockwave","Warcry+1","Shrug It Off+1"],"relics":["Burning Blood","Orichalcum","Bag of Marbles","Juzu Bracelet","Ginger","Odd Mushroom","Golden Idol","Velvet Choker","Toxic Egg 2","Question Card","The Courier","Art of War"],"potions_floor_usage":[10,11,27],"damage_taken":[{"damage":1,"enemies":"Cultist","floor":1,"turns":3},{"damage":6,"enemies":"Jaw Worm","floor":2,"turns":6},{"damage":3,"enemies":"2 Louse","floor":4,"turns":3},{"damage":30,"enemies":"3 Sentries","floor":6,"turns":7},{"damage":35,"enemies":"Lagavulin","floor":10,"turns":8},{"damage":7,"enemies":"The Mushroom Lair","floor":11,"turns":3},{"damage":3,"enemies":"Large Slime","floor":14,"turns":5},{"damage":27,"enemies":"Hexaghost","floor":16,"turns":9},{"damage":28,"enemies":"2 Thieves","floor":18,"turns":4},{"damage":29,"enemies":"Gremlin Leader","floor":24,"turns":7},{"damage":2,"enemies":"Chosen","floor":25,"turns":4},{"damage":50,"enemies":"Book of Stabbing","floor":27,"turns":6}],"seed_played":"1572476784003350006","potions_obtained":[{"floor":2,"key":"Ancient Potion"},{"floor":6,"key":"Swift Potion"},{"floor":24,"key":"Dexterity Potion"}],"is_trial":false,"path_per_floor":["M","M","?","M","?","E","?","R","T","E","?","R","?","M","R","B",null,"M","?","$","T","$","R","E","M","T","E"],"character_chosen":"IRONCLAD","items_purchased":["Toxic Egg 2","Warcry+1"],"campfire_rested":2,"item_purchase_floors":[20,22],"current_hp_per_floor":[73,73,78,80,80,56,38,38,38,9,8,32,32,35,35,14,58,36,36,36,36,36,57,34,38,38,0],"gold":121,"neow_bonus":"UPGRADE_CARD","is_prod":false,"is_daily":false,"chose_seed":false,"campfire_upgraded":2,"win_rate":0,"timestamp":1556512613,"path_taken":["M","M","?","M","?","E","?","R","T","E","?","R","?","M","R","BOSS","M","?","$","?","?","R","E","M","T","E"],"build_version":"2019-01-23","purchased_purges":0,"victory":false,"max_hp_per_floor":[75,75,80,80,80,80,80,80,80,80,80,80,72,72,72,72,72,72,72,72,72,72,72,72,72,72,72],"card_choices":[{"not_picked":["Wild Strike","Havoc"],"picked":"Cleave","floor":1},{"not_picked":["Warcry","Clash"],"picked":"Headbutt","floor":2},{"not_picked":["Body Slam","Rupture","Dropkick"],"picked":"SKIP","floor":4},{"not_picked":["Infernal Blade","Blood for Blood"],"picked":"Seeing Red","floor":6},{"not_picked":["Hemokinesis","Double Tap"],"picked":"Shrug It Off","floor":10},{"not_picked":["Iron Wave","Perfected Strike"],"picked":"Inflame","floor":11},{"not_picked":["Combust","Dropkick"],"picked":"Sword Boomerang","floor":14},{"not_picked":["Berserk","Bludgeon"],"picked":"Impervious","floor":16},{"not_picked":["Perfected Strike","Heavy Blade","Clash"],"picked":"SKIP","floor":18},{"not_picked":["Carnage","Wild Strike","Corruption","Reckless Charge"],"picked":"SKIP","floor":24},{"not_picked":["Havoc+1","Anger","Rupture+1"],"picked":"Shrug It Off+1","floor":25}],"player_experience":1142759,"relics_obtained":[{"floor":6,"key":"Orichalcum"},{"floor":9,"key":"Juzu Bracelet"},{"floor":10,"key":"Ginger"},{"floor":11,"key":"Odd Mushroom"},{"floor":21,"key":"Question Card"},{"floor":24,"key":"The Courier"},{"floor":26,"key":"Art of War"}],"event_choices":[{"damage_healed":0,"gold_gain":0,"player_choice":"Donut","damage_taken":0,"max_hp_gain":5,"max_hp_loss":0,"event_name":"Big Fish","floor":3,"gold_loss":0},{"cards_removed":["Strike_R"],"damage_healed":0,"gold_gain":0,"player_choice":"Card Removal","damage_taken":0,"max_hp_gain":0,"max_hp_loss":0,"event_name":"The Cleric","floor":5,"gold_loss":75},{"damage_healed":0,"gold_gain":0,"player_choice":"Success","damage_taken":18,"relics_obtained":["Bag of Marbles"],"max_hp_gain":0,"max_hp_loss":0,"event_name":"Scrap Ooze","floor":7,"gold_loss":0},{"damage_healed":0,"gold_gain":0,"player_choice":"Fought Mushrooms","damage_taken":0,"max_hp_gain":0,"max_hp_loss":0,"event_name":"Mushrooms","floor":11,"gold_loss":0},{"damage_healed":0,"gold_gain":0,"player_choice":"Lose Max HP","damage_taken":0,"relics_obtained":["Golden Idol"],"max_hp_gain":0,"max_hp_loss":8,"event_name":"Golden Idol","floor":13,"gold_loss":0},{"damage_healed":0,"gold_gain":0,"cards_transformed":["Strike_R"],"player_choice":"Transformed","damage_taken":0,"max_hp_gain":0,"max_hp_loss":0,"event_name":"Transmorgrifier","floor":19,"gold_loss":0,"cards_obtained":["Shockwave"]}],"is_beta":false,"boss_relics":[{"not_picked":["Black Blood","Mark of Pain"],"picked":"Velvet Choker"}],"items_purged_floors":[],"is_endless":false,"potions_floor_spawned":[2,6,24],"killed_by":"Book of Stabbing","ascension_level":20}