{"gold_per_floor":[116,116,133,5,25,25,50,63,63,80,80,105,105,119,119,196,196,196,116,116,16,16,16,16,16,16,16],"floor_reached":27,"playtime":1165,"items_purged":["Regret","Strike_R"],"score":586,"play_id":"fc699c84-af00-4db9-b5c9-d4d372d20e7f","local_time":"20190430102706","is_ascension_mode":true,"campfire_choices":[{"data":"Headbutt","floor":6,"key":"SMITH"},{"data":"Shrug It Off","floor":11,"key":"SMITH"},{"data":"Pommel Strike","floor":15,"key":"SMITH"},{"data":"True Grit","floor":23,"key":"SMITH"}],"neow_cost":"NONE","seed_source_timestamp":105206786583700,"circlet_count":0,"master_deck":["AscendersBane","Strike_R","Strike_R","Strike_R","Defend_R","Defend_R","Defend_R","Defend_R","Bash+1","Headbutt+1","Pommel Strike+1","Shrug It Off+1","Inflame+1","Inflame+1","Juggernaut+1","Battle Trance","Feed","Clothesline+1","True Grit+1","Shrug It Off"],"relics":["Burning Blood","Red Skull","Frozen Egg 2","Vajra","Thread and Needle","Ectoplasm","Darkstone Periapt","GremlinMask","Juzu Bracelet"],"potions_floor_usage":[3,7,10,24,24],"damage_taken":[{"damage":4,"enemies":"Jaw Worm","floor":1,"turns":4},{"damage":10,"enemies":"2 Louse","floor":3,"turns":2},{"damage":2,"enemies":"Cultist","floor":5,"turns":4},{"damage":20,"enemies":"3 Sentries","floor":7,"turns":8},{"damage":10,"enemies":"3 Louse","floor":8,"turns":4},{"damage":4,"enemies":"2 Fungi Beasts","floor":10,"turns":3},{"damage":29,"enemies":"Lagavulin","floor":12,"turns":6},{"damage":16,"enemies":"Exordium Thugs","floor":14,"turns":4},{"damage":0,"enemies":"Hexaghost","floor":16,"turns":7},{"damage":15,"enemies":"Spheric Guardian","floor":18,"turns":4},{"damage":2,"enemies":"2 Thieves","floor":19,"turns":4},{"damage":0,"enemies":"Snecko","floor":22,"turns":4},{"damage":16,"enemies":"Book of Stabbing","floor":24,"turns":4},{"damage":38,"enemies":"Gremlin Leader","floor":27,"turns":4}],"seed_played":"6990618731915764832","potions_obtained":[{"floor":1,"key":"AttackPotion"},{"floor":3,"key":"Strength Potion"},{"floor":8,"key":"Block Potion"},{"floor":12,"key":"Dexterity Potion"},{"floor":18,"key":"SteroidPotion"},{"floor":19,"key":"Ancient Potion"}],"is_trial":false,"path_per_floor":["M","?","M","$","M","R","E","M","T","M","R","E","?","M","R","B",null,"M","M","?","$","M","R","E","?","T","E"],"character_chosen":"IRONCLAD","items_purchased":["Strength Potion"],"campfire_rested":0,"item_purchase_floors":[4],"current_hp_per_floor":[70,70,66,66,70,70,56,52,52,54,54,31,31,21,21,27,63,54,61,39,39,48,48,38,38,38,0],"gold":16,"neow_bonus":"UPGRADE_CARD","is_prod":false,"is_daily":false,"chose_seed":false,"campfire_upgraded":4,"win_rate":0,"timestamp":1556587626,"path_taken":["M","?","M","$","M","R","E","M","T","M","R","E","?","?","R","BOSS","M","M","?","$","M","R","E","?","T","E"],"build_version":"2019-01-23","purchased_purges":2,"victory":false,"max_hp_per_floor":[75,75,75,75,75,75,75,75,75,75,75,75,75,75,75,75,75,75,78,83,83,86,86,86,86,86,86],"card_choices":[{"not_picked":["Second Wind","Perfected Strike"],"picked":"Headbutt","floor":1},{"not_picked":["Perfected Strike","Wild Strike"],"picked":"Pommel Strike","floor":3},{"not_picked":["Iron Wave","Sever Soul","Power Through"],"picked":"SKIP","floor":5},{"not_picked":["Anger","Thunderclap"],"picked":"Shrug It Off","floor":7},{"not_picked":["Pommel Strike","Entrench"],"picked":"Inflame+1","floor":8},{"not_picked":["True Grit","Bludgeon"],"picked":"Inflame+1","floor":10},{"not_picked":["Heavy Blade","Clothesline"],"picked":"Juggernaut+1","floor":12},{"not_picked":["Iron Wave","Heavy Blade"],"picked":"Battle Trance","floor":14},{"not_picked":["Exhume","Fiend Fire"],"picked":"Feed","floor":16},{"not_picked":["Intimidate","Flex"],"picked":"Clothesline+1","floor":18},{"not_picked":["Carnage","Pommel Strike","Havoc"],"picked":"SKIP","floor":19},{"not_picked":["Rage","Iron Wave"],"picked":"True Grit","floor":22},{"not_picked":["Carnage+1","Second Wind"],"picked":"Shrug It Off","floor":24}],"player_experience":1154970,"relics_obtained":[{"floor":7,"key":"Frozen Egg 2"},{"floor":9,"key":"Vajra"},{"floor":12,"key":"Thread and Needle"},{"floor":24,"key":"Darkstone Periapt"},{"floor":26,"key":"Juzu Bracelet"}],"event_choices":[{"damage_healed":0,"gold_gain":0,"player_choice":"Box","damage_taken":0,"relics_obtained":["Red Skull"],"max_hp_gain":0,"max_hp_loss":0,"event_name":"Big Fish","floor":2,"gold_loss":0,"cards_obtained":["Regret"]},{"cards_removed":["Strike_R"],"damage_healed":0,"gold_gain":0,"player_choice":"Purged","damage_taken":0,"max_hp_gain":0,"max_hp_loss":0,"event_name":"Purifier","floor":13,"gold_loss":0},{"damage_healed":0,"gold_gain":0,"player_choice":"Shed Blood","damage_taken":27,"max_hp_gain":5,"max_hp_loss":0,"event_name":"Forgotten Altar","floor":20,"gold_loss":0},{"damage_healed":0,"gold_gain":0,"player_choice":"Trade","damage_taken":0,"relics_obtained":["GremlinMask"],"max_hp_gain":0,"max_hp_loss":0,"event_name":"FaceTrader","floor":25,"gold_loss":0}],"is_beta":false,"boss_relics":[{"not_picked":["Runic Dome","Busted Crown"],"picked":"Ectoplasm"}],"items_purged_floors":[4,21],"is_endless":false,"potions_floor_spawned":[1,3,8,12,14,18,19,22],"killed_by":"Gremlin Leader","ascension_level":20}