{"gold_per_floor":[118,130,130,305,322,322,349,349],"floor_reached":8,"playtime":673,"items_purged":[],"score":59,"play_id":"4d5ac2c7-da5a-4227-8ffc-ef301bd10469","local_time":"20181209195153","is_ascension_mode":true,"campfire_choices":[{"data":"Neutralize","floor":6,"key":"SMITH"}],"neow_cost":"NONE","seed_source_timestamp":180310811688706,"circlet_count":0,"master_deck":["Defend_G","Defend_G","Defend_G","Defend_G","Defend_G","Strike_G","Strike_G","Strike_G","Strike_G","Strike_G","Survivor","Neutralize+1","Leg Sweep","Doubt","Flechettes","Well Laid Plans"],"relics":["Ring of the Snake","Ancient Tea Set","Centennial Puzzle"],"potions_floor_usage":[7,7],"damage_taken":[{"damage":1,"enemies":"2 Louse","floor":1,"turns":3},{"damage":2,"enemies":"Jaw Worm","floor":2,"turns":5},{"damage":0,"enemies":"Cultist","floor":5,"turns":5},{"damage":33,"enemies":"Gremlin Nob","floor":7,"turns":6},{"damage":7,"enemies":"Large Slime","floor":8,"turns":6}],"seed_played":"-5697752973950225305","potions_obtained":[{"floor":2,"key":"SkillPotion"},{"floor":5,"key":"Strength Potion"},{"floor":7,"key":"GamblersBrew"}],"is_trial":false,"path_per_floor":["M","M","?","?","M","R","E","M"],"character_chosen":"THE_SILENT","items_purchased":[],"campfire_rested":0,"item_purchase_floors":[],"current_hp_per_floor":[69,67,67,67,67,67,34,27],"gold":349,"neow_bonus":"RANDOM_COMMON_RELIC","is_prod":false,"is_daily":false,"chose_seed":false,"campfire_upgraded":1,"win_rate":0,"timestamp":1544406713,"path_taken":["M","M","?","?","M","R","E","M"],"build_version":"2018-12-06","purchased_purges":0,"victory":false,"max_hp_per_floor":[70,70,70,70,70,70,70,70],"card_choices":[{"not_picked":["Bane","Catalyst","Expertise"],"picked":"SKIP","floor":1},{"not_picked":["Concentrate","Deadly Poison"],"picked":"Leg Sweep","floor":2},{"not_picked":["Terror","Poisoned Stab"],"picked":"Flechettes","floor":5},{"not_picked":["Poisoned Stab","Infinite Blades"],"picked":"Well Laid Plans","floor":7}],"player_experience":291830,"relics_obtained":[{"floor":7,"key":"Centennial Puzzle"}],"event_choices":[{"damage_healed":0,"gold_gain":0,"player_choice":"Fled","damage_taken":0,"max_hp_gain":0,"max_hp_loss":0,"event_name":"Scrap Ooze","floor":3,"gold_loss":0},{"damage_healed":0,"gold_gain":175,"player_choice":"AGREE","damage_taken":0,"max_hp_gain":0,"max_hp_loss":0,"event_name":"Liars Game","floor":4,"gold_loss":0,"cards_obtained":["Doubt"]}],"is_beta":false,"boss_relics":[],"items_purged_floors":[],"is_endless":false,"potions_floor_spawned":[2,5,7],"killed_by":"Large Slime","ascension_level":1}