{"gold_per_floor":[116,291,35,46,58,58,85,102,174,192,226,167,202,215,215,319,319,334,334,352,139,152,152,187,187,187,187,187,217,217,217],"floor_reached":31,"playtime":3131,"items_purged":["Doubt","Strike_G"],"score":394,"play_id":"2dc261eb-22b9-4088-8d52-4103d9280944","local_time":"20181128212836","is_ascension_mode":true,"campfire_choices":[{"data":"Apotheosis","floor":6.0,"key":"SMITH"},{"floor":15.0,"key":"REST"},{"floor":23.0,"key":"REST"},{"data":"Accuracy","floor":25.0,"key":"SMITH"}],"neow_cost":"NONE","seed_source_timestamp":0,"circlet_count":0,"master_deck":["Defend_G","Defend_G","Defend_G","Defend_G","Defend_G","Strike_G","Strike_G","Strike_G","Strike_G","Survivor","Neutralize","Dagger Throw","Apotheosis+1","All Out Attack","Crippling Poison","Footwork","Cloak And Dagger","Outmaneuver","Blur","Acrobatics","Tools of the Trade","Caltrops","Blade Dance+1","Accuracy+1","Escape Plan","Blade Dance+1"],"special_seed":0,"relics":["Sozu","Tingsha","Bronze Scales","Matryoshka","Art of War","Black Star","Regal Pillow","Juzu Bracelet","Toxic Egg 2","Dream Catcher","Frozen Egg 2","Blue Candle","Omamori","Dodecahedron"],"potions_floor_usage":[],"damage_taken":[{"damage":0.0,"enemies":"2 Louse","floor":1.0,"turns":3.0},{"damage":0.0,"enemies":"Cultist","floor":4.0,"turns":4.0},{"damage":0.0,"enemies":"Small Slimes","floor":5.0,"turns":2.0},{"damage":8.0,"enemies":"3 Sentries","floor":7.0,"turns":7.0},{"damage":2.0,"enemies":"2 Fungi Beasts","floor":8.0,"turns":2.0},{"damage":0.0,"enemies":"Looter","floor":10.0,"turns":2.0},{"damage":15.0,"enemies":"Lagavulin","floor":11.0,"turns":6.0},{"damage":14.0,"enemies":"Gremlin Nob","floor":13.0,"turns":3.0},{"damage":0.0,"enemies":"Exordium Thugs","floor":14.0,"turns":3.0},{"damage":0.0,"enemies":"Slime Boss","floor":16.0,"turns":7.0},{"damage":0.0,"enemies":"Chosen","floor":18.0,"turns":4.0},{"damage":10.0,"enemies":"Colosseum Slavers","floor":19.0,"turns":5.0},{"damage":1.0,"enemies":"Spheric Guardian","floor":20.0,"turns":4.0},{"damage":10.0,"enemies":"Cultist and Chosen","floor":22.0,"turns":6.0},{"damage":18.0,"enemies":"Slavers","floor":24.0,"turns":4.0},{"damage":8,"enemies":"Gremlin Leader","floor":29,"turns":5},{"damage":34,"enemies":"Slavers","floor":31,"turns":3}],"seed_played":"-3774465564390273849","potions_obtained":[],"is_trial":false,"path_per_floor":["M","?","$","M","M","R","E","M","T","M","E","?","E","M","R","B",null,"M","?","M","$","M","R","E","R","T","?","?","E","T","E"],"character_chosen":"THE_SILENT","items_purchased":["Apotheosis","Accuracy","Escape Plan"],"campfire_rested":2,"item_purchase_floors":[3,21,21],"current_hp_per_floor":[70,70,70,70,70,70,62,60,60,60,45,45,31,31,52,52,70,70,60,59,59,49,70,52,52,52,52,39,31,31,0],"gold":217,"neow_bonus":"BOSS_RELIC","is_prod":false,"is_daily":false,"chose_seed":false,"campfire_upgraded":2,"win_rate":0,"timestamp":1543458516,"path_taken":["M","?","$","M","M","R","E","M","T","M","E","?","E","?","R","BOSS","M","?","M","$","M","R","E","R","T","?","?","E","?","E"],"build_version":"2018-11-15","purchased_purges":2,"victory":false,"max_hp_per_floor":[70,70,70,70,70,70,70,70,70,70,70,70,70,70,70,70,70,70,70,70,70,70,70,70,70,70,70,75,75,75,75],"card_choices":[{"not_picked":["PiercingWail","Dodge and Roll"],"picked":"Dagger Throw","floor":1.0},{"not_picked":["Outmaneuver","Dodge and Roll"],"picked":"All Out Attack","floor":4.0},{"not_picked":["Sucker Punch","Blade Dance"],"picked":"Crippling Poison","floor":5.0},{"not_picked":["Finisher","Underhanded Strike","Deadly Poison"],"picked":"SKIP","floor":7.0},{"not_picked":["PiercingWail","Dagger Spray"],"picked":"Footwork","floor":8.0},{"not_picked":["Riddle With Holes","Blade Dance"],"picked":"Cloak And Dagger","floor":10.0},{"not_picked":["Eviscerate","Bullet Time"],"picked":"Outmaneuver","floor":11.0},{"not_picked":["Slice","Terror"],"picked":"Blur","floor":13.0},{"not_picked":["Dodge and Roll","PiercingWail"],"picked":"Acrobatics","floor":14.0},{"not_picked":["Glass Knife","Malaise"],"picked":"Tools of the Trade","floor":16.0},{"not_picked":["Deflect","Deadly Poison"],"picked":"Caltrops","floor":18.0},{"not_picked":["Noxious Fumes","All Out Attack"],"picked":"Blade Dance+1","floor":20.0},{"not_picked":["Acrobatics","Bane","Dagger Spray"],"picked":"SKIP","floor":22.0},{"not_picked":["Outmaneuver","Flying Knee+1","Noxious Fumes+1"],"picked":"SKIP","floor":24.0},{"not_picked":["Endless Agony","Slice"],"picked":"Blade Dance+1","floor":29}],"player_experience":79701,"relics_obtained":[{"floor":7.0,"key":"Tingsha"},{"floor":11.0,"key":"Bronze Scales"},{"floor":13.0,"key":"Art of War"},{"floor":24.0,"key":"Regal Pillow"},{"floor":24.0,"key":"Juzu Bracelet"},{"floor":26,"key":"Toxic Egg 2"},{"floor":26,"key":"Dream Catcher"},{"floor":29,"key":"Frozen Egg 2"},{"floor":29,"key":"Blue Candle"},{"floor":30,"key":"Omamori"},{"floor":30,"key":"Dodecahedron"}],"event_choices":[{"damage_healed":0.0,"max_hp_gain":0.0,"max_hp_loss":0.0,"gold_gain":175.0,"event_name":"Liars Game","player_choice":"AGREE","floor":2.0,"gold_loss":0.0,"damage_taken":0.0,"cards_obtained":["Doubt"]},{"damage_healed":0.0,"max_hp_gain":0.0,"max_hp_loss":0.0,"gold_gain":0.0,"event_name":"WeMeetAgain","player_choice":"Paid Gold","floor":12.0,"gold_loss":59.0,"damage_taken":0.0,"relics_obtained":["Matryoshka"]},{"damage_healed":0.0,"max_hp_gain":0.0,"max_hp_loss":0.0,"gold_gain":0.0,"event_name":"Colosseum","player_choice":"Fight","floor":19.0,"gold_loss":0.0,"damage_taken":0.0},{"damage_healed":0.0,"max_hp_gain":0.0,"max_hp_loss":0.0,"gold_gain":0.0,"event_name":"Colosseum","player_choice":"Fled From Nobs","floor":19.0,"gold_loss":0.0,"damage_taken":0.0},{"damage_healed":0,"gold_gain":0,"player_choice":"Ignored","damage_taken":0,"max_hp_gain":0,"max_hp_loss":0,"event_name":"Vampires","floor":27,"gold_loss":0},{"damage_healed":0,"gold_gain":0,"player_choice":"Shed Blood","damage_taken":18,"max_hp_gain":5,"max_hp_loss":0,"event_name":"Forgotten Altar","floor":28,"gold_loss":0}],"is_beta":false,"boss_relics":[{"not_picked":["Eternal Feather","Pandora\u0027s Box"],"picked":"Black Star"}],"items_purged_floors":[3,21],"is_endless":false,"potions_floor_spawned":[4,8,13,14,19,20,29],"killed_by":"Slavers","ascension_level":3}