{"gold_per_floor":[17,17,92,92,92,92,107,122,122,122,137,147,162,162,162,162],"floor_reached":16,"playtime":464,"items_purged":[],"score":161,"play_id":"5d116427-61a1-4564-99e1-0beb4731e3f8","local_time":"20190121163407","is_ascension_mode":true,"campfire_choices":[{"floor":6,"key":"REST"},{"data":"Cloak And Dagger","floor":10,"key":"SMITH"},{"data":"All Out Attack","floor":15,"key":"SMITH"}],"neow_cost":"NO_GOLD","seed_source_timestamp":1439308272839225,"circlet_count":0,"master_deck":["AscendersBane","Defend_G","Defend_G","Defend_G","Defend_G","Defend_G","Strike_G","Strike_G","Strike_G","Strike_G","Strike_G","Survivor","Neutralize+1","Bullet Time+1","Dagger Throw","Cloak And Dagger+1","Cloak And Dagger","Crippling Poison","Escape Plan","All Out Attack+1"],"relics":["Ring of the Snake","Snake Skull","Bag of Preparation","Golden Idol"],"potions_floor_usage":[16,16],"damage_taken":[{"damage":8,"enemies":"Small Slimes","floor":1,"turns":5},{"damage":0,"enemies":"2 Louse","floor":7,"turns":2},{"damage":0,"enemies":"Cultist","floor":8,"turns":3},{"damage":0,"enemies":"2 Fungi Beasts","floor":11,"turns":3},{"damage":0,"enemies":"Blue Slaver","floor":12,"turns":3},{"damage":0,"enemies":"3 Louse","floor":13,"turns":3},{"damage":57,"enemies":"Slime Boss","floor":16,"turns":7}],"seed_played":"-7311743342383521659","potions_obtained":[{"floor":8,"key":"Swift Potion"},{"floor":11,"key":"Weak Potion"}],"is_trial":false,"path_per_floor":["M","?","?","?","?","R","M","M","T","R","M","M","M","?","R","B"],"character_chosen":"THE_SILENT","items_purchased":[],"campfire_rested":1,"item_purchase_floors":[],"current_hp_per_floor":[51,51,40,29,29,48,48,48,48,48,48,48,48,48,48,0],"gold":162,"neow_bonus":"THREE_RARE_CARDS","is_prod":false,"is_daily":false,"chose_seed":false,"campfire_upgraded":2,"win_rate":0,"timestamp":1548056047,"path_taken":["M","?","?","?","?","R","M","M","T","R","M","?","M","?","R","BOSS"],"build_version":"2019-01-17v2","purchased_purges":0,"victory":false,"max_hp_per_floor":[66,66,66,66,66,66,66,66,66,66,66,66,66,60,60,60],"card_choices":[{"not_picked":["After Image","Grand Finale"],"picked":"Bullet Time","floor":0},{"not_picked":["Heel Hook","Deadly Poison"],"picked":"Dagger Throw","floor":1},{"not_picked":["Slice","Poisoned Stab"],"picked":"Cloak And Dagger","floor":7},{"not_picked":["Poisoned Stab","Accuracy"],"picked":"Cloak And Dagger","floor":8},{"not_picked":["Underhanded Strike","Storm of Steel"],"picked":"Crippling Poison","floor":11},{"not_picked":["Setup","Cloak And Dagger"],"picked":"Escape Plan","floor":12},{"not_picked":["Reflex","Bouncing Flask"],"picked":"All Out Attack","floor":13}],"player_experience":418421,"relics_obtained":[{"floor":9,"key":"Bag of Preparation"}],"event_choices":[{"damage_healed":0,"gold_gain":0,"player_choice":"Grow","damage_taken":0,"max_hp_gain":0,"max_hp_loss":0,"event_name":"Living Wall","floor":2,"gold_loss":0,"cards_upgraded":["Neutralize"]},{"damage_healed":0,"gold_gain":75,"player_choice":"Gather Gold","damage_taken":11,"max_hp_gain":0,"max_hp_loss":0,"event_name":"World of Goop","floor":3,"gold_loss":0},{"damage_healed":0,"gold_gain":0,"player_choice":"Success","damage_taken":11,"relics_obtained":["Snake Skull"],"max_hp_gain":0,"max_hp_loss":0,"event_name":"Scrap Ooze","floor":4,"gold_loss":0},{"damage_healed":0,"gold_gain":0,"player_choice":"Upgraded","damage_taken":0,"max_hp_gain":0,"max_hp_loss":0,"event_name":"Upgrade Shrine","floor":5,"gold_loss":0,"cards_upgraded":["Bullet Time"]},{"damage_healed":0,"gold_gain":0,"player_choice":"Lose Max HP","damage_taken":0,"relics_obtained":["Golden Idol"],"max_hp_gain":0,"max_hp_loss":6,"event_name":"Golden Idol","floor":14,"gold_loss":0}],"is_beta":false,"boss_relics":[],"items_purged_floors":[],"is_endless":false,"potions_floor_spawned":[8,11],"killed_by":"Slime Boss","ascension_level":15}