{"gold_per_floor":[219,234,246,260,260,292,292,325,325,341,46,46,63,63,63,63],"floor_reached":16,"playtime":1488,"items_purged":[],"score":129,"play_id":"1eaff890-19ef-44b8-b45d-332d0c484828","local_time":"20190524211452","is_ascension_mode":true,"campfire_choices":[{"floor":7.0,"key":"REST"},{"data":"Entrench","floor":12.0,"key":"SMITH"},{"floor":15.0,"key":"REST"}],"neow_cost":"NONE","seed_source_timestamp":273930319914100,"circlet_count":0,"master_deck":["Strike_R","Strike_R","Strike_R","Strike_R","Strike_R","Defend_R","Defend_R","Defend_R","Defend_R","Bash","Iron Wave","Armaments","Entrench+1","Twin Strike","Regret","Rampage","Iron Wave","Seeing Red"],"special_seed":0,"relics":["Burning Blood","Bag of Marbles","Dodecahedron","WingedGreaves","Lantern","Dream Catcher"],"potions_floor_usage":[16,16],"damage_taken":[{"damage":12.0,"enemies":"Cultist","floor":1.0,"turns":6.0},{"damage":1.0,"enemies":"2 Louse","floor":2.0,"turns":3.0},{"damage":0.0,"enemies":"Small Slimes","floor":3.0,"turns":5.0},{"damage":2.0,"enemies":"2 Fungi Beasts","floor":4.0,"turns":5.0},{"damage":74.0,"enemies":"Lagavulin","floor":6.0,"turns":12.0},{"damage":25.0,"enemies":"Gremlin Nob","floor":8.0,"turns":4.0},{"damage":12.0,"enemies":"Red Slaver","floor":10.0,"turns":4.0},{"damage":10.0,"enemies":"Large Slime","floor":13.0,"turns":6.0},{"damage":45,"enemies":"Slime Boss","floor":16,"turns":8}],"seed_played":"4985744763546634679","potions_obtained":[{"floor":1.0,"key":"Regen Potion"},{"floor":4.0,"key":"Weak Potion"},{"floor":6.0,"key":"EssenceOfSteel"},{"floor":8.0,"key":"Weak Potion"}],"is_trial":false,"path_per_floor":["M","M","M","M","?","E","R","E","T","M","$","R","M","?","R","B"],"character_chosen":"IRONCLAD","items_purchased":["Lantern","Dream Catcher"],"campfire_rested":2,"item_purchase_floors":[11,11],"current_hp_per_floor":[74,79,80,80,80,12,36,17,17,11,11,11,7,7,31,0],"gold":63,"neow_bonus":"HUNDRED_GOLD","is_prod":false,"is_daily":false,"chose_seed":false,"campfire_upgraded":1,"win_rate":0,"timestamp":1558757692,"path_taken":["M","M","M","?","?","E","R","E","T","M","$","R","M","?","R","BOSS"],"build_version":"2019-01-23","purchased_purges":0,"victory":false,"max_hp_per_floor":[80,80,80,80,80,80,80,80,80,80,80,80,80,80,80,80],"card_choices":[{"not_picked":["Uppercut","Spot Weakness"],"picked":"Iron Wave","floor":1.0},{"not_picked":["Burning Pact","Clash"],"picked":"Armaments","floor":2.0},{"not_picked":["Iron Wave","Twin Strike"],"picked":"Entrench","floor":3.0},{"not_picked":["Warcry","Armaments"],"picked":"Twin Strike","floor":4.0},{"not_picked":["Sever Soul","Headbutt","Burning Pact"],"picked":"SKIP","floor":6.0},{"not_picked":["Bloodletting","Warcry","Wild Strike"],"picked":"SKIP","floor":8.0},{"not_picked":["Seeing Red","Shockwave"],"picked":"Rampage","floor":10.0},{"not_picked":["Ghostly Armor","Sever Soul"],"picked":"Iron Wave","floor":13.0},{"not_picked":["Impervious","True Grit"],"picked":"Seeing Red","floor":15.0}],"player_experience":77991,"relics_obtained":[{"floor":6.0,"key":"Dodecahedron"},{"floor":8.0,"key":"WingedGreaves"}],"event_choices":[{"damage_healed":0.0,"max_hp_gain":0.0,"max_hp_loss":0.0,"gold_gain":0.0,"event_name":"Big Fish","player_choice":"Box","floor":5.0,"gold_loss":0.0,"damage_taken":0.0,"relics_obtained":["Bag of Marbles"],"cards_obtained":["Regret"]},{"damage_healed":0.0,"max_hp_gain":0.0,"max_hp_loss":0.0,"gold_gain":0.0,"event_name":"FaceTrader","player_choice":"Leave","floor":14.0,"gold_loss":0.0,"damage_taken":0.0}],"is_beta":false,"boss_relics":[],"items_purged_floors":[],"is_endless":false,"potions_floor_spawned":[1,4,6,8],"killed_by":"Slime Boss","ascension_level":3}