{"gold_per_floor":[112,112,112,8,18,18,49,49,49,65,65,11,44,62,62,167,167,182,33,45,63,15,47,47,77,77,57,89,109,109,122,122,219,219,236,252,1,1,13,13,38,38,38,38,71,91,91,110,110,110],"floor_reached":51,"playtime":4627,"items_purged":["Strike_R","Strike_R"],"score":1363,"play_id":"453706aa-0131-45f1-925e-5124ed826c9a","local_time":"20190329034505","is_ascension_mode":true,"campfire_choices":[{"data":"Bash","floor":6,"key":"SMITH"},{"data":"True Grit","floor":8,"key":"SMITH"},{"data":"Sword Boomerang","floor":11,"key":"SMITH"},{"floor":15,"key":"REST"},{"floor":24,"key":"REST"},{"floor":30,"key":"REST"},{"data":"Fiend Fire","floor":32,"key":"SMITH"},{"data":"Fiend Fire","floor":40,"key":"SMITH"},{"data":"Sentinel","floor":44,"key":"SMITH"},{"data":"Flex","floor":47,"key":"SMITH"},{"data":"Flex","floor":49,"key":"SMITH"}],"neow_cost":"NONE","seed_source_timestamp":529094373531120,"circlet_count":0,"master_deck":["Strike_R","Strike_R","Defend_R","Defend_R","Defend_R","Defend_R","Bash+1","Sword Boomerang+1","Fire Breathing+1","Rampage","True Grit+1","Corruption+1","Thunderclap","Warcry","Fiend Fire+1","Shrug It Off","Sentinel+1","Armaments+1","Flex+1","Spot Weakness","Shrug It Off","Dark Embrace+1","Shrug It Off+1","Infernal Blade","Fiend Fire+1","Ghostly Armor+1","Flex+1","Shrug It Off","Warcry","Hemokinesis","Seeing Red+1","Body Slam+1","Intimidate+1"],"relics":["Burning Blood","Omamori","Frozen Egg 2","Red Skull","Dead Branch","Gambling Chip","Bronze Scales","White Beast Statue","Pen Nib","Smiling Mask","Shuriken","Regal Pillow","Black Star","PreservedInsect","Incense Burner","Art of War","Bottled Tornado","Dream Catcher","Ancient Tea Set"],"potions_floor_usage":[7,16,18,21,23,25,28,28,31,33,35,39,50,50],"damage_taken":[{"damage":1,"enemies":"Cultist","floor":1,"turns":4},{"damage":7,"enemies":"Jaw Worm","floor":5,"turns":3},{"damage":26,"enemies":"3 Sentries","floor":7,"turns":8},{"damage":3,"enemies":"Small Slimes","floor":10,"turns":3},{"damage":27,"enemies":"Gremlin Nob","floor":13,"turns":4},{"damage":1,"enemies":"Gremlin Gang","floor":14,"turns":2},{"damage":24,"enemies":"The Guardian","floor":16,"turns":9},{"damage":30,"enemies":"Shell Parasite","floor":18,"turns":4},{"damage":0,"enemies":"Spheric Guardian","floor":20,"turns":2},{"damage":40,"enemies":"Centurion and Healer","floor":21,"turns":3},{"damage":0,"enemies":"Gremlin Leader","floor":23,"turns":3},{"damage":27,"enemies":"Book of Stabbing","floor":25,"turns":4},{"damage":3,"enemies":"Gremlin Leader","floor":28,"turns":2},{"damage":6,"enemies":"Sentry and Sphere","floor":29,"turns":3},{"damage":0,"enemies":"Cultist and Chosen","floor":31,"turns":2},{"damage":31,"enemies":"Champ","floor":33,"turns":5},{"damage":0,"enemies":"3 Shapes","floor":35,"turns":5},{"damage":3,"enemies":"3 Darklings","floor":36,"turns":3},{"damage":15,"enemies":"Writhing Mass","floor":39,"turns":3},{"damage":0,"enemies":"Giant Head","floor":41,"turns":1},{"damage":1,"enemies":"Reptomancer","floor":45,"turns":2},{"damage":4,"enemies":"Maw","floor":46,"turns":2},{"damage":0,"enemies":"Sphere and 2 Shapes","floor":48,"turns":2},{"damage":15,"enemies":"Donu and Deca","floor":50,"turns":2}],"seed_played":"-6035743803919196740","potions_obtained":[{"floor":1,"key":"Weak Potion"},{"floor":5,"key":"SkillPotion"},{"floor":14,"key":"Energy Potion"},{"floor":18,"key":"Dexterity Potion"},{"floor":20,"key":"PowerPotion"},{"floor":21,"key":"PowerPotion"},{"floor":23,"key":"Swift Potion"},{"floor":25,"key":"GamblersBrew"},{"floor":27,"key":"Strength Potion"},{"floor":28,"key":"Swift Potion"},{"floor":29,"key":"Explosive Potion"},{"floor":31,"key":"Dexterity Potion"},{"floor":33,"key":"Swift Potion"},{"floor":35,"key":"FearPotion"},{"floor":36,"key":"Weak Potion"},{"floor":39,"key":"Regen Potion"},{"floor":41,"key":"SkillPotion"}],"is_trial":false,"path_per_floor":["M","?","T","$","M","R","E","R","T","M","R","$","E","M","R","B",null,"M","$","M","M","$","E","R","E","T","?","E","M","R","M","R","B",null,"M","M","$","?","M","R","E","?","T","R","E","M","R","M","R","B",null],"character_chosen":"IRONCLAD","items_purchased":["Fire Breathing+1","Rampage","Warcry","Sentinel","Flex","PreservedInsect","Shrug It Off"],"campfire_rested":3,"item_purchase_floors":[4,4,12,19,22,37,37],"current_hp_per_floor":[77,65,65,65,64,64,44,44,44,47,47,47,26,31,55,37,69,45,45,51,17,17,23,47,26,26,26,29,29,68,74,74,49,72,78,80,80,76,67,67,73,73,73,73,76,76,76,76,76,67],"gold":110,"neow_bonus":"RANDOM_COMMON_RELIC","is_prod":false,"is_daily":false,"chose_seed":false,"campfire_upgraded":8,"win_rate":0,"timestamp":1553845505,"path_taken":["M","?","?","$","M","R","E","R","T","M","R","$","E","M","R","BOSS","M","?","M","M","$","E","R","E","T","?","E","M","R","M","R","BOSS","M","M","$","?","M","R","E","?","T","R","E","M","R","?","R","BOSS"],"build_version":"2019-01-23","purchased_purges":2,"victory":true,"max_hp_per_floor":[80,80,80,80,80,80,80,80,80,80,80,80,80,80,80,80,80,80,80,80,80,80,80,80,80,80,80,80,80,80,80,80,80,80,80,80,80,76,76,76,76,76,76,76,76,76,76,76,76,76],"card_choices":[{"not_picked":["Rupture","Flex"],"picked":"Sword Boomerang","floor":1},{"not_picked":["Sentinel","Warcry"],"picked":"True Grit","floor":5},{"not_picked":["Perfected Strike","Sword Boomerang"],"picked":"Corruption+1","floor":7},{"not_picked":["Limit Break","Clash"],"picked":"Thunderclap","floor":10},{"not_picked":["Uppercut","Heavy Blade","Twin Strike"],"picked":"SKIP","floor":13},{"not_picked":["Iron Wave","Sword Boomerang","Heavy Blade"],"picked":"SKIP","floor":14},{"not_picked":["Double Tap","Feed"],"picked":"Fiend Fire","floor":16},{"not_picked":["Pommel Strike+1","Headbutt"],"picked":"Shrug It Off","floor":18},{"not_picked":["Blood for Blood","Twin Strike","Iron Wave"],"picked":"SKIP","floor":20},{"not_picked":["Ghostly Armor","Havoc"],"picked":"Armaments+1","floor":21},{"not_picked":["Fire Breathing+1","Shockwave"],"picked":"Spot Weakness","floor":23},{"not_picked":["Power Through","Flex"],"picked":"Shrug It Off","floor":25},{"not_picked":["Perfected Strike","Clash"],"picked":"Dark Embrace+1","floor":28},{"not_picked":["Iron Wave","Cleave"],"picked":"Shrug It Off+1","floor":29},{"not_picked":["Sword Boomerang","Entrench"],"picked":"Infernal Blade","floor":31},{"not_picked":["Double Tap","Exhume"],"picked":"Fiend Fire","floor":33},{"not_picked":["Anger","Sword Boomerang+1"],"picked":"Ghostly Armor+1","floor":35},{"not_picked":["Sever Soul","Heavy Blade+1"],"picked":"Flex","floor":36},{"not_picked":["Dropkick","Wild Strike+1","Berserk+1"],"picked":"SKIP","floor":39},{"not_picked":["Clothesline","Pummel+1"],"picked":"Warcry","floor":41},{"not_picked":["Cleave+1","Sentinel"],"picked":"Seeing Red+1","floor":45},{"not_picked":["Hemokinesis","Flame Barrier+1"],"picked":"Body Slam+1","floor":46},{"not_picked":["Armaments","Headbutt"],"picked":"Intimidate+1","floor":48}],"player_experience":278164,"relics_obtained":[{"floor":3,"key":"Red Skull"},{"floor":7,"key":"Dead Branch"},{"floor":9,"key":"Gambling Chip"},{"floor":13,"key":"Bronze Scales"},{"floor":23,"key":"Pen Nib"},{"floor":25,"key":"Smiling Mask"},{"floor":26,"key":"Shuriken"},{"floor":28,"key":"Regal Pillow"},{"floor":41,"key":"Incense Burner"},{"floor":41,"key":"Art of War"},{"floor":43,"key":"Bottled Tornado"},{"floor":45,"key":"Dream Catcher"},{"floor":45,"key":"Ancient Tea Set"}],"event_choices":[{"damage_healed":0,"gold_gain":0,"player_choice":"Success","damage_taken":12,"relics_obtained":["Frozen Egg 2"],"max_hp_gain":0,"max_hp_loss":0,"event_name":"Scrap Ooze","floor":2,"gold_loss":0},{"damage_healed":0,"gold_gain":0,"player_choice":"Bought 1 Potion","damage_taken":0,"max_hp_gain":0,"max_hp_loss":0,"event_name":"The Woman in Blue","floor":27,"gold_loss":0},{"damage_healed":0,"gold_gain":0,"player_choice":"Max HP","damage_taken":0,"max_hp_gain":0,"max_hp_loss":4,"event_name":"Winding Halls","floor":38,"gold_loss":0},{"damage_healed":0,"gold_gain":0,"cards_transformed":["Strike_R"],"player_choice":"Transformed","damage_taken":0,"max_hp_gain":0,"max_hp_loss":0,"event_name":"Transmorgrifier","floor":42,"gold_loss":0,"cards_obtained":["Hemokinesis"]}],"is_beta":false,"boss_relics":[{"not_picked":["Runic Cube","Eternal Feather"],"picked":"White Beast Statue"},{"not_picked":["Snecko Eye","Sozu"],"picked":"Black Star"}],"items_purged_floors":[19,37],"is_endless":false,"potions_floor_spawned":[1,5,14,18,20,21,23,25,28,29,31,33,35,36,39,41,45,46,48],"ascension_level":9}