{"gold_per_floor":[111,111,126,141,158,187,152,152,178,178,190,201,1,21,21,21],"floor_reached":16,"playtime":623,"items_purged":[],"score":104,"play_id":"337006b2-8268-4bf3-90d8-a33a1e58247a","local_time":"20190130202218","is_ascension_mode":false,"campfire_choices":[{"floor":8,"key":"RECALL"},{"data":"Combust","floor":15,"key":"SMITH"}],"neow_cost":"NONE","seed_source_timestamp":114511985607151,"circlet_count":0,"master_deck":["Strike_R","Strike_R","Strike_R","Strike_R","Strike_R","Defend_R","Defend_R","Defend_R","Defend_R","Bash","Inflame","Evolve","Shrug It Off","Shrug It Off","Sword Boomerang","Combust+1","Infernal Blade"],"relics":["Burning Blood","NeowsBlessing","CultistMask","Pen Nib","Vajra","Red Skull","HandDrill"],"potions_floor_usage":[],"damage_taken":[{"damage":0,"enemies":"Jaw Worm","floor":1,"turns":1},{"damage":0,"enemies":"Cultist","floor":3,"turns":1},{"damage":0,"enemies":"2 Louse","floor":4,"turns":1},{"damage":8,"enemies":"2 Fungi Beasts","floor":5,"turns":4},{"damage":43,"enemies":"Gremlin Nob","floor":6,"turns":6},{"damage":29,"enemies":"Gremlin Gang","floor":11,"turns":6},{"damage":7,"enemies":"Exordium Wildlife","floor":12,"turns":3},{"damage":2,"enemies":"Large Slime","floor":14,"turns":4},{"damage":45,"enemies":"The Guardian","floor":16,"turns":12}],"seed_played":"-4201982193515494413","potions_obtained":[{"floor":6,"key":"Explosive Potion"},{"floor":11,"key":"Dexterity Potion"}],"is_trial":false,"path_per_floor":["M","?","M","M","M","E","?","R","T","?","M","M","$","M","R","B"],"character_chosen":"IRONCLAD","items_purchased":["HandDrill"],"campfire_rested":0,"item_purchase_floors":[13],"current_hp_per_floor":[80,80,80,80,78,41,61,61,61,61,38,37,37,41,41,0],"gold":21,"neow_bonus":"THREE_ENEMY_KILL","is_prod":false,"is_daily":false,"chose_seed":false,"campfire_upgraded":1,"win_rate":0,"timestamp":1548876138,"path_taken":["M","?","?","?","M","E","?","R","T","?","?","M","$","M","R","BOSS"],"build_version":"2019-01-23","purchased_purges":0,"victory":false,"max_hp_per_floor":[80,80,80,80,80,80,80,80,80,80,80,80,80,80,80,80],"card_choices":[{"not_picked":["Clothesline","Perfected Strike"],"picked":"Inflame","floor":1},{"not_picked":["Twin Strike","Havoc"],"picked":"Evolve","floor":3},{"not_picked":["Reckless Charge","Flex"],"picked":"Shrug It Off","floor":4},{"not_picked":["Wild Strike","Twin Strike","Flex"],"picked":"SKIP","floor":5},{"not_picked":["Berserk","Headbutt"],"picked":"Shrug It Off","floor":6},{"not_picked":["Feel No Pain","Pommel Strike"],"picked":"Sword Boomerang","floor":11},{"not_picked":["Headbutt","Flex"],"picked":"Combust","floor":12},{"not_picked":["Body Slam","Headbutt"],"picked":"Infernal Blade","floor":14}],"player_experience":234373,"relics_obtained":[{"floor":6,"key":"Pen Nib"},{"floor":9,"key":"Vajra"}],"event_choices":[{"damage_healed":0,"gold_gain":0,"player_choice":"Trade","damage_taken":0,"relics_obtained":["CultistMask"],"max_hp_gain":0,"max_hp_loss":0,"event_name":"FaceTrader","floor":2,"gold_loss":0},{"damage_healed":20,"gold_gain":0,"player_choice":"Healed","damage_taken":0,"max_hp_gain":0,"max_hp_loss":0,"event_name":"The Cleric","floor":7,"gold_loss":35},{"damage_healed":0,"gold_gain":0,"player_choice":"Gave Potion","damage_taken":0,"relics_obtained":["Red Skull"],"max_hp_gain":0,"max_hp_loss":0,"event_name":"WeMeetAgain","floor":10,"gold_loss":0}],"is_beta":false,"boss_relics":[],"items_purged_floors":[],"is_endless":false,"potions_floor_spawned":[6,11],"killed_by":"The Guardian","ascension_level":0}