{"gold_per_floor":[113,63,63,80,80,110,110,35,59,76,87,87,102,102,102,201,201,219,219,219,235,81,106,106,126,126,126,53,53,53,152,152,152],"floor_reached":33,"playtime":711,"items_purged":["Shame"],"score":286,"play_id":"2df262c5-23f9-40e8-b54a-f5de71d00081","local_time":"20190126110703","is_ascension_mode":false,"campfire_choices":[{"data":"Whirlwind","floor":7,"key":"SMITH"},{"data":"Clash","floor":12,"key":"SMITH"},{"data":"Inflame","floor":15,"key":"SMITH"},{"data":"Disarm","floor":24,"key":"SMITH"},{"data":"Disarm","floor":29,"key":"SMITH"},{"floor":32,"key":"REST"}],"neow_cost":"NONE","seed_source_timestamp":85084010940400,"circlet_count":0,"master_deck":["Strike_R+1","Strike_R+1","Strike_R+1","Defend_R+1","Defend_R+1","Defend_R+1","Defend_R+1","Bash","Clash","Whirlwind+1","Clash+1","Inflame+1","Cleave","Feed","Shrug It Off","Disarm+1","Metallicize","Infernal Blade","Shockwave","Disarm+1","Exhume"],"relics":["Burning Blood","NeowsBlessing","Vajra","Juzu Bracelet","Ancient Tea Set","MutagenicStrength","Dream Catcher","Blue Candle"],"potions_floor_usage":[11,18,33,33,33],"damage_taken":[{"damage":0,"enemies":"2 Louse","floor":1,"turns":1},{"damage":0,"enemies":"Small Slimes","floor":4,"turns":1},{"damage":0,"enemies":"3 Sentries","floor":6,"turns":1},{"damage":0,"enemies":"Cultist","floor":10,"turns":3},{"damage":12,"enemies":"Exordium Thugs","floor":11,"turns":2},{"damage":12,"enemies":"Blue Slaver","floor":13,"turns":2},{"damage":43,"enemies":"Hexaghost","floor":16,"turns":6},{"damage":0,"enemies":"Shell Parasite","floor":18,"turns":2},{"damage":2,"enemies":"Chosen","floor":21,"turns":3},{"damage":44,"enemies":"Book of Stabbing","floor":23,"turns":7},{"damage":13,"enemies":"Shelled Parasite and Fungi","floor":25,"turns":5},{"damage":68,"enemies":"Collector","floor":33,"turns":10}],"seed_played":"-4136196251531986813","potions_obtained":[{"floor":1,"key":"Fire Potion"},{"floor":4,"key":"Block Potion"},{"floor":6,"key":"LiquidBronze"},{"floor":11,"key":"Fruit Juice"},{"floor":18,"key":"LiquidBronze"},{"floor":25,"key":"Weak Potion"}],"is_trial":false,"path_per_floor":["M","?","?","M","?","E","R","$","T","M","M","R","M","?","R","B",null,"M","?","?","M","$","E","R","M","T","?","$","R","$","?","R","B"],"character_chosen":"IRONCLAD","items_purchased":["Disarm","Metallicize","Disarm"],"campfire_rested":1,"item_purchase_floors":[22,22,28],"current_hp_per_floor":[80,80,55,61,61,67,67,67,67,73,72,72,66,66,66,29,85,85,85,85,85,85,47,47,40,40,40,40,40,40,40,65,0],"gold":152,"neow_bonus":"THREE_ENEMY_KILL","is_prod":false,"is_daily":false,"chose_seed":false,"campfire_upgraded":5,"win_rate":0,"timestamp":1548497223,"path_taken":["M","?","?","M","?","E","R","$","T","M","M","R","M","?","R","BOSS","M","?","?","M","$","E","R","M","T","?","?","R","$","?","R","BOSS"],"build_version":"2019-01-23","purchased_purges":1,"victory":false,"max_hp_per_floor":[80,80,80,80,80,80,80,80,80,80,85,85,85,85,85,85,85,85,85,85,85,85,85,85,85,85,85,85,85,85,85,85,85],"card_choices":[{"not_picked":["Sentinel","Warcry","Seeing Red"],"picked":"SKIP","floor":1},{"not_picked":["Wild Strike","Body Slam"],"picked":"Clash","floor":4},{"not_picked":["Reckless Charge","Fire Breathing"],"picked":"Whirlwind","floor":6},{"not_picked":["Ghostly Armor","Pummel"],"picked":"Clash","floor":10},{"not_picked":["Bloodletting","Anger"],"picked":"Inflame","floor":11},{"not_picked":["Sword Boomerang","Havoc"],"picked":"Cleave","floor":13},{"not_picked":["Offering","Double Tap"],"picked":"Feed","floor":16},{"not_picked":["Body Slam","Corruption","True Grit"],"picked":"SKIP","floor":18},{"not_picked":["Pummel","Ghostly Armor+1"],"picked":"Shrug It Off","floor":21},{"not_picked":["Flame Barrier","Heavy Blade+1"],"picked":"Infernal Blade","floor":23},{"not_picked":["Headbutt","Heavy Blade+1"],"picked":"Shockwave","floor":25},{"not_picked":["Armaments","Body Slam"],"picked":"Exhume","floor":32}],"player_experience":195001,"relics_obtained":[{"floor":6,"key":"Juzu Bracelet"},{"floor":9,"key":"Ancient Tea Set"},{"floor":23,"key":"Dream Catcher"},{"floor":26,"key":"Blue Candle"}],"event_choices":[{"cards_removed":["Strike_R"],"damage_healed":0,"gold_gain":0,"player_choice":"Card Removal","damage_taken":0,"max_hp_gain":0,"max_hp_loss":0,"event_name":"The Cleric","floor":2,"gold_loss":50},{"damage_healed":0,"gold_gain":0,"player_choice":"Success","damage_taken":25,"relics_obtained":["Vajra"],"max_hp_gain":0,"max_hp_loss":0,"event_name":"Scrap Ooze","floor":3,"gold_loss":0},{"damage_healed":0,"gold_gain":0,"player_choice":"1 cards matched","damage_taken":0,"max_hp_gain":0,"max_hp_loss":0,"event_name":"Match and Keep!","floor":5,"gold_loss":0,"cards_obtained":["Shame"]},{"cards_removed":["Strike_R"],"damage_healed":0,"gold_gain":0,"player_choice":"Offered Basic","damage_taken":0,"max_hp_gain":0,"max_hp_loss":0,"event_name":"Bonfire Elementals","floor":14,"gold_loss":0},{"damage_healed":0,"gold_gain":0,"player_choice":"Inject Mutagens","damage_taken":0,"relics_obtained":["MutagenicStrength"],"max_hp_gain":0,"max_hp_loss":0,"event_name":"Drug Dealer","floor":19,"gold_loss":0},{"damage_healed":0,"gold_gain":0,"player_choice":"Simplicity","damage_taken":0,"max_hp_gain":0,"max_hp_loss":0,"event_name":"Back to Basics","floor":20,"gold_loss":0,"cards_upgraded":["Strike_R","Strike_R","Strike_R","Defend_R","Defend_R","Defend_R","Defend_R"]},{"damage_healed":0,"gold_gain":0,"player_choice":"Ignored","damage_taken":0,"max_hp_gain":0,"max_hp_loss":0,"event_name":"Ghosts","floor":27,"gold_loss":0},{"damage_healed":0,"gold_gain":99,"player_choice":"Stole From Cult","damage_taken":0,"max_hp_gain":0,"max_hp_loss":0,"event_name":"Nest","floor":31,"gold_loss":0}],"is_beta":false,"boss_relics":[{"not_picked":["Ectoplasm","Runic Pyramid","Pandora\u0027s Box"]}],"items_purged_floors":[8],"is_endless":false,"potions_floor_spawned":[1,4,6,11,18,25],"killed_by":"Collector","ascension_level":0}