{"gold_per_floor":[112,112,37,37,112,132,148,148,148,163,176,251,206,22,22,127,127,140,140,158,35,35],"floor_reached":22,"playtime":1713,"items_purged":["Strike_R","Strike_R"],"score":174,"play_id":"8e2307bd-fb36-42e8-9bab-2638fb028c46","local_time":"20190116014541","is_ascension_mode":false,"campfire_choices":[{"floor":8.0,"key":"REST"},{"floor":15.0,"key":"REST"}],"neow_cost":"NONE","seed_source_timestamp":0,"circlet_count":0,"master_deck":["Strike_R","Strike_R","Strike_R","Defend_R","Defend_R","Defend_R","Defend_R","Bash","Pommel Strike","Thunderclap","Anger","Combust","Fire Breathing","Demon Form","Blood for Blood","Inflame","True Grit","Armaments","Magnetism","Bludgeon","Armaments","Anger","Armaments","Impervious","Battle Trance","Shrug It Off"],"special_seed":0,"relics":["Fusion Hammer","Prayer Wheel","Gremlin Horn","White Beast Statue"],"potions_floor_usage":[20,22,22],"damage_taken":[{"damage":6.0,"enemies":"Cultist","floor":1.0,"turns":3.0},{"damage":1.0,"enemies":"Jaw Worm","floor":6.0,"turns":3.0},{"damage":0.0,"enemies":"2 Louse","floor":7.0,"turns":2.0},{"damage":13.0,"enemies":"Exordium Wildlife","floor":10.0,"turns":3.0},{"damage":5.0,"enemies":"Looter","floor":11.0,"turns":3.0},{"damage":59.0,"enemies":"Hexaghost","floor":16.0,"turns":7.0},{"damage":30.0,"enemies":"Shell Parasite","floor":18.0,"turns":4.0},{"damage":35,"enemies":"3 Byrds","floor":20,"turns":5},{"damage":22,"enemies":"Sentry and Sphere","floor":22,"turns":5}],"seed_played":"2944855728534757571","potions_obtained":[{"floor":11.0,"key":"SpeedPotion"},{"floor":16.0,"key":"AttackPotion"},{"floor":18,"key":"Poison Potion"},{"floor":20,"key":"SneckoOil"}],"is_trial":false,"path_per_floor":["M","?","$","?","?","M","M","R","T","M","M","?","$","$","R","B",null,"M","?","M","$","M"],"character_chosen":"IRONCLAD","items_purchased":["Armaments","Magnetism","Shrug It Off"],"campfire_rested":2,"item_purchase_floors":[13,14,21],"current_hp_per_floor":[74,67,67,72,61,60,60,85,85,72,67,59,59,59,84,25,85,55,55,20,20,0],"gold":35,"neow_bonus":"BOSS_RELIC","is_prod":false,"is_daily":false,"chose_seed":false,"campfire_upgraded":0,"win_rate":0.0,"timestamp":1547621141,"path_taken":["M","?","$","?","?","M","M","R","T","M","?","?","?","$","R","BOSS","M","?","?","$","M"],"build_version":"2019-01-10","purchased_purges":2,"victory":false,"max_hp_per_floor":[80,80,80,85,85,85,85,85,85,85,85,85,85,85,85,85,85,85,85,85,85,85],"card_choices":[{"not_picked":["Heavy Blade","Headbutt"],"picked":"Pommel Strike","floor":1.0},{"not_picked":["Twin Strike","Heavy Blade"],"picked":"Thunderclap","floor":6.0},{"not_picked":["Iron Wave","Warcry"],"picked":"Anger","floor":6.0},{"not_picked":["Shockwave","Heavy Blade"],"picked":"Combust","floor":7.0},{"not_picked":["Cleave","Headbutt"],"picked":"Fire Breathing","floor":7.0},{"not_picked":["Headbutt","Iron Wave"],"picked":"Demon Form","floor":10.0},{"not_picked":["Dropkick","Clothesline"],"picked":"Blood for Blood","floor":10.0},{"not_picked":["Warcry","Headbutt"],"picked":"Inflame","floor":11.0},{"not_picked":["Rage","Uppercut"],"picked":"True Grit","floor":11.0},{"not_picked":["Dark Embrace","Immolate"],"picked":"Bludgeon","floor":16.0},{"not_picked":["Ghostly Armor","Warcry"],"picked":"Armaments","floor":18},{"not_picked":["Pummel","Dropkick"],"picked":"Anger","floor":18},{"not_picked":["Clothesline+1","Pommel Strike"],"picked":"Impervious","floor":20},{"not_picked":["Perfected Strike+1","Flex+1"],"picked":"Battle Trance","floor":20}],"player_experience":52861,"relics_obtained":[{"floor":9.0,"key":"Gremlin Horn"}],"event_choices":[{"damage_healed":0.0,"max_hp_gain":0.0,"max_hp_loss":0.0,"gold_gain":0.0,"event_name":"Scrap Ooze","player_choice":"Success","floor":2.0,"gold_loss":0.0,"damage_taken":7.0,"relics_obtained":["Prayer Wheel"]},{"damage_healed":0.0,"max_hp_gain":5.0,"max_hp_loss":0.0,"gold_gain":0.0,"event_name":"Big Fish","player_choice":"Donut","floor":4.0,"gold_loss":0.0,"damage_taken":0.0},{"damage_healed":0.0,"max_hp_gain":0.0,"max_hp_loss":0.0,"gold_gain":75.0,"event_name":"World of Goop","player_choice":"Gather Gold","floor":5.0,"gold_loss":0.0,"damage_taken":11.0},{"damage_healed":0.0,"max_hp_gain":0.0,"max_hp_loss":0.0,"gold_gain":75.0,"event_name":"FaceTrader","player_choice":"Touch","floor":12.0,"gold_loss":0.0,"damage_taken":8.0},{"damage_healed":0,"gold_gain":0,"player_choice":"Copied","damage_taken":0,"max_hp_gain":0,"max_hp_loss":0,"event_name":"Duplicator","floor":19,"gold_loss":0,"cards_obtained":["Armaments"]}],"is_beta":false,"boss_relics":[{"not_picked":["Eternal Feather","Runic Dome"],"picked":"White Beast Statue"}],"items_purged_floors":[3,21],"is_endless":false,"potions_floor_spawned":[11,16,18,20],"killed_by":"Sentry and Sphere","ascension_level":0}