{"gold_per_floor":[119,138,149,165,175,175,125,125,149,180,196,223,4,21,21,117,117,131,131,59,75,145,145,175,188,211,226,240,260,260,360,360,457,457,470,470,223,188,188,203,220,220,220,220,234,234,33,81,81,81,81,81,1,31,31],"floor_reached":56,"playtime":2037,"items_purged":["Strike_B","Strike_B"],"score":1229,"play_id":"0e507ae8-4c24-43c4-a7ee-c0ad9a08ad7f","local_time":"20190127221053","is_ascension_mode":false,"campfire_choices":[{"data":"Defragment","floor":6,"key":"SMITH"},{"data":"Zap","floor":8,"key":"SMITH"},{"data":"Defragment","floor":15,"key":"SMITH"},{"floor":23,"key":"RECALL"},{"data":"Machine Learning","floor":30,"key":"SMITH"},{"data":"Sunder","floor":32,"key":"SMITH"},{"data":"Consume","floor":42,"key":"SMITH"},{"data":"Conserve Battery","floor":44,"key":"SMITH"},{"data":"Defragment","floor":46,"key":"SMITH"},{"data":"Force Field","floor":49,"key":"SMITH"},{"data":"Electrodynamics","floor":52,"key":"SMITH"}],"neow_cost":"NONE","seed_source_timestamp":209949452758080,"circlet_count":0,"master_deck":["Strike_B","Defend_B","Defend_B","Defend_B","Defend_B","Zap+1","Dualcast","Cold Snap","Coolheaded","Defragment+1","Static Discharge","Ball Lightning","Sunder+1","Coolheaded","Defragment+1","Glacier+1","Self Repair","Conserve Battery+1","Ball Lightning","Self Repair","Machine Learning+1","Electrodynamics+1","Consume+1","Defragment+1","Force Field+1","Redo+1"],"relics":["Cracked Core","Strawberry","Blood Vial","Anchor","Happy Flower","Inserter","Pantograph","Vajra","StoneCalendar","Letter Opener","Busted Crown","Cables","Nunchaku","The Courier","Runic Capacitor","Incense Burner","Bottled Tornado"],"potions_floor_usage":[4,12,12,24,31,31,45,48,48,54],"damage_taken":[{"damage":12,"enemies":"Small Slimes","floor":1,"turns":3},{"damage":0,"enemies":"2 Louse","floor":2,"turns":2},{"damage":4,"enemies":"Jaw Worm","floor":3,"turns":4},{"damage":18,"enemies":"Lots of Slimes","floor":4,"turns":4},{"damage":7,"enemies":"Looter","floor":5,"turns":3},{"damage":1,"enemies":"3 Sentries","floor":10,"turns":9},{"damage":0,"enemies":"Exordium Wildlife","floor":11,"turns":2},{"damage":1,"enemies":"Gremlin Nob","floor":12,"turns":3},{"damage":0,"enemies":"Exordium Thugs","floor":14,"turns":3},{"damage":4,"enemies":"Slime Boss","floor":16,"turns":8},{"damage":5,"enemies":"Spheric Guardian","floor":18,"turns":3},{"damage":0,"enemies":"Chosen","floor":21,"turns":5},{"damage":6,"enemies":"Gremlin Leader","floor":24,"turns":9},{"damage":10,"enemies":"Sentry and Sphere","floor":25,"turns":4},{"damage":0,"enemies":"Shelled Parasite and Fungi","floor":27,"turns":7},{"damage":12,"enemies":"Snake Plant","floor":28,"turns":5},{"damage":1,"enemies":"Sentry and Sphere","floor":29,"turns":6},{"damage":26,"enemies":"Colosseum Slavers","floor":31,"turns":4},{"damage":18,"enemies":"Colosseum Nobs","floor":31,"turns":5},{"damage":7,"enemies":"Automaton","floor":33,"turns":10},{"damage":6,"enemies":"Orb Walker","floor":35,"turns":4},{"damage":0,"enemies":"3 Darklings","floor":40,"turns":4},{"damage":9,"enemies":"Sphere and 2 Shapes","floor":41,"turns":3},{"damage":0,"enemies":"Spire Growth","floor":45,"turns":6},{"damage":18,"enemies":"2 Orb Walkers","floor":48,"turns":3},{"damage":0,"enemies":"Donu and Deca","floor":50,"turns":6},{"damage":57,"enemies":"Shield and Spear","floor":54,"turns":5},{"damage":62,"enemies":"The Heart","floor":55,"turns":14}],"seed_played":"7532272565981098086","potions_obtained":[{"floor":3,"key":"GamblersBrew"},{"floor":4,"key":"Block Potion"},{"floor":11,"key":"PowerPotion"},{"floor":12,"key":"Fire Potion"},{"floor":24,"key":"Energy Potion"},{"floor":25,"key":"Ancient Potion"},{"floor":29,"key":"Ancient Potion"},{"floor":33,"key":"SkillPotion"},{"floor":40,"key":"FearPotion"},{"floor":48,"key":"Dexterity Potion"}],"is_trial":false,"path_per_floor":["M","M","M","M","M","R","?","R","T","E","M","E","$","M","R","B",null,"M","?","$","M","T","R","E","M","T","M","M","M","R","?","R","B",null,"M","?","$","$","T","M","M","R","T","R","M","R","$","?","R","B",null,"R","$","E","B",null],"character_chosen":"DEFECT","items_purchased":["Defragment","Amplify","Self Repair","Cables","Consume","Runic Capacitor","PowerPotion"],"campfire_rested":0,"item_purchase_floors":[13,13,20,37,38,47,47],"current_hp_per_floor":[70,70,66,48,41,41,41,41,41,42,44,45,45,47,47,45,82,77,77,77,82,82,82,82,82,82,82,77,82,82,68,68,82,82,82,92,92,92,92,92,90,90,90,90,92,92,92,81,81,92,92,92,92,42,14],"gold":31,"neow_bonus":"RANDOM_COMMON_RELIC","is_prod":false,"is_daily":false,"chose_seed":false,"campfire_upgraded":10,"win_rate":0,"timestamp":1548623453,"path_taken":["M","M","M","M","M","R","?","R","T","E","M","E","$","M","R","BOSS","M","?","$","M","?","R","E","?","T","M","M","M","R","?","R","BOSS","M","?","?","$","?","M","M","R","T","R","?","R","$","?","R","BOSS","R","$","E","BOSS"],"build_version":"2019-01-23","purchased_purges":2,"victory":true,"max_hp_per_floor":[82,82,82,82,82,82,82,82,82,82,82,82,82,82,82,82,82,82,82,82,82,82,82,82,82,82,82,82,82,82,82,82,82,82,82,92,92,92,92,92,92,92,92,92,92,92,92,92,92,92,92,92,92,92,92],"card_choices":[{"not_picked":["Conserve Battery","Hologram"],"picked":"Cold Snap","floor":1},{"not_picked":["Sweeping Beam","Undo"],"picked":"Coolheaded","floor":2},{"not_picked":["Fusion","Sweeping Beam"],"picked":"Defragment","floor":3},{"not_picked":["Compile Driver","Turbo","Rebound"],"picked":"SKIP","floor":4},{"not_picked":["Leap","Gash"],"picked":"Static Discharge","floor":5},{"not_picked":["Biased Cognition","Stack"],"picked":"Ball Lightning","floor":10},{"not_picked":["Sweeping Beam","Barrage"],"picked":"Sunder","floor":11},{"not_picked":["Compile Driver","Skim"],"picked":"Coolheaded","floor":12},{"not_picked":["Rebound","Undo","Go for the Eyes"],"picked":"SKIP","floor":14},{"not_picked":["Hologram","Barrage"],"picked":"Glacier+1","floor":18},{"not_picked":["Recycle","Go for the Eyes+1","Streamline"],"picked":"SKIP","floor":21},{"not_picked":["Stack","Go for the Eyes+1","Hello World"],"picked":"SKIP","floor":24},{"not_picked":["Leap","Compile Driver"],"picked":"Conserve Battery","floor":25},{"not_picked":["Gash","Steam"],"picked":"Ball Lightning","floor":27},{"not_picked":["Barrage","Stack+1"],"picked":"Self Repair","floor":28},{"not_picked":["Leap","Gash"],"picked":"Machine Learning","floor":29},{"not_picked":["Core Surge","Creative AI"],"picked":"Electrodynamics","floor":33},{"not_picked":["Doom and Gloom"],"picked":"SKIP","floor":35},{"not_picked":["Gash+1"],"picked":"SKIP","floor":40},{"not_picked":["Genetic Algorithm+1"],"picked":"SKIP","floor":41},{"not_picked":[],"picked":"Defragment","floor":45},{"not_picked":[],"picked":"Force Field","floor":48},{"not_picked":[],"picked":"Redo+1","floor":54}],"player_experience":208004,"relics_obtained":[{"floor":9,"key":"Blood Vial"},{"floor":10,"key":"Anchor"},{"floor":12,"key":"Happy Flower"},{"floor":24,"key":"Pantograph"},{"floor":26,"key":"Vajra"},{"floor":31,"key":"StoneCalendar"},{"floor":31,"key":"Letter Opener"},{"floor":39,"key":"Nunchaku"},{"floor":43,"key":"The Courier"},{"floor":48,"key":"Incense Burner"},{"floor":54,"key":"Bottled Tornado"}],"event_choices":[{"cards_removed":["Strike_B"],"damage_healed":0,"gold_gain":0,"player_choice":"Card Removal","damage_taken":0,"max_hp_gain":0,"max_hp_loss":0,"event_name":"The Cleric","floor":7,"gold_loss":50},{"damage_healed":0,"gold_gain":0,"player_choice":"Ignored","damage_taken":0,"max_hp_gain":0,"max_hp_loss":0,"event_name":"Ghosts","floor":19,"gold_loss":0},{"damage_healed":0,"gold_gain":0,"player_choice":"Fight","damage_taken":0,"max_hp_gain":0,"max_hp_loss":0,"event_name":"Colosseum","floor":31,"gold_loss":0},{"damage_healed":0,"gold_gain":0,"player_choice":"Fought Nobs","damage_taken":0,"max_hp_gain":0,"max_hp_loss":0,"event_name":"Colosseum","floor":31,"gold_loss":0},{"cards_removed":["Amplify"],"damage_healed":0,"gold_gain":0,"player_choice":"Offered Rare","damage_taken":0,"max_hp_gain":10,"max_hp_loss":0,"event_name":"Bonfire Elementals","floor":36,"gold_loss":0},{"damage_healed":0,"gold_gain":0,"player_choice":"Fight","damage_taken":0,"max_hp_gain":0,"max_hp_loss":0,"event_name":"Mysterious Sphere","floor":48,"gold_loss":0}],"is_beta":false,"boss_relics":[{"not_picked":["White Beast Statue","Orrery"],"picked":"Inserter"},{"not_picked":["Philosopher\u0027s Stone","Calling Bell"],"picked":"Busted Crown"}],"items_purged_floors":[13,53],"is_endless":false,"potions_floor_spawned":[3,4,11,12,24,25,29,33,40,48],"ascension_level":0}