{"gold_per_floor":[10,10,10,10,31,31,45,45,92,92],"floor_reached":10,"playtime":162,"items_purged":[],"score":56,"play_id":"d3d3063a-84e1-48d7-8383-62b6c4255660","local_time":"20190317235108","is_ascension_mode":false,"campfire_choices":[{"data":"Clash","floor":6,"key":"SMITH"}],"neow_cost":"NO_GOLD","seed_source_timestamp":355145452852286,"circlet_count":0,"master_deck":["Strike_R","Strike_R","Strike_R","Strike_R","Strike_R","Defend_R","Bash","Havoc","Clash+1","Clash","Regret","Entrench","Pommel Strike","Seeing Red"],"relics":["Burning Blood","Golden Idol","Gremlin Horn","Bag of Marbles"],"potions_floor_usage":[],"damage_taken":[{"damage":6,"enemies":"Jaw Worm","floor":1,"turns":2},{"damage":8,"enemies":"2 Louse","floor":5,"turns":2},{"damage":9,"enemies":"Cultist","floor":7,"turns":3},{"damage":33,"enemies":"3 Sentries","floor":10,"turns":3}],"seed_played":"-6093149481095376309","potions_obtained":[],"is_trial":false,"path_per_floor":["M","?","?","?","M","R","M","$","T","E"],"character_chosen":"IRONCLAD","items_purchased":[],"campfire_rested":0,"item_purchase_floors":[],"current_hp_per_floor":[80,60,60,60,58,58,55,55,55,22],"gold":92,"neow_bonus":"TRANSFORM_TWO_CARDS","is_prod":false,"is_daily":false,"chose_seed":false,"campfire_upgraded":1,"win_rate":0,"timestamp":1552834268,"path_taken":["M","?","?","?","M","R","M","$","T","E"],"build_version":"2019-01-23","purchased_purges":0,"victory":false,"max_hp_per_floor":[80,80,80,80,80,80,80,80,80,80],"card_choices":[{"not_picked":["Wild Strike","Flex"],"picked":"Clash","floor":1},{"not_picked":["Warcry","Seeing Red"],"picked":"Pommel Strike","floor":5},{"not_picked":["Wild Strike","Shrug It Off"],"picked":"Seeing Red","floor":7}],"player_experience":303054,"relics_obtained":[{"floor":9,"key":"Bag of Marbles"}],"event_choices":[{"damage_healed":0,"gold_gain":0,"player_choice":"Take Damage","damage_taken":20,"relics_obtained":["Golden Idol"],"max_hp_gain":0,"max_hp_loss":0,"event_name":"Golden Idol","floor":2,"gold_loss":0},{"damage_healed":0,"gold_gain":0,"player_choice":"Box","damage_taken":0,"relics_obtained":["Gremlin Horn"],"max_hp_gain":0,"max_hp_loss":0,"event_name":"Big Fish","floor":3,"gold_loss":0,"cards_obtained":["Regret"]},{"damage_healed":0,"gold_gain":0,"cards_transformed":["Defend_R"],"player_choice":"Transformed","damage_taken":0,"max_hp_gain":0,"max_hp_loss":0,"event_name":"Transmorgrifier","floor":4,"gold_loss":0,"cards_obtained":["Entrench"]}],"is_beta":false,"boss_relics":[],"items_purged_floors":[],"is_endless":false,"potions_floor_spawned":[],"killed_by":"3 Sentries","ascension_level":0}