{"path_per_floor":["M","M","?","?","?","R","M","R","T","$","R","M","R","M","R","B",null,"M","M","M"],"character_chosen":"IRONCLAD","items_purchased":["Flex","Evolve"],"gold_per_floor":[359,375,375,375,375,375,391,391,391,227,227,250,250,264,264,393,393,407,423,443,443],"floor_reached":21,"campfire_rested":1,"playtime":728,"current_hp_per_floor":[35,28,54,34,27,27,28,28,28,28,28,24,24,12,36,37,80,58,47,29,0],"items_purged":["Strike_R"],"gold":443,"score":171,"play_id":"e1d0e20b-b4ac-4e0b-9c9d-f563cdde420b","local_time":"20180403111310","is_prod":false,"is_daily":false,"is_ascension_mode":false,"campfire_upgraded":3,"timestamp":1522721590,"path_taken":["M","M","?","?","?","R","M","R","T","$","R","M","R","M","R","BOSS","M","M","M","M"],"build_version":"2018-03-29v2","purchased_purges":1,"victory":false,"master_deck":["Strike_R","Strike_R","Strike_R","Strike_R","Defend_R","Defend_R","Bash","Searing Blow+2","Flex","Armaments+1","Flex","Evolve","Disarm","Dual Wield","Offering","Second Wind+1"],"max_hp_per_floor":[80,80,80,80,80,80,80,80,80,80,80,80,80,80,80,80,80,80,80,80,80],"relics":["Burning Blood","Golden Idol","Peace Pipe","Sozu"],"card_choices":[{"not_picked":["Heavy Blade","Blood for Blood"],"picked":"Searing Blow","floor":1},{"not_picked":["Heavy Blade","Warcry"],"picked":"Flex","floor":2},{"not_picked":["Perfected Strike","Body Slam"],"picked":"Armaments","floor":7},{"not_picked":["Iron Wave","Sever Soul"],"picked":"Disarm","floor":12},{"not_picked":["Perfected Strike","Anger"],"picked":"Dual Wield","floor":14},{"not_picked":["Barricade","Berserk"],"picked":"Offering","floor":16},{"not_picked":["Havoc","Sword Boomerang"],"picked":"Second Wind","floor":20}],"player_experience":105882,"potions_floor_usage":[16,16],"damage_taken":[{"damage":11,"enemies":"Jaw Worm","floor":1,"turns":2},{"damage":13,"enemies":"Small Slimes","floor":2,"turns":4},{"damage":5,"enemies":"2 Louse","floor":7,"turns":2},{"damage":10,"enemies":"Looter","floor":12,"turns":3},{"damage":18,"enemies":"Large Slime","floor":14,"turns":8},{"damage":20,"enemies":"Hexaghost","floor":16,"turns":9},{"damage":28,"enemies":"2 Thieves","floor":18,"turns":4},{"damage":17,"enemies":"3 Byrds","floor":19,"turns":7},{"damage":24,"enemies":"Cultist and Chosen","floor":20,"turns":4},{"damage":32,"enemies":"Centurion and Healer","floor":21,"turns":5}],"event_choices":[{"event_name":"Big Fish","player_choice":"Banana","floor":3,"damage_taken":0},{"event_name":"Golden Idol","player_choice":"Take Damage","floor":4,"damage_taken":0},{"event_name":"Golden Wing","player_choice":"Card Removal","floor":5,"damage_taken":0}],"boss_relics":[{"not_picked":["White Beast Statue","Velvet Choker"],"picked":"Sozu"}],"potions_floor_spawned":[7,12,16],"seed_played":"-2953052853957790388","killed_by":"Centurion and Healer","ascension_level":0,"is_trial":false}