{"gold_per_floor":[217,270,2,12,29,29,45,45,45,1,17,49,49,63,63,63],"floor_reached":16,"playtime":802,"items_purged":["Strike_B"],"score":241,"play_id":"b52b4005-61eb-4e11-bb68-11e2f85c563c","local_time":"20190527092424","is_ascension_mode":true,"campfire_choices":[{"data":"Zap","floor":6,"key":"SMITH"},{"floor":8,"key":"REST"},{"floor":13,"key":"REST"},{"data":"Fusion","floor":15,"key":"SMITH"}],"neow_cost":"NONE","seed_source_timestamp":215686548038908,"circlet_count":0,"master_deck":["AscendersBane","Strike_B","Strike_B","Strike_B","Defend_B","Defend_B","Defend_B","Defend_B","Zap+1","Dualcast","White Noise","Hologram","Auto Shields","Genetic Algorithm","Fusion+1","Defragment","Sunder","Melter","Blizzard","Coolheaded"],"relics":["Cracked Core","Lantern","Omamori","Question Card","Dream Catcher"],"potions_floor_usage":[12,12],"damage_taken":[{"damage":1,"enemies":"Cultist","floor":1,"turns":3},{"damage":7,"enemies":"Small Slimes","floor":4,"turns":4},{"damage":14,"enemies":"Jaw Worm","floor":5,"turns":4},{"damage":15,"enemies":"Exordium Thugs","floor":7,"turns":4},{"damage":9,"enemies":"Exordium Wildlife","floor":11,"turns":4},{"damage":0,"enemies":"3 Sentries","floor":12,"turns":4},{"damage":22,"enemies":"2 Fungi Beasts","floor":14,"turns":3},{"damage":41,"enemies":"Hexaghost","floor":16,"turns":9}],"seed_played":"1948244128463948113","potions_obtained":[{"floor":5,"key":"Explosive Potion"},{"floor":7,"key":"Explosive Potion"}],"is_trial":false,"path_per_floor":["M","T","$","M","M","R","M","R","T","$","M","E","R","M","R","B"],"character_chosen":"DEFECT","items_purchased":["Omamori","Hologram","Defragment"],"campfire_rested":2,"item_purchase_floors":[3,3,10],"current_hp_per_floor":[63,63,63,56,42,42,27,48,48,48,39,39,60,38,38,0],"gold":63,"neow_bonus":"HUNDRED_GOLD","is_prod":false,"is_daily":false,"chose_seed":false,"campfire_upgraded":2,"win_rate":0,"timestamp":1558974264,"path_taken":["M","?","$","M","M","R","M","R","T","?","M","E","R","?","R","BOSS"],"build_version":"2019-01-23","purchased_purges":1,"victory":false,"max_hp_per_floor":[71,71,71,71,71,71,71,71,71,71,71,71,71,71,71,71],"card_choices":[{"not_picked":["Rebound","Go for the Eyes"],"picked":"White Noise","floor":1},{"not_picked":["Skim","Turbo"],"picked":"Auto Shields","floor":4},{"not_picked":["Streamline","Turbo"],"picked":"Genetic Algorithm","floor":5},{"not_picked":["Hologram","Melter"],"picked":"Fusion","floor":7},{"not_picked":["Loop","Sweeping Beam","Go for the Eyes"],"picked":"Sunder","floor":11},{"not_picked":["Gash","Self Repair","Aggregate"],"picked":"Melter","floor":12},{"not_picked":["Redo","Rainbow","Rebound"],"picked":"Blizzard","floor":13},{"not_picked":["Chill","Go for the Eyes","Compile Driver"],"picked":"Coolheaded","floor":14}],"player_experience":756379,"relics_obtained":[{"floor":2,"key":"Lantern"},{"floor":9,"key":"Question Card"},{"floor":12,"key":"Dream Catcher"}],"event_choices":[],"is_beta":false,"boss_relics":[],"items_purged_floors":[3],"is_endless":false,"potions_floor_spawned":[5,7,11],"killed_by":"Hexaghost","ascension_level":18}