{"gold_per_floor":[117,194,194,119,132,132,162,162,186,204,218,252,268,283,283,388,388,401,421,431,346,357,357,357],"floor_reached":24,"playtime":806,"items_purged":["Defend_R"],"score":235,"play_id":"83a3019b-1caa-4de8-bcee-70e547689c45","local_time":"20190319000418","is_ascension_mode":false,"campfire_choices":[{"data":"Uppercut","floor":6,"key":"SMITH"},{"data":"Carnage","floor":8,"key":"SMITH"},{"data":"Blood for Blood","floor":15,"key":"SMITH"},{"data":"Demon Form","floor":23,"key":"SMITH"}],"neow_cost":"NONE","seed_source_timestamp":441693306599122,"circlet_count":0,"master_deck":["Bash+1","Uppercut+1","Carnage+1","Cleave","Shrug It Off","Bloodletting","Blood for Blood+1","Demon Form+1","Thunderclap","Exhume","Dark Embrace","Intimidate","Cleave","Corruption","Corruption","Disarm","Shockwave+1","Entrench"],"relics":["Burning Blood","Letter Opener","Omamori","Happy Flower","Pandora\u0027s Box","Pear"],"potions_floor_usage":[12],"damage_taken":[{"damage":6,"enemies":"Cultist","floor":1,"turns":4},{"damage":1,"enemies":"2 Louse","floor":5,"turns":3},{"damage":39,"enemies":"3 Sentries","floor":7,"turns":7},{"damage":3,"enemies":"Jaw Worm","floor":10,"turns":3},{"damage":0,"enemies":"2 Fungi Beasts","floor":11,"turns":2},{"damage":21,"enemies":"Lagavulin","floor":12,"turns":4},{"damage":5,"enemies":"Looter","floor":13,"turns":2},{"damage":0,"enemies":"Exordium Wildlife","floor":14,"turns":2},{"damage":28,"enemies":"Hexaghost","floor":16,"turns":7},{"damage":44,"enemies":"3 Byrds","floor":18,"turns":5},{"damage":24,"enemies":"Spheric Guardian","floor":19,"turns":4},{"damage":20,"enemies":"Snecko","floor":20,"turns":4},{"damage":15,"enemies":"Snake Plant","floor":22,"turns":2},{"damage":21,"enemies":"Sentry and Sphere","floor":24,"turns":3}],"seed_played":"-3787681648004913414","potions_obtained":[{"floor":1,"key":"Dexterity Potion"},{"floor":5,"key":"Fire Potion"},{"floor":7,"key":"FearPotion"},{"floor":13,"key":"FearPotion"},{"floor":20,"key":"FearPotion"}],"is_trial":false,"path_per_floor":["M","?","?","$","M","R","E","R","T","M","M","E","M","M","R","B",null,"M","M","M","?","M","R","M"],"character_chosen":"IRONCLAD","items_purchased":[],"campfire_rested":0,"item_purchase_floors":[],"current_hp_per_floor":[80,80,85,85,85,85,52,52,52,55,61,46,47,53,53,31,85,47,29,15,25,16,16,0],"gold":357,"neow_bonus":"UPGRADE_CARD","is_prod":false,"is_daily":false,"chose_seed":false,"campfire_upgraded":4,"win_rate":0,"timestamp":1552921458,"path_taken":["M","?","?","$","?","R","E","R","T","M","M","E","M","M","R","BOSS","M","M","M","?","M","R","M"],"build_version":"2019-01-23","purchased_purges":1,"victory":false,"max_hp_per_floor":[80,80,85,85,85,85,85,85,85,85,85,85,85,85,85,85,85,85,85,85,95,95,95,95],"card_choices":[{"not_picked":["Infernal Blade","Wild Strike"],"picked":"Uppercut","floor":1},{"not_picked":["Pummel","Rupture"],"picked":"Carnage","floor":5},{"not_picked":["Anger","Warcry"],"picked":"Cleave","floor":7},{"not_picked":["Clash","Carnage"],"picked":"Shrug It Off","floor":10},{"not_picked":["Flex","Juggernaut"],"picked":"Bloodletting","floor":11},{"not_picked":["Flex","Warcry"],"picked":"Blood for Blood","floor":12},{"not_picked":["Thunderclap","Second Wind","Sentinel"],"picked":"SKIP","floor":13},{"not_picked":["Rampage","Sword Boomerang","True Grit"],"picked":"SKIP","floor":14},{"not_picked":["Feed","Dark Embrace"],"picked":"Demon Form","floor":16},{"not_picked":["Heavy Blade+1","Pommel Strike","Clash"],"picked":"SKIP","floor":18},{"not_picked":["Searing Blow+1","Twin Strike","Shrug It Off"],"picked":"SKIP","floor":19},{"not_picked":["Pommel Strike+1","Dual Wield"],"picked":"Shockwave+1","floor":20},{"not_picked":["Shrug It Off","True Grit"],"picked":"Entrench","floor":22}],"player_experience":312279,"relics_obtained":[{"floor":7,"key":"Letter Opener"},{"floor":9,"key":"Omamori"},{"floor":12,"key":"Happy Flower"}],"event_choices":[{"damage_healed":0,"gold_gain":77,"player_choice":"Gained Gold","damage_taken":0,"max_hp_gain":0,"max_hp_loss":0,"event_name":"Golden Wing","floor":2,"gold_loss":0},{"damage_healed":0,"gold_gain":0,"player_choice":"Donut","damage_taken":0,"max_hp_gain":5,"max_hp_loss":0,"event_name":"Big Fish","floor":3,"gold_loss":0},{"damage_healed":0,"gold_gain":0,"player_choice":"Obtained Relic","damage_taken":0,"relics_obtained":["Pear"],"max_hp_gain":0,"max_hp_loss":0,"event_name":"Addict","floor":21,"gold_loss":85}],"is_beta":false,"boss_relics":[{"not_picked":["Black Blood","Runic Dome"],"picked":"Pandora\u0027s Box"}],"items_purged_floors":[4],"is_endless":false,"potions_floor_spawned":[1,5,7,13,20],"killed_by":"Sentry and Sphere","ascension_level":0}