{"gold_per_floor":[111,36,36,36,49,49,77,77,77,102,23,23,36,65,65,160,160,176,176,191,203,58,93,139,174,174,174,209,240,240,130,130,233,283,294,94,94,94,105,131,131,166,166,193,218,229,229,240,240,240,240,240,88,122,122],"floor_reached":56,"playtime":11794,"items_purged":["Strike_B","Strike_B","Dualcast"],"score":1433,"play_id":"b0e6ac2a-4a33-421e-905f-23127c4eb78a","local_time":"20190530114155","is_ascension_mode":true,"campfire_choices":[{"data":"Sweeping Beam","floor":6,"key":"SMITH"},{"data":"Zap","floor":8,"key":"SMITH"},{"data":"Go for the Eyes","floor":12,"key":"SMITH"},{"data":"Blizzard","floor":15,"key":"SMITH"},{"data":"Beam Cell","floor":27,"key":"SMITH"},{"data":"Echo Form","floor":30,"key":"SMITH"},{"floor":32,"key":"REST"},{"data":"Buffer","floor":41,"key":"SMITH"},{"floor":47,"key":"RECALL"},{"floor":49,"key":"REST"},{"data":"Capacitor","floor":52,"key":"SMITH"}],"neow_cost":"NONE","seed_source_timestamp":859172857697159,"circlet_count":0,"master_deck":["Strike_B+1","Strike_B+1","Defend_B+1","Defend_B","Defend_B+1","Defend_B+1","Zap+1","Sweeping Beam+1","Glacier","Seek","Go for the Eyes+1","Blizzard+1","Beam Cell+1","Conserve Battery","Echo Form+1","FTL","Finesse","Skim","Self Repair","Buffer+1","Capacitor+1","Finesse","Conserve Battery+1","Leap+1","Sweeping Beam+1","Melter","Hologram+1"],"relics":["Cracked Core","Whetstone","WingedGreaves","Smiling Mask","Kunai","Odd Mushroom","Sozu","Gremlin Horn","Ancient Tea Set","Strawberry","Shuriken","Red Mask","Bronze Scales","Tiny House","Bag of Preparation","Mummified Hand","Orichalcum","Regal Pillow","Question Card","Pen Nib","Bag of Marbles","Mercury Hourglass"],"potions_floor_usage":[40,42,55],"damage_taken":[{"damage":4,"enemies":"Jaw Worm","floor":1,"turns":3},{"damage":0,"enemies":"2 Louse","floor":5,"turns":2},{"damage":1,"enemies":"Lagavulin","floor":7,"turns":9},{"damage":20,"enemies":"Gremlin Nob","floor":10,"turns":4},{"damage":0,"enemies":"Cultist","floor":13,"turns":3},{"damage":7,"enemies":"The Mushroom Lair","floor":14,"turns":4},{"damage":12,"enemies":"Hexaghost","floor":16,"turns":11},{"damage":3,"enemies":"3 Byrds","floor":18,"turns":5},{"damage":0,"enemies":"Chosen","floor":20,"turns":4},{"damage":4,"enemies":"Centurion and Healer","floor":21,"turns":6},{"damage":24,"enemies":"Slavers","floor":23,"turns":7},{"damage":7,"enemies":"Book of Stabbing","floor":25,"turns":6},{"damage":9,"enemies":"Slavers","floor":28,"turns":4},{"damage":0,"enemies":"Masked Bandits","floor":29,"turns":3},{"damage":0,"enemies":"Automaton","floor":33,"turns":10},{"damage":8,"enemies":"3 Shapes","floor":35,"turns":5},{"damage":10,"enemies":"3 Darklings","floor":39,"turns":3},{"damage":21,"enemies":"Reptomancer","floor":40,"turns":8},{"damage":3,"enemies":"Nemesis","floor":42,"turns":9},{"damage":0,"enemies":"Giant Head","floor":44,"turns":9},{"damage":11,"enemies":"Nemesis","floor":45,"turns":11},{"damage":0,"enemies":"Sphere and 2 Shapes","floor":46,"turns":4},{"damage":0,"enemies":"4 Shapes","floor":48,"turns":4},{"damage":36,"enemies":"Donu and Deca","floor":50,"turns":8},{"damage":15,"enemies":"Shield and Spear","floor":54,"turns":6},{"damage":43,"enemies":"The Heart","floor":55,"turns":12}],"seed_played":"1454572682261627491","potions_obtained":[{"floor":5,"key":"Block Potion"},{"floor":13,"key":"GamblersBrew"},{"floor":14,"key":"FocusPotion"}],"is_trial":false,"path_per_floor":["M","$","?","T","M","R","E","R","T","E","$","R","M","?","R","B",null,"M","?","M","M","$","E","T","E","T","R","E","?","R","?","R","B",null,"M","$","?","?","M","E","R","E","T","E","E","M","R","M","R","B",null,"R","$","E","B",null],"character_chosen":"DEFECT","items_purchased":["Blizzard","Finesse","Bag of Preparation","Bag of Marbles"],"campfire_rested":2,"item_purchase_floors":[11,22,36,53],"current_hp_per_floor":[71,71,56,56,56,56,55,55,55,35,35,35,35,28,28,16,75,72,72,72,68,68,44,44,44,44,44,35,35,35,35,59,66,87,79,79,79,79,69,55,55,59,59,66,62,69,69,69,87,58,87,87,87,79,43],"gold":122,"neow_bonus":"RANDOM_COMMON_RELIC","is_prod":false,"is_daily":false,"chose_seed":false,"campfire_upgraded":8,"win_rate":0,"timestamp":1559230915,"path_taken":["M","$","?","?","M","R","E","R","T","E","?","R","?","?","R","BOSS","M","?","M","M","$","E","?","E","T","R","E","?","R","?","R","BOSS","M","$","?","?","M","E","R","E","T","E","E","?","R","M","R","BOSS","R","$","E","BOSS"],"build_version":"2019-01-23","purchased_purges":3,"victory":true,"max_hp_per_floor":[75,75,75,75,75,75,75,75,75,75,75,75,75,75,75,75,75,75,75,75,75,75,75,75,82,82,82,82,82,82,82,82,82,87,87,87,87,87,87,87,87,87,87,87,87,87,87,87,87,87,87,87,87,87,87],"card_choices":[{"not_picked":["Ball Lightning","Go for the Eyes"],"picked":"Sweeping Beam","floor":1},{"not_picked":["Stack","Ball Lightning"],"picked":"Glacier","floor":5},{"not_picked":["Streamline","Go for the Eyes"],"picked":"Seek","floor":7},{"not_picked":["Coolheaded","Static Discharge"],"picked":"Go for the Eyes","floor":10},{"not_picked":["Reprogram","Sunder"],"picked":"Beam Cell","floor":13},{"not_picked":["Streamline","Turbo"],"picked":"Conserve Battery","floor":14},{"not_picked":["Meteor Strike","Electrodynamics"],"picked":"Echo Form","floor":16},{"not_picked":["Hologram","Stack","Scrape"],"picked":"SKIP","floor":18},{"not_picked":["White Noise","Rebound+1","Hologram"],"picked":"SKIP","floor":20},{"not_picked":["Scrape","Static Discharge","Streamline+1"],"picked":"SKIP","floor":21},{"not_picked":["Heatsinks","Beam Cell","Steam"],"picked":"SKIP","floor":23},{"not_picked":["Sunder","All For One","BootSequence"],"picked":"SKIP","floor":25},{"not_picked":["Go for the Eyes","Compile Driver"],"picked":"Skim","floor":28},{"not_picked":["Gash+1","Undo+1"],"picked":"Self Repair","floor":29},{"not_picked":["Biased Cognition","Machine Learning"],"picked":"Buffer","floor":33},{"not_picked":["Cold Snap","Beam Cell"],"picked":"Capacitor","floor":34},{"not_picked":["Compile Driver","Lockon"],"picked":"Sweeping Beam+1","floor":35},{"not_picked":["Coolheaded","Barrage+1"],"picked":"Conserve Battery+1","floor":39},{"not_picked":["Cold Snap+1","Aggregate+1"],"picked":"Leap+1","floor":40},{"not_picked":["Compile Driver","Static Discharge","Heatsinks+1"],"picked":"SKIP","floor":42},{"not_picked":["Fusion+1","Multi-Cast"],"picked":"Sweeping Beam+1","floor":44},{"not_picked":["Gash+1","Sweeping Beam","Biased Cognition","Conserve Battery"],"picked":"SKIP","floor":45},{"not_picked":["Ball Lightning+1","Steam","Turbo"],"picked":"Melter","floor":46},{"not_picked":["Doom and Gloom+1","Go for the Eyes","Gash+1","Sweeping Beam"],"picked":"SKIP","floor":48},{"not_picked":["Steam Power","Leap+1","Storm"],"picked":"Hologram+1","floor":54}],"player_experience":649013,"relics_obtained":[{"floor":4,"key":"WingedGreaves"},{"floor":7,"key":"Smiling Mask"},{"floor":10,"key":"Kunai"},{"floor":14,"key":"Odd Mushroom"},{"floor":23,"key":"Gremlin Horn"},{"floor":24,"key":"Ancient Tea Set"},{"floor":25,"key":"Strawberry"},{"floor":26,"key":"Shuriken"},{"floor":29,"key":"Red Mask"},{"floor":40,"key":"Mummified Hand"},{"floor":42,"key":"Orichalcum"},{"floor":43,"key":"Regal Pillow"},{"floor":44,"key":"Question Card"},{"floor":45,"key":"Pen Nib"},{"floor":54,"key":"Mercury Hourglass"}],"event_choices":[{"damage_healed":0,"gold_gain":0,"player_choice":"Entered Light","damage_taken":15,"max_hp_gain":0,"max_hp_loss":0,"event_name":"Shining Light","floor":3,"gold_loss":0,"cards_upgraded":["Defend_B","Defend_B"]},{"damage_healed":0,"gold_gain":0,"player_choice":"Fought Mushrooms","damage_taken":0,"max_hp_gain":0,"max_hp_loss":0,"event_name":"Mushrooms","floor":14,"gold_loss":0},{"damage_healed":0,"gold_gain":0,"player_choice":"Read","damage_taken":0,"max_hp_gain":0,"max_hp_loss":0,"event_name":"The Library","floor":19,"gold_loss":0,"cards_obtained":["FTL"]},{"damage_healed":0,"gold_gain":0,"player_choice":"Fought Bandits","damage_taken":0,"max_hp_gain":0,"max_hp_loss":0,"event_name":"Masked Bandits","floor":29,"gold_loss":0},{"damage_healed":0,"gold_gain":0,"player_choice":"Paid Gold","damage_taken":0,"relics_obtained":["Bronze Scales"],"max_hp_gain":0,"max_hp_loss":0,"event_name":"WeMeetAgain","floor":31,"gold_loss":110},{"cards_removed":["Sweeping Beam"],"damage_healed":0,"gold_gain":0,"player_choice":"Removed Attack","damage_taken":0,"max_hp_gain":0,"max_hp_loss":0,"event_name":"Falling","floor":37,"gold_loss":0},{"damage_healed":0,"gold_gain":0,"player_choice":"Copied","damage_taken":0,"max_hp_gain":0,"max_hp_loss":0,"event_name":"Duplicator","floor":38,"gold_loss":0,"cards_obtained":["Finesse"]}],"is_beta":false,"boss_relics":[{"not_picked":["Black Star","Lizard Tail"],"picked":"Sozu"},{"not_picked":["FrozenCore","Philosopher\u0027s Stone"],"picked":"Tiny House"}],"items_purged_floors":[2,22,36],"is_endless":false,"potions_floor_spawned":[5,13,14,21,23,25,33,40,46],"ascension_level":2}