{"gold_per_floor":[111,128,144,144,144,144,174,174,174,174,52,52,69,89,89,189,189,207,219,288,288,306,306,306],"floor_reached":24,"playtime":800,"items_purged":[],"score":274,"play_id":"2a24864c-b523-4c16-8a0e-13e64805b4b3","local_time":"20190602084550","is_ascension_mode":true,"campfire_choices":[{"floor":6.0,"key":"REST"},{"floor":8.0,"key":"REST"},{"data":"Deadly Poison","floor":12.0,"key":"SMITH"},{"data":"Crippling Poison","floor":15.0,"key":"SMITH"},{"floor":23.0,"key":"REST"}],"neow_cost":"TEN_PERCENT_HP_LOSS","seed_source_timestamp":7660692260100,"circlet_count":0,"master_deck":["Defend_G","Defend_G","Defend_G","Defend_G","Defend_G","Strike_G","Strike_G+1","Strike_G","Strike_G","Strike_G","Survivor+1","Neutralize","Deadly Poison+1","Flying Knee","Blur","Bane","Parasite","Deadly Poison","Crippling Poison+1","Deadly Poison","Venomology","Distraction","Deflect","Decay"],"special_seed":0,"relics":["Ring of the Snake","FossilizedHelix","Question Card","Centennial Puzzle","Singing Bowl","Blue Candle"],"potions_floor_usage":[24],"damage_taken":[{"damage":0.0,"enemies":"Cultist","floor":1.0,"turns":4.0},{"damage":0.0,"enemies":"2 Louse","floor":2.0,"turns":3.0},{"damage":0.0,"enemies":"Jaw Worm","floor":3.0,"turns":5.0},{"damage":38.0,"enemies":"Gremlin Nob","floor":7.0,"turns":5.0},{"damage":4.0,"enemies":"Blue Slaver","floor":13.0,"turns":3.0},{"damage":0.0,"enemies":"Red Slaver","floor":14.0,"turns":4.0},{"damage":23.0,"enemies":"The Guardian","floor":16.0,"turns":9.0},{"damage":18.0,"enemies":"Shell Parasite","floor":18.0,"turns":6.0},{"damage":24.0,"enemies":"3 Byrds","floor":19.0,"turns":5.0},{"damage":11.0,"enemies":"3 Cultists","floor":22.0,"turns":7.0},{"damage":26,"enemies":"Book of Stabbing","floor":24,"turns":4}],"seed_played":"-3336316420143760885","potions_obtained":[{"floor":7.0,"key":"SteroidPotion"},{"floor":16.0,"key":"SteroidPotion"},{"floor":19.0,"key":"Energy Potion"}],"is_trial":false,"path_per_floor":["M","M","M","?","?","R","E","R","T","?","$","R","M","M","R","B",null,"M","M","T","?","M","R","E"],"character_chosen":"THE_SILENT","items_purchased":["Deadly Poison","Crippling Poison"],"campfire_rested":3,"item_purchase_floors":[11,11],"current_hp_per_floor":[63,63,63,50,38,56,18,36,36,51,51,51,49,49,49,26,55,37,13,13,13,4,24,0],"gold":306,"neow_bonus":"ONE_RARE_RELIC","is_prod":false,"is_daily":false,"chose_seed":false,"campfire_upgraded":2,"win_rate":0,"timestamp":1559490350,"path_taken":["M","M","M","?","?","R","E","R","T","?","?","R","M","M","R","BOSS","M","M","?","?","M","R","E"],"build_version":"2019-01-23","purchased_purges":0,"victory":false,"max_hp_per_floor":[63,63,63,63,63,63,63,63,63,63,63,63,65,65,65,65,65,65,65,65,65,67,67,67],"card_choices":[{"not_picked":["PiercingWail","Blade Dance"],"picked":"Deadly Poison","floor":1.0},{"not_picked":["Prepared","Flechettes"],"picked":"Flying Knee","floor":2.0},{"not_picked":["PiercingWail","Dagger Spray"],"picked":"Blur","floor":3.0},{"not_picked":["Reflex","Slice","Envenom"],"picked":"Bane","floor":7.0},{"not_picked":["Dagger Throw","Predator","Choke","Dagger Spray"],"picked":"Singing Bowl","floor":13.0},{"not_picked":["Finisher","Sucker Punch","Blade Dance"],"picked":"Deadly Poison","floor":14.0},{"not_picked":["Doppelganger","Night Terror","Grand Finale"],"picked":"Venomology","floor":16.0},{"not_picked":["Crippling Poison","Riddle With Holes+1","Concentrate"],"picked":"Distraction","floor":18.0},{"not_picked":["Quick Slash","Tactician","Riddle With Holes"],"picked":"Deflect","floor":19.0},{"not_picked":["Skewer","Riddle With Holes","Flechettes+1","Underhanded Strike+1"],"picked":"Singing Bowl","floor":22.0}],"player_experience":210325,"relics_obtained":[{"floor":7.0,"key":"Centennial Puzzle"},{"floor":9.0,"key":"Singing Bowl"},{"floor":20.0,"key":"Blue Candle"}],"event_choices":[{"damage_healed":0.0,"max_hp_gain":0.0,"max_hp_loss":0.0,"gold_gain":0.0,"event_name":"Shining Light","player_choice":"Entered Light","floor":4.0,"gold_loss":0.0,"damage_taken":13.0,"cards_upgraded":["Strike_G","Survivor"]},{"damage_healed":0.0,"max_hp_gain":0.0,"max_hp_loss":0.0,"gold_gain":0.0,"event_name":"Scrap Ooze","player_choice":"Success","floor":5.0,"gold_loss":0.0,"damage_taken":12.0,"relics_obtained":["Question Card"]},{"damage_healed":15.0,"max_hp_gain":0.0,"max_hp_loss":0.0,"gold_gain":0.0,"event_name":"Mushrooms","player_choice":"Healed and dodged fight","floor":10.0,"gold_loss":0.0,"damage_taken":0.0,"cards_obtained":["Parasite"]},{"damage_healed":0.0,"max_hp_gain":0.0,"max_hp_loss":0.0,"gold_gain":0.0,"event_name":"Forgotten Altar","player_choice":"Smashed Altar","floor":21.0,"gold_loss":0.0,"damage_taken":0.0,"cards_obtained":["Decay"]}],"is_beta":false,"boss_relics":[{"not_picked":["Cursed Key","Snecko Eye","Ectoplasm"]}],"items_purged_floors":[],"is_endless":false,"potions_floor_spawned":[7,16,18,19],"killed_by":"Book of Stabbing","ascension_level":8}