{"gold_per_floor":[211,5,15,15,35,68,82,82,82,82,20,20,40,40,40,117,117,130,146,158,73,73,73,98,108,108,207,43,43],"floor_reached":29,"playtime":2193,"items_purged":["Strike_G"],"score":413,"play_id":"2718f916-9bcd-440f-82fe-8b0b3e1d44b4","local_time":"20190603190533","is_ascension_mode":true,"campfire_choices":[{"data":"Well Laid Plans","floor":8,"key":"SMITH"},{"data":"Deadly Poison","floor":10,"key":"SMITH"},{"floor":15,"key":"REST"},{"floor":23,"key":"REST"}],"neow_cost":"NONE","seed_source_timestamp":1210575106029188,"circlet_count":0,"master_deck":["AscendersBane","Survivor","Neutralize","Dash","Deadly Poison+1","Infinite Blades","Dagger Spray","Well Laid Plans+1","Distraction","Backflip","Noxious Fumes+1","PiercingWail","A Thousand Cuts","Deadly Poison","Wraith Form v2","Catalyst","Slice","Infinite Blades","Predator","Bane","Glass Knife","Backflip","Blur","Bouncing Flask","Crippling Poison","Blur"],"relics":["Ring of the Snake","Pear","The Courier","Dodecahedron","Pandora\u0027s Box","Ancient Tea Set","FossilizedHelix","Pantograph","Darkstone Periapt","MealTicket"],"potions_floor_usage":[6],"damage_taken":[{"damage":3,"enemies":"Small Slimes","floor":1,"turns":6},{"damage":2,"enemies":"Cultist","floor":3,"turns":4},{"damage":1,"enemies":"2 Louse","floor":5,"turns":4},{"damage":17,"enemies":"3 Sentries","floor":6,"turns":9},{"damage":13,"enemies":"Exordium Thugs","floor":7,"turns":6},{"damage":1,"enemies":"Looter","floor":13,"turns":3},{"damage":2,"enemies":"Hexaghost","floor":16,"turns":9},{"damage":22,"enemies":"2 Thieves","floor":18,"turns":5},{"damage":23,"enemies":"Shell Parasite","floor":19,"turns":6},{"damage":17,"enemies":"Cultist and Chosen","floor":20,"turns":7},{"damage":2,"enemies":"Gremlin Leader","floor":24,"turns":6},{"damage":18,"enemies":"Snake Plant","floor":25,"turns":5},{"damage":11,"enemies":"Sentry and Sphere","floor":29,"turns":3}],"seed_played":"8998255507961423596","potions_obtained":[{"floor":1,"key":"EssenceOfSteel"},{"floor":5,"key":"Poison Potion"},{"floor":7,"key":"Poison Potion"},{"floor":16,"key":"SteroidPotion"}],"is_trial":false,"path_per_floor":["M","$","M","?","M","E","M","R","T","R","$","?","M","?","R","B",null,"M","M","M","?","T","R","E","M","T","?","$","M"],"character_chosen":"THE_SILENT","items_purchased":["Deadly Poison","Infinite Blades","Noxious Fumes","MealTicket"],"campfire_rested":2,"item_purchase_floors":[2,2,11,28],"current_hp_per_floor":[56,56,54,64,63,46,33,33,33,33,33,26,25,10,32,30,65,43,20,3,3,3,25,23,5,5,5,5,0],"gold":43,"neow_bonus":"HUNDRED_GOLD","is_prod":false,"is_daily":false,"chose_seed":false,"campfire_upgraded":2,"win_rate":0,"timestamp":1559603133,"path_taken":["M","$","M","?","M","E","M","R","T","R","?","?","M","?","R","BOSS","M","M","M","?","?","R","E","M","T","?","$","?"],"build_version":"2019-01-23","purchased_purges":1,"victory":false,"max_hp_per_floor":[66,66,66,76,76,76,76,76,76,76,76,76,76,76,76,76,76,76,76,76,76,76,76,76,76,76,76,76,76],"card_choices":[{"not_picked":["Infinite Blades","Dagger Spray"],"picked":"Dash","floor":1},{"not_picked":["Quick Slash","Bane"],"picked":"Dagger Spray","floor":3},{"not_picked":["Flying Knee","Acrobatics"],"picked":"Well Laid Plans","floor":5},{"not_picked":["Underhanded Strike","Predator"],"picked":"Distraction","floor":6},{"not_picked":["Accuracy","Outmaneuver"],"picked":"Backflip","floor":7},{"not_picked":["Dagger Throw","Flying Knee"],"picked":"PiercingWail","floor":13},{"not_picked":["Tools of the Trade","Doppelganger"],"picked":"A Thousand Cuts","floor":16},{"not_picked":["Poisoned Stab","Outmaneuver"],"picked":"Backflip","floor":18},{"not_picked":["Poisoned Stab","Choke"],"picked":"Blur","floor":19},{"not_picked":["Underhanded Strike","Acrobatics"],"picked":"Bouncing Flask","floor":20},{"not_picked":["Dagger Spray","Bane"],"picked":"Crippling Poison","floor":24},{"not_picked":["Eviscerate","All Out Attack"],"picked":"Blur","floor":25}],"player_experience":446771,"relics_obtained":[{"floor":6,"key":"The Courier"},{"floor":9,"key":"Dodecahedron"},{"floor":22,"key":"FossilizedHelix"},{"floor":24,"key":"Pantograph"},{"floor":26,"key":"Darkstone Periapt"}],"event_choices":[{"damage_healed":0,"gold_gain":0,"player_choice":"Gave Potion","damage_taken":0,"relics_obtained":["Pear"],"max_hp_gain":0,"max_hp_loss":0,"event_name":"WeMeetAgain","floor":4,"gold_loss":0},{"cards_removed":["Strike_G"],"damage_healed":0,"gold_gain":0,"player_choice":"Card Removal","damage_taken":7,"max_hp_gain":0,"max_hp_loss":0,"event_name":"Golden Wing","floor":12,"gold_loss":0},{"damage_healed":0,"gold_gain":0,"player_choice":"Entered Light","damage_taken":15,"max_hp_gain":0,"max_hp_loss":0,"event_name":"Shining Light","floor":14,"gold_loss":0,"cards_upgraded":["Strike_G","Noxious Fumes"]},{"damage_healed":0,"gold_gain":0,"player_choice":"Obtained Relic","damage_taken":0,"relics_obtained":["Ancient Tea Set"],"max_hp_gain":0,"max_hp_loss":0,"event_name":"Addict","floor":21,"gold_loss":85},{"damage_healed":0,"gold_gain":99,"player_choice":"Stole From Cult","damage_taken":0,"max_hp_gain":0,"max_hp_loss":0,"event_name":"Nest","floor":27,"gold_loss":0}],"is_beta":false,"boss_relics":[{"not_picked":["Snecko Eye","White Beast Statue"],"picked":"Pandora\u0027s Box"}],"items_purged_floors":[2],"is_endless":false,"potions_floor_spawned":[1,5,7,16,24],"killed_by":"Sentry and Sphere","ascension_level":14}