{"path_per_floor":["M","M","M","?","M","M","$","M","T","R","M","?","M","?","R","B",null,"M","?","?","$","?","R"],"character_chosen":"THE_SILENT","items_purchased":["Bouncing Flask","Noxious Fumes"],"gold_per_floor":[118,129,141,141,157,169,13,32,32,32,46,46,61,136,136,240,240,251,251,166,126,126,126,126],"floor_reached":24,"campfire_rested":0,"playtime":1103,"current_hp_per_floor":[64,64,59,59,57,57,57,57,57,57,61,61,61,50,50,50,70,68,68,68,68,68,68,0],"items_purged":["Defend_G"],"gold":126,"score":250,"play_id":"d0f68433-19c9-4781-b86a-d2e065c475d1","local_time":"20180405234519","is_prod":false,"is_daily":false,"is_ascension_mode":true,"campfire_upgraded":3,"timestamp":1522939519,"path_taken":["M","M","M","?","M","M","$","M","T","R","M","?","M","?","R","BOSS","M","?","?","$","?","R","E"],"build_version":"2018-03-29v2","purchased_purges":2,"victory":false,"master_deck":["Defend_G","Defend_G","Defend_G","Defend_G","Strike_G","Strike_G","Strike_G","Strike_G","Survivor","Neutralize","Malaise","Blur","Dash+1","Quick Slash","Dodge and Roll","Dodge and Roll","Bouncing Flask+1","Bane","Concentrate","Tools of the Trade","Burst","Dagger Spray","Noxious Fumes+1","Acrobatics","Burst","Deflect","Footwork+1","Noxious Fumes","Tactician"],"max_hp_per_floor":[70,70,70,70,70,70,70,70,70,70,70,70,70,70,70,70,70,70,70,70,70,70,70,70],"relics":["Ring of the Snake","Tough Bandages","Orrery","Dodecahedron","Singing Bowl"],"card_choices":[{"not_picked":["PiercingWail","Malaise"],"picked":"Blur","floor":1.0},{"not_picked":["Slice","Blade Dance"],"picked":"Dash","floor":2.0},{"not_picked":["Crippling Poison","Caltrops"],"picked":"Quick Slash","floor":3.0},{"not_picked":["PiercingWail","Distraction"],"picked":"Dodge and Roll","floor":5.0},{"not_picked":["Deflect","Poisoned Stab"],"picked":"Dodge and Roll","floor":6.0},{"not_picked":["Choke","Quick Slash"],"picked":"Bane","floor":8.0},{"not_picked":["Deflect","Dagger Throw"],"picked":"Concentrate","floor":11.0},{"not_picked":["Leg Sweep","Cloak And Dagger"],"picked":"Tools of the Trade","floor":13.0},{"not_picked":["Phantasmal Killer","Wraith Form"],"picked":"Burst","floor":16.0},{"not_picked":["Quick Slash","Infinite Blades"],"picked":"Dagger Spray","floor":17.0},{"not_picked":["PiercingWail","Reflex"],"picked":"Noxious Fumes","floor":17.0},{"not_picked":["Dodge and Roll","Quick Slash"],"picked":"Acrobatics","floor":17.0},{"not_picked":["Backflip","Blade Dance"],"picked":"Burst","floor":17.0},{"not_picked":["Predator","Outmaneuver"],"picked":"Deflect","floor":17.0},{"not_picked":["PiercingWail","Infinite Blades"],"picked":"Footwork","floor":18.0}],"player_experience":114100,"potions_floor_usage":[],"damage_taken":[{"damage":6.0,"enemies":"Jaw Worm","floor":1.0,"turns":8.0},{"damage":0.0,"enemies":"Small Slimes","floor":2.0,"turns":5.0},{"damage":5.0,"enemies":"2 Louse","floor":3.0,"turns":3.0},{"damage":2.0,"enemies":"2 Fungi Beasts","floor":5.0,"turns":5.0},{"damage":0.0,"enemies":"Looter","floor":6.0,"turns":4.0},{"damage":0.0,"enemies":"Large Slime","floor":8.0,"turns":7.0},{"damage":11.0,"enemies":"3 Louse","floor":11.0,"turns":8.0},{"damage":0.0,"enemies":"Exordium Wildlife","floor":13.0,"turns":6.0},{"damage":0.0,"enemies":"Hexaghost","floor":16.0,"turns":10.0},{"damage":2.0,"enemies":"3 Byrds","floor":18.0,"turns":5.0},{"damage":73,"enemies":"Gremlin Leader","floor":24,"turns":9}],"event_choices":[{"event_name":"Liars Game","player_choice":"disagreed","floor":4.0,"damage_taken":0.0},{"event_name":"The Cleric","player_choice":"Leave","floor":12.0,"damage_taken":0.0},{"event_name":"World of Goop","player_choice":"Gather Gold","floor":14.0,"damage_taken":0.0},{"event_name":"The Mausoleum","player_choice":"Yes","floor":19,"damage_taken":0},{"event_name":"Addict","player_choice":"Obtained Relic","floor":20,"damage_taken":0},{"event_name":"The Library","player_choice":"Read","floor":22,"damage_taken":0}],"boss_relics":[],"potions_floor_spawned":[3,5,6,8,11],"seed_played":"-3979819623903392735","killed_by":"Gremlin Leader","ascension_level":1,"is_trial":false}