{"gold_per_floor":[112,112,112,2,18,18,50,50,121,121,131,131,148,168,168,168],"floor_reached":16,"playtime":423,"items_purged":["Regret"],"score":110,"play_id":"7d08da7a-b4ff-44ae-958f-4288211c5a0b","local_time":"20180706203125","is_ascension_mode":true,"campfire_choices":[{"data":"Juggernaut","floor":8,"key":"SMITH"},{"floor":12,"key":"REST"},{"floor":15,"key":"REST"}],"neow_cost":"NONE","seed_source_timestamp":118280990837948,"circlet_count":0,"master_deck":["Strike_R","Strike_R","Strike_R","Strike_R","Defend_R","Defend_R","Defend_R","Defend_R","Bash","Juggernaut+1","Combust","Fire Breathing","Iron Wave","Decay","Evolve","Feel No Pain","Body Slam","Headbutt"],"relics":["Burning Blood","Bag of Preparation","Toxic Egg 2","Darkstone Periapt"],"potions_floor_usage":[7,13,13,16],"damage_taken":[{"damage":4,"enemies":"2 Louse","floor":1,"turns":6},{"damage":2,"enemies":"Cultist","floor":5,"turns":3},{"damage":42,"enemies":"Gremlin Nob","floor":7,"turns":6},{"damage":15,"enemies":"Jaw Worm","floor":11,"turns":6},{"damage":26,"enemies":"Exordium Thugs","floor":13,"turns":5},{"damage":26,"enemies":"Looter","floor":14,"turns":3},{"damage":46,"enemies":"Hexaghost","floor":16,"turns":7}],"seed_played":"2490506834780798968","potions_obtained":[{"floor":1,"key":"Block Potion"},{"floor":7,"key":"EssenceOfSteel"},{"floor":10,"key":"FearPotion"},{"floor":10,"key":"Fire Potion"},{"floor":13,"key":"SmokeBomb"}],"is_trial":false,"path_per_floor":["M","?","?","$","M","?","E","R","T","?","M","R","M","M","R"],"character_chosen":"IRONCLAD","items_purchased":["Fire Breathing"],"campfire_rested":2,"item_purchase_floors":[4],"current_hp_per_floor":[80,80,80,80,80,80,44,44,44,44,35,59,39,19,43,0],"gold":168,"neow_bonus":"ONE_RANDOM_RARE_CARD","is_prod":false,"is_daily":false,"chose_seed":false,"campfire_upgraded":1,"win_rate":0,"timestamp":1530901885,"path_taken":["M","?","?","$","M","?","E","R","T","?","?","R","M","M","R","BOSS"],"build_version":"2018-07-05","purchased_purges":1,"victory":false,"max_hp_per_floor":[80,80,80,80,80,80,80,80,80,80,80,80,80,80,80,80],"card_choices":[{"not_picked":["Twin Strike","Flame Barrier"],"picked":"Combust","floor":1},{"not_picked":["Perfected Strike","Warcry"],"picked":"Iron Wave","floor":5},{"not_picked":["Shockwave","Warcry"],"picked":"Evolve","floor":7},{"not_picked":["Iron Wave","Wild Strike"],"picked":"Feel No Pain","floor":11},{"not_picked":["Searing Blow","Twin Strike"],"picked":"Body Slam","floor":13},{"not_picked":["Pommel Strike","Hemokinesis"],"picked":"Headbutt","floor":14}],"player_experience":86808,"relics_obtained":[{"floor":7,"key":"Toxic Egg 2"},{"floor":9,"key":"Darkstone Periapt"}],"event_choices":[{"event_name":"Bonfire Elementals","player_choice":"BASIC","floor":2,"damage_taken":0},{"event_name":"Big Fish","player_choice":"Box","floor":3,"damage_taken":0},{"event_name":"Wheel of Change","player_choice":"Curse","floor":6,"damage_taken":0},{"event_name":"The Lab","player_choice":"Got Potions","floor":10,"damage_taken":0}],"boss_relics":[],"items_purged_floors":[4],"is_endless":false,"potions_floor_spawned":[1,7,13],"killed_by":"Hexaghost","ascension_level":2}