{"gold_per_floor":[118,128,128,128,198,198,211,229,229,241,241,260,277,11,11,90,90,110,110,110,128,145,145,159,171,171,181,200,125,143,153,153,230,230,246,246,264,264,284,21,21,21,48,48],"floor_reached":44,"playtime":3249,"items_purged":["Pain","Blizzard"],"score":775,"play_id":"616b8cbf-47d6-49de-94fd-234d927885a8","local_time":"20190527163533","is_ascension_mode":true,"campfire_choices":[{"floor":6,"key":"REST"},{"floor":11,"key":"REST"},{"floor":15,"key":"REST"},{"data":"Reinforced Body","floor":23,"key":"SMITH"},{"floor":32,"key":"REST"},{"data":"Zap","floor":41,"key":"SMITH"}],"neow_cost":"PERCENT_DAMAGE","seed_source_timestamp":224335359987518,"circlet_count":0,"master_deck":["AscendersBane","Zap+1","Dualcast","Reinforced Body+1","Ball Lightning","Coolheaded","Steam","Compile Driver+1","Cold Snap","Machine Learning","Echo Form","Double Energy+1","Force Field+1","Consume+1","Static Discharge","Go for the Eyes+1","BootSequence","Turbo","Reboot","Creative AI","Rainbow","Echo Form","Sweeping Beam+1","Melter","Turbo","BootSequence+1"],"relics":["Cracked Core","Pocketwatch","Bag of Preparation","Cables","Mercury Hourglass","Meat on the Bone","Astrolabe","WarpedTongs","Letter Opener","Pandora\u0027s Box","Ancient Tea Set","Oddly Smooth Stone","Whetstone"],"potions_floor_usage":[16,24,25,25,31,44],"damage_taken":[{"damage":7,"enemies":"Jaw Worm","floor":1,"turns":2},{"damage":0,"enemies":"Small Slimes","floor":2,"turns":3},{"damage":0,"enemies":"Cultist","floor":7,"turns":2},{"damage":0,"enemies":"Red Slaver","floor":8,"turns":3},{"damage":23,"enemies":"Exordium Thugs","floor":10,"turns":4},{"damage":3,"enemies":"2 Fungi Beasts","floor":12,"turns":2},{"damage":3,"enemies":"Gremlin Gang","floor":13,"turns":3},{"damage":15,"enemies":"Slime Boss","floor":16,"turns":7},{"damage":0,"enemies":"Spheric Guardian","floor":18,"turns":5},{"damage":25,"enemies":"Shell Parasite","floor":21,"turns":6},{"damage":10,"enemies":"Centurion and Healer","floor":22,"turns":10},{"damage":3,"enemies":"Snake Plant","floor":24,"turns":5},{"damage":15,"enemies":"3 Cultists","floor":25,"turns":5},{"damage":12,"enemies":"Centurion and Healer","floor":27,"turns":5},{"damage":6,"enemies":"Snake Plant","floor":28,"turns":4},{"damage":3,"enemies":"Sentry and Sphere","floor":30,"turns":5},{"damage":4,"enemies":"3 Cultists","floor":31,"turns":4},{"damage":43,"enemies":"Collector","floor":33,"turns":10},{"damage":9,"enemies":"Orb Walker","floor":35,"turns":4},{"damage":10,"enemies":"3 Darklings","floor":37,"turns":4},{"damage":19,"enemies":"4 Shapes","floor":39,"turns":6},{"damage":36,"enemies":"Maw","floor":44,"turns":4}],"seed_played":"374356358251124810","potions_obtained":[{"floor":1,"key":"Swift Potion"},{"floor":8,"key":"Swift Potion"},{"floor":12,"key":"PowerPotion"},{"floor":21,"key":"Block Potion"},{"floor":24,"key":"LiquidBronze"},{"floor":25,"key":"FearPotion"},{"floor":27,"key":"Energy Potion"},{"floor":35,"key":"SpeedPotion"}],"is_trial":false,"path_per_floor":["M","M","?","?","T","R","M","M","T","M","R","M","M","$","R","B",null,"M","?","?","M","M","R","M","M","T","M","M","$","M","M","R","B",null,"M","?","M","?","M","$","R","$","T","M"],"character_chosen":"DEFECT","items_purchased":["Meat on the Bone","Oddly Smooth Stone"],"campfire_rested":4,"item_purchase_floors":[14,40],"current_hp_per_floor":[39,39,13,13,13,34,34,34,34,11,32,29,26,26,47,44,64,64,64,64,39,41,41,38,35,35,35,41,41,38,46,67,36,62,53,53,43,43,36,36,36,36,36,0],"gold":48,"neow_bonus":"ONE_RARE_RELIC","is_prod":false,"is_daily":false,"chose_seed":false,"campfire_upgraded":2,"win_rate":0,"timestamp":1559000133,"path_taken":["M","M","?","?","?","R","M","M","T","M","R","?","M","?","R","BOSS","M","?","?","M","M","R","?","M","T","M","M","$","M","M","R","BOSS","M","?","?","?","M","$","R","$","T","M"],"build_version":"2019-01-23","purchased_purges":2,"victory":false,"max_hp_per_floor":[71,71,71,71,71,71,71,71,71,71,71,71,71,71,71,71,71,71,71,71,71,71,71,71,71,71,71,71,71,71,71,71,71,71,71,71,71,71,71,71,71,71,71,71],"card_choices":[{"not_picked":["Leap","Stack"],"picked":"Reinforced Body","floor":1},{"not_picked":["Compile Driver","Beam Cell"],"picked":"Ball Lightning","floor":2},{"not_picked":["Go for the Eyes","Barrage"],"picked":"Coolheaded","floor":7},{"not_picked":["Recycle","Skim"],"picked":"Steam","floor":8},{"not_picked":["Barrage","Auto Shields"],"picked":"Compile Driver","floor":10},{"not_picked":["Storm","Gash"],"picked":"Cold Snap","floor":12},{"not_picked":["Lockon","Streamline"],"picked":"Machine Learning","floor":13},{"not_picked":["Hyperbeam","Reboot"],"picked":"Echo Form","floor":16},{"not_picked":["Turbo","Coolheaded"],"picked":"Static Discharge","floor":18},{"not_picked":["Tempest","Undo"],"picked":"Go for the Eyes+1","floor":21},{"not_picked":["Heatsinks","Stack"],"picked":"BootSequence","floor":22},{"not_picked":["Doom and Gloom","Reinforced Body"],"picked":"Turbo","floor":24},{"not_picked":["Beam Cell","Barrage","Gash"],"picked":"SKIP","floor":25},{"not_picked":["Stack","Barrage","Cold Snap"],"picked":"SKIP","floor":27},{"not_picked":["Leap","Scrape"],"picked":"Reboot","floor":28},{"not_picked":["Sweeping Beam","Beam Cell","Heatsinks"],"picked":"SKIP","floor":30},{"not_picked":["Rebound","Thunder Strike","Go for the Eyes"],"picked":"SKIP","floor":31},{"not_picked":["Rainbow","Echo Form"],"picked":"Creative AI","floor":33},{"not_picked":["Steam","Capacitor"],"picked":"Turbo","floor":35},{"not_picked":["Aggregate","Rebound+1","Beam Cell"],"picked":"SKIP","floor":37},{"not_picked":["Recycle","Turbo"],"picked":"BootSequence+1","floor":39}],"player_experience":764457,"relics_obtained":[{"floor":5,"key":"Cables"},{"floor":9,"key":"Mercury Hourglass"},{"floor":26,"key":"Letter Opener"},{"floor":43,"key":"Whetstone"}],"event_choices":[{"damage_healed":0,"gold_gain":0,"player_choice":"Success","damage_taken":26,"relics_obtained":["Bag of Preparation"],"max_hp_gain":0,"max_hp_loss":0,"event_name":"Scrap Ooze","floor":3,"gold_loss":0},{"damage_healed":0,"gold_gain":0,"player_choice":"Ignored","damage_taken":0,"max_hp_gain":0,"max_hp_loss":0,"event_name":"Shining Light","floor":4,"gold_loss":0},{"damage_healed":0,"gold_gain":0,"player_choice":"Ignored","damage_taken":0,"max_hp_gain":0,"max_hp_loss":0,"event_name":"Vampires","floor":19,"gold_loss":0},{"damage_healed":0,"gold_gain":0,"player_choice":"Rummage","damage_taken":0,"relics_obtained":["WarpedTongs"],"max_hp_gain":0,"max_hp_loss":0,"event_name":"Accursed Blacksmith","floor":20,"gold_loss":0,"cards_obtained":["Pain"]},{"damage_healed":0,"gold_gain":0,"player_choice":"Gave Potion","damage_taken":0,"relics_obtained":["Ancient Tea Set"],"max_hp_gain":0,"max_hp_loss":0,"event_name":"WeMeetAgain","floor":36,"gold_loss":0},{"damage_healed":0,"gold_gain":0,"player_choice":"Ignored","damage_taken":0,"max_hp_gain":0,"max_hp_loss":0,"event_name":"Mysterious Sphere","floor":38,"gold_loss":0}],"is_beta":false,"boss_relics":[{"not_picked":["Empty Cage","White Beast Statue"],"picked":"Astrolabe"},{"not_picked":["Busted Crown","Sozu"],"picked":"Pandora\u0027s Box"}],"items_purged_floors":[29,40],"is_endless":false,"potions_floor_spawned":[1,8,12,21,24,25,27,30,35],"killed_by":"Maw","ascension_level":18}