{"gold_per_floor":[112,412,412,429,7,7,33,45,135,147,190,214,237,275,287,374,386,416,444,456,468,480,492,537,89,112,127,146,146,177,191,191,265,265,282,295,119,119,134,134,164,164,211,211,243,256,290,310,310,310,310],"floor_reached":52,"playtime":1829,"items_purged":["Strike_R","Strike_R"],"score":2196,"play_id":"0f2e83e8-fff8-4ad2-a26f-3ec8481b1f70","local_time":"20190603181410","is_ascension_mode":true,"campfire_choices":[{"data":"Inflame","floor":6.0,"key":"SMITH"},{"data":"Body Slam","floor":8.0,"key":"SMITH"},{"data":"Uppercut","floor":10.0,"key":"SMITH"},{"data":"Shockwave","floor":15.0,"key":"SMITH"},{"floor":23.0,"key":"REST"},{"floor":29.0,"key":"REST"},{"data":"True Grit","floor":32.0,"key":"SMITH"},{"data":"Limit Break","floor":40.0,"key":"SMITH"},{"data":"Offering","floor":42.0,"key":"SMITH"},{"data":"Armaments","floor":49.0,"key":"SMITH"}],"neow_cost":"NONE","seed_source_timestamp":0,"circlet_count":0,"master_deck":["AscendersBane","Strike_R","Strike_R","Strike_R","Defend_R","Defend_R","Defend_R","Defend_R","Bash","Reckless Charge","Body Slam+1","Ghostly Armor","Spot Weakness","Inflame+1","Uppercut+1","Sword Boomerang","Shrug It Off","Juggernaut+1","Armaments+1","Shockwave+1","Barricade+1","Flame Barrier","Feel No Pain+1","Necronomicurse","True Grit+1","Metallicize+1","Shrug It Off","Whirlwind+1","Pommel Strike+1","Limit Break+1","Warcry+1","Demon Form+1","Offering+1","Uppercut+1","Whirlwind+1","Corruption+1","Warcry+1","Pommel Strike+1"],"special_seed":0,"relics":["Burning Blood","NeowsBlessing","Old Coin","Pantograph","MawBank","Mummified Hand","Frozen Egg 2","Charon\u0027s Ashes","Snecko Eye","Necronomicon","Molten Egg 2","Omamori","HandDrill","Orichalcum","Magic Flower","Cursed Key","Mercury Hourglass","Centennial Puzzle","The Courier","Paper Frog"],"potions_floor_usage":[51],"damage_taken":[{"damage":0.0,"enemies":"Small Slimes","floor":1.0,"turns":1.0},{"damage":0.0,"enemies":"Jaw Worm","floor":4.0,"turns":1.0},{"damage":0.0,"enemies":"3 Sentries","floor":7.0,"turns":2.0},{"damage":6.0,"enemies":"Gremlin Nob","floor":11.0,"turns":3.0},{"damage":0.0,"enemies":"Cultist","floor":12.0,"turns":3.0},{"damage":4.0,"enemies":"Blue Slaver","floor":13.0,"turns":3.0},{"damage":20.0,"enemies":"Lagavulin","floor":14.0,"turns":4.0},{"damage":38.0,"enemies":"Slime Boss","floor":16.0,"turns":9.0},{"damage":18.0,"enemies":"Chosen","floor":18.0,"turns":4.0},{"damage":7.0,"enemies":"2 Thieves","floor":19.0,"turns":4.0},{"damage":28.0,"enemies":"Slavers","floor":24.0,"turns":4.0},{"damage":0.0,"enemies":"3 Cultists","floor":27.0,"turns":3.0},{"damage":15.0,"enemies":"Snake Plant","floor":28.0,"turns":4.0},{"damage":11.0,"enemies":"Book of Stabbing","floor":30.0,"turns":4.0},{"damage":15.0,"enemies":"Centurion and Healer","floor":31.0,"turns":6.0},{"damage":17.0,"enemies":"Champ","floor":33.0,"turns":10.0},{"damage":0.0,"enemies":"Orb Walker","floor":35.0,"turns":2.0},{"damage":0.0,"enemies":"3 Shapes","floor":36.0,"turns":3.0},{"damage":0.0,"enemies":"Jaw Worm Horde","floor":39.0,"turns":1.0},{"damage":6.0,"enemies":"Giant Head","floor":41.0,"turns":5.0},{"damage":18.0,"enemies":"Reptomancer","floor":45.0,"turns":4.0},{"damage":6.0,"enemies":"Sphere and 2 Shapes","floor":46.0,"turns":1.0},{"damage":6.0,"enemies":"Nemesis","floor":47.0,"turns":3.0},{"damage":6.0,"enemies":"Transient","floor":48.0,"turns":5.0},{"damage":29,"enemies":"Awakened One","floor":50,"turns":6},{"damage":18,"enemies":"Donu and Deca","floor":51,"turns":5}],"seed_played":"119000954364147138","potions_obtained":[{"floor":1.0,"key":"GamblersBrew"},{"floor":11.0,"key":"Fire Potion"},{"floor":14.0,"key":"SteroidPotion"},{"floor":18.0,"key":"EssenceOfSteel"},{"floor":33.0,"key":"SkillPotion"},{"floor":45.0,"key":"Poison Potion"}],"is_trial":false,"path_per_floor":["M","?","T","M","$","R","E","R","T","R","E","M","M","E","R","B",null,"M","M","?","?","?","R","E","$","T","M","M","R","E","M","R","B",null,"M","M","$","?","M","R","E","R","T","?","E","M","E","M","R","B","B",null],"character_chosen":"IRONCLAD","items_purchased":["Ghostly Armor","Spot Weakness","Inflame","Uppercut","Sword Boomerang","Metallicize+1","Shrug It Off","HandDrill","AttackPotion","Demon Form+1"],"campfire_rested":2,"item_purchase_floors":[5,5,5,5,5,25,25,25,25,37],"current_hp_per_floor":[74,63,63,69,69,69,75,75,75,75,75,75,75,61,61,43,67,55,54,54,33,33,55,33,33,33,39,30,52,47,41,41,67,73,75,75,75,71,71,71,71,71,71,71,62,65,68,71,71,51,62],"gold":310,"neow_bonus":"THREE_ENEMY_KILL","is_prod":false,"is_daily":false,"chose_seed":false,"campfire_upgraded":8,"win_rate":0,"timestamp":1559560450,"path_taken":["M","?","?","M","$","R","E","R","T","R","E","?","M","E","R","BOSS","M","M","?","?","?","R","E","$","T","M","M","R","E","M","R","BOSS","M","?","$","?","M","R","E","R","T","?","E","M","E","?","R","BOSS","BOSS"],"build_version":"2019-01-23","purchased_purges":2,"victory":true,"max_hp_per_floor":[75,75,75,75,75,75,75,75,75,75,75,75,75,75,75,75,75,75,75,75,75,75,75,75,75,75,75,75,75,75,75,75,75,75,75,75,75,71,71,71,71,71,71,71,71,71,71,71,71,71,71],"card_choices":[{"not_picked":["Body Slam","True Grit"],"picked":"Reckless Charge","floor":1.0},{"not_picked":["Flex","Thunderclap"],"picked":"Body Slam","floor":4.0},{"not_picked":["Rage","Wild Strike"],"picked":"Shrug It Off","floor":7.0},{"not_picked":["Rampage","Exhume"],"picked":"Juggernaut","floor":11.0},{"not_picked":["Clash","Sword Boomerang"],"picked":"Armaments","floor":12.0},{"not_picked":["Body Slam","Thunderclap","Iron Wave"],"picked":"SKIP","floor":13.0},{"not_picked":["Blood for Blood","Combust+1"],"picked":"Shockwave","floor":14.0},{"not_picked":["Exhume","Impervious"],"picked":"Barricade+1","floor":16.0},{"not_picked":["Clothesline","Shockwave+1"],"picked":"Flame Barrier","floor":18.0},{"not_picked":["Combust+1","Iron Wave"],"picked":"Feel No Pain+1","floor":19.0},{"not_picked":["Second Wind","Anger+1"],"picked":"True Grit","floor":24.0},{"not_picked":["Iron Wave+1","Wild Strike+1"],"picked":"Whirlwind+1","floor":27.0},{"not_picked":["Bloodletting","Flex"],"picked":"Pommel Strike+1","floor":28.0},{"not_picked":["Flex","Clash+1","Sever Soul+1"],"picked":"SKIP","floor":30.0},{"not_picked":["Dual Wield","Clash+1","Fire Breathing+1"],"picked":"SKIP","floor":31.0},{"not_picked":["Juggernaut+1","Barricade+1"],"picked":"Limit Break","floor":33.0},{"not_picked":["Twin Strike+1","Second Wind+1","Anger+1"],"picked":"SKIP","floor":35.0},{"not_picked":["Clothesline+1","Perfected Strike+1"],"picked":"Warcry+1","floor":36.0},{"not_picked":["Clash+1","Seeing Red"],"picked":"Offering","floor":39.0},{"not_picked":["Flex+1","Ghostly Armor"],"picked":"Uppercut+1","floor":41.0},{"not_picked":["Sever Soul+1","Clash+1"],"picked":"Corruption+1","floor":45.0},{"not_picked":["Iron Wave+1","Havoc"],"picked":"Warcry+1","floor":46.0},{"not_picked":["Bloodletting","Iron Wave+1","Carnage+1"],"picked":"SKIP","floor":47.0},{"not_picked":["Flex","Wild Strike+1"],"picked":"Pommel Strike+1","floor":48.0}],"player_experience":542746,"relics_obtained":[{"floor":3.0,"key":"Pantograph"},{"floor":7.0,"key":"MawBank"},{"floor":9.0,"key":"Mummified Hand"},{"floor":11.0,"key":"Frozen Egg 2"},{"floor":14.0,"key":"Charon\u0027s Ashes"},{"floor":21.0,"key":"Necronomicon"},{"floor":24.0,"key":"Omamori"},{"floor":26.0,"key":"Orichalcum"},{"floor":30.0,"key":"Magic Flower"},{"floor":41.0,"key":"Mercury Hourglass"},{"floor":43.0,"key":"Centennial Puzzle"},{"floor":45.0,"key":"The Courier"},{"floor":47.0,"key":"Paper Frog"}],"event_choices":[{"damage_healed":0.0,"max_hp_gain":0.0,"max_hp_loss":0.0,"gold_gain":0.0,"event_name":"Scrap Ooze","player_choice":"Success","floor":2.0,"gold_loss":0.0,"damage_taken":11.0,"relics_obtained":["Old Coin"]},{"damage_healed":0.0,"max_hp_gain":0.0,"max_hp_loss":0.0,"gold_gain":0.0,"event_name":"Vampires","player_choice":"Ignored","floor":20.0,"gold_loss":0.0,"damage_taken":0.0},{"damage_healed":0.0,"max_hp_gain":0.0,"max_hp_loss":0.0,"gold_gain":0.0,"event_name":"Cursed Tome","player_choice":"Obtained Book","floor":21.0,"gold_loss":0.0,"damage_taken":21.0},{"damage_healed":0.0,"max_hp_gain":0.0,"max_hp_loss":0.0,"gold_gain":0.0,"event_name":"WeMeetAgain","player_choice":"Gave Potion","floor":22.0,"gold_loss":0.0,"damage_taken":0.0,"relics_obtained":["Molten Egg 2"]},{"damage_healed":0.0,"max_hp_gain":0.0,"max_hp_loss":4.0,"gold_gain":0.0,"event_name":"Winding Halls","player_choice":"Max HP","floor":38.0,"gold_loss":0.0,"damage_taken":0.0},{"damage_healed":0.0,"max_hp_gain":0.0,"max_hp_loss":0.0,"gold_gain":0.0,"event_name":"Duplicator","player_choice":"Copied","floor":44.0,"gold_loss":0.0,"damage_taken":0.0,"cards_obtained":["Whirlwind"]}],"is_beta":false,"boss_relics":[{"not_picked":["Ectoplasm","White Beast Statue"],"picked":"Snecko Eye"},{"not_picked":["Black Star","Eternal Feather"],"picked":"Cursed Key"}],"items_purged_floors":[5,25],"is_endless":false,"potions_floor_spawned":[1,11,14,18,19,33,36,45,46],"ascension_level":20}