{"gold_per_floor":[20,20,195,49,49,78,5,5,28,43,63,82,95,105,105,105],"floor_reached":16,"playtime":406,"items_purged":[],"score":102,"play_id":"e64bf939-f1d5-49ae-8145-d2fcf1adc24c","local_time":"20190127230127","is_ascension_mode":false,"campfire_choices":[{"data":"Defragment","floor":8,"key":"SMITH"},{"floor":15,"key":"REST"}],"neow_cost":"NO_GOLD","seed_source_timestamp":214652542622629,"circlet_count":0,"master_deck":["Strike_B+1","Strike_B+1","Strike_B","Strike_B","Defend_B","Defend_B","Defend_B","Defend_B","Zap","Dualcast+1","Jack Of All Trades","Madness","Conserve Battery+1","Doubt","Lockon+1","Defragment+1","Cold Snap+1","Auto Shields","Steam","Coolheaded","All For One+1"],"relics":["Cracked Core","War Paint","Molten Egg 2","Potion Belt"],"potions_floor_usage":[13,16,16],"damage_taken":[{"damage":9,"enemies":"2 Louse","floor":1,"turns":3},{"damage":19,"enemies":"Lagavulin","floor":6,"turns":9},{"damage":1,"enemies":"Jaw Worm","floor":10,"turns":4},{"damage":0,"enemies":"Small Slimes","floor":11,"turns":2},{"damage":14,"enemies":"Exordium Wildlife","floor":12,"turns":4},{"damage":6,"enemies":"Gremlin Gang","floor":13,"turns":3},{"damage":0,"enemies":"Looter","floor":14,"turns":3},{"damage":33,"enemies":"Slime Boss","floor":16,"turns":5}],"seed_played":"4962881654029212063","potions_obtained":[{"floor":1,"key":"EssenceOfSteel"},{"floor":12,"key":"Explosive Potion"},{"floor":13,"key":"Fire Potion"}],"is_trial":false,"path_per_floor":["M","?","?","$","?","E","$","R","T","M","M","M","M","M","R","B"],"character_chosen":"DEFECT","items_purchased":["War Paint","Defragment"],"campfire_rested":1,"item_purchase_floors":[4,7],"current_hp_per_floor":[66,51,51,51,51,32,32,32,32,31,31,17,11,11,33,0],"gold":105,"neow_bonus":"RANDOM_COLORLESS_2","is_prod":false,"is_daily":false,"chose_seed":false,"campfire_upgraded":1,"win_rate":0,"timestamp":1548626487,"path_taken":["M","?","?","$","?","E","$","R","T","?","?","M","M","M","R","BOSS"],"build_version":"2019-01-23","purchased_purges":0,"victory":false,"max_hp_per_floor":[75,75,75,75,75,75,75,75,75,75,75,75,75,75,75,75],"card_choices":[{"not_picked":["Beam Cell","Streamline"],"picked":"Conserve Battery","floor":1},{"not_picked":["Fusion","Hologram"],"picked":"Lockon","floor":6},{"not_picked":["Go for the Eyes+1","Rip and Tear+1"],"picked":"Cold Snap+1","floor":10},{"not_picked":["Hello World","Double Energy"],"picked":"Auto Shields","floor":11},{"not_picked":["Gash+1","Rebound+1"],"picked":"Steam","floor":12},{"not_picked":["Redo","Barrage+1"],"picked":"Coolheaded","floor":13},{"not_picked":["BootSequence","White Noise"],"picked":"All For One+1","floor":14}],"player_experience":211822,"relics_obtained":[{"floor":6,"key":"Molten Egg 2"},{"floor":9,"key":"Potion Belt"}],"event_choices":[{"damage_healed":0,"gold_gain":0,"player_choice":"Entered Light","damage_taken":15,"max_hp_gain":0,"max_hp_loss":0,"event_name":"Shining Light","floor":2,"gold_loss":0,"cards_upgraded":["Strike_B","Strike_B"]},{"damage_healed":0,"gold_gain":175,"player_choice":"AGREE","damage_taken":0,"max_hp_gain":0,"max_hp_loss":0,"event_name":"Liars Game","floor":3,"gold_loss":0,"cards_obtained":["Doubt"]},{"damage_healed":0,"gold_gain":0,"player_choice":"Leave","damage_taken":0,"max_hp_gain":0,"max_hp_loss":0,"event_name":"The Cleric","floor":5,"gold_loss":0}],"is_beta":false,"boss_relics":[],"items_purged_floors":[],"is_endless":false,"potions_floor_spawned":[1,12,13],"killed_by":"Slime Boss","ascension_level":0}