{"gold_per_floor":[114,129,144,159,172,203,203,203,252,285,285,303,316,342,342,442,442,461,477,477,487,153,188,188,219,243,243,143,143,171,46,46,142,142,159,159,169,217,235,235,255,255,255,255,255,105,105,125,125,125],"floor_reached":50,"playtime":3268,"items_purged":["Strike_R","Defend_R","Strike_R","Defend_R"],"score":546,"play_id":"7c024537-3b8f-4273-8a8e-35f056d8e174","local_time":"20190524035742","is_ascension_mode":true,"campfire_choices":[{"floor":7.0,"key":"RECALL"},{"data":"Carnage","floor":11.0,"key":"SMITH"},{"data":"Iron Wave","floor":15.0,"key":"SMITH"},{"data":"Double Tap","floor":24.0,"key":"SMITH"},{"data":"Pommel Strike","floor":27.0,"key":"SMITH"},{"data":"Strike_R","floor":29.0,"key":"SMITH"},{"floor":32.0,"key":"REST"},{"floor":40.0,"key":"REST"},{"data":"Infernal Blade","floor":42.0,"key":"SMITH"},{"data":"The Bomb","floor":45.0,"key":"SMITH"},{"floor":47.0,"key":"REST"},{"data":"Anger","floor":49.0,"key":"SMITH"}],"neow_cost":"NONE","seed_source_timestamp":208678682659000,"circlet_count":0,"master_deck":["Strike_R+1","Defend_R+1","Bash","Shrug It Off+1","Pommel Strike+1","Clash","Shrug It Off+1","Carnage+1","Iron Wave+1","Battle Trance","Double Tap+1","Battle Trance+1","Spot Weakness+1","Infernal Blade+1","Cleave+1","Hemokinesis+1","Thunderclap+1","Armaments+1","Carnage+1","Clash+1","The Bomb+1","Anger+1"],"special_seed":0,"relics":["Burning Blood","Oddly Smooth Stone","War Paint","Pear","Lantern","Lizard Tail","MutagenicStrength","Matryoshka","Dream Catcher","Meat on the Bone","Orichalcum","Unceasing Top","Astrolabe","Bird Faced Urn","Pocketwatch","Potion Belt"],"potions_floor_usage":[50,50],"damage_taken":[{"damage":7.0,"enemies":"Jaw Worm","floor":1.0,"turns":5.0},{"damage":0.0,"enemies":"Cultist","floor":2.0,"turns":3.0},{"damage":0.0,"enemies":"Small Slimes","floor":3.0,"turns":4.0},{"damage":6.0,"enemies":"3 Louse","floor":4.0,"turns":3.0},{"damage":4.0,"enemies":"2 Fungi Beasts","floor":5.0,"turns":3.0},{"damage":7.0,"enemies":"3 Sentries","floor":6.0,"turns":11.0},{"damage":28.0,"enemies":"Gremlin Nob","floor":10.0,"turns":5.0},{"damage":1.0,"enemies":"Looter","floor":12.0,"turns":2.0},{"damage":4.0,"enemies":"3 Louse","floor":13.0,"turns":3.0},{"damage":6.0,"enemies":"3 Sentries","floor":14.0,"turns":9.0},{"damage":26.0,"enemies":"Slime Boss","floor":16.0,"turns":12.0},{"damage":13.0,"enemies":"Spheric Guardian","floor":18.0,"turns":4.0},{"damage":25.0,"enemies":"3 Byrds","floor":19.0,"turns":8.0},{"damage":3.0,"enemies":"Snecko","floor":21.0,"turns":6.0},{"damage":11.0,"enemies":"Slavers","floor":23.0,"turns":7.0},{"damage":13.0,"enemies":"Book of Stabbing","floor":25.0,"turns":5.0},{"damage":53.0,"enemies":"Gremlin Leader","floor":30.0,"turns":8.0},{"damage":57.0,"enemies":"Collector","floor":33.0,"turns":12.0},{"damage":7.0,"enemies":"3 Shapes","floor":35.0,"turns":3.0},{"damage":1.0,"enemies":"Orb Walker","floor":37.0,"turns":3.0},{"damage":74.0,"enemies":"2 Orb Walkers","floor":38.0,"turns":6.0},{"damage":26.0,"enemies":"4 Shapes","floor":39.0,"turns":6.0},{"damage":8.0,"enemies":"Spire Growth","floor":41.0,"turns":4.0},{"damage":13.0,"enemies":"3 Darklings","floor":48.0,"turns":4.0},{"damage":106,"enemies":"Time Eater","floor":50,"turns":11}],"seed_played":"9039207083665524151","potions_obtained":[{"floor":4.0,"key":"Energy Potion"},{"floor":5.0,"key":"Ancient Potion"},{"floor":12.0,"key":"PowerPotion"},{"floor":13.0,"key":"EssenceOfSteel"},{"floor":14.0,"key":"SkillPotion"},{"floor":18.0,"key":"Explosive Potion"},{"floor":30.0,"key":"Block Potion"},{"floor":33.0,"key":"Block Potion"},{"floor":35.0,"key":"Swift Potion"},{"floor":39.0,"key":"SpeedPotion"},{"floor":41.0,"key":"Explosive Potion"}],"is_trial":false,"path_per_floor":["M","M","M","M","M","E","R","?","T","E","R","M","M","E","R","B",null,"M","M","?","M","$","E","R","E","T","R","$","R","E","$","R","B",null,"M","?","M","?","M","R","M","R","T","?","R","$","R","M","R","B"],"character_chosen":"IRONCLAD","items_purchased":["Matryoshka"],"campfire_rested":3,"item_purchase_floors":[22],"current_hp_per_floor":[79,80,80,80,80,79,79,79,79,67,67,72,74,74,74,54,90,83,64,64,67,67,62,62,55,55,55,55,55,20,20,47,54,90,89,89,90,34,26,53,63,63,63,63,63,63,90,83,83,0],"gold":125,"neow_bonus":"THREE_CARDS","is_prod":false,"is_daily":false,"chose_seed":false,"campfire_upgraded":8,"win_rate":0,"timestamp":1558695462,"path_taken":["M","M","M","M","M","E","R","?","T","E","R","M","?","E","R","BOSS","M","M","?","M","$","E","R","E","T","R","$","R","E","$","R","BOSS","M","?","M","?","M","R","M","R","T","?","R","$","R","M","R","BOSS"],"build_version":"2019-01-23","purchased_purges":4,"victory":false,"max_hp_per_floor":[80,80,80,80,80,80,80,80,80,90,90,90,90,90,90,90,90,90,90,90,90,90,90,90,90,90,90,90,90,90,90,90,90,90,90,90,90,90,90,90,90,90,90,90,90,90,90,90,90,90],"card_choices":[{"not_picked":["Pommel Strike","Body Slam"],"picked":"Shrug It Off","floor":0.0},{"not_picked":["Warcry","Uppercut"],"picked":"Pommel Strike","floor":1.0},{"not_picked":["Body Slam","Heavy Blade"],"picked":"Clash","floor":2.0},{"not_picked":["Headbutt","Wild Strike","Sword Boomerang"],"picked":"SKIP","floor":3.0},{"not_picked":["Heavy Blade","Entrench","Second Wind"],"picked":"SKIP","floor":4.0},{"not_picked":["Whirlwind","Dual Wield","Warcry"],"picked":"SKIP","floor":5.0},{"not_picked":["Clothesline","Thunderclap"],"picked":"Shrug It Off","floor":6.0},{"not_picked":["Searing Blow","Iron Wave"],"picked":"Carnage","floor":10.0},{"not_picked":["Thunderclap","Wild Strike","Juggernaut"],"picked":"SKIP","floor":12.0},{"not_picked":["Clash","Wild Strike"],"picked":"Iron Wave","floor":13.0},{"not_picked":["Feed","Heavy Blade"],"picked":"Battle Trance","floor":14.0},{"not_picked":["Fiend Fire","Brutality"],"picked":"Double Tap","floor":16.0},{"not_picked":["Body Slam","Warcry","Perfected Strike"],"picked":"SKIP","floor":18.0},{"not_picked":["Evolve","Pommel Strike"],"picked":"Battle Trance+1","floor":19.0},{"not_picked":["Feel No Pain","Warcry","Shrug It Off"],"picked":"SKIP","floor":21.0},{"not_picked":["Corruption","Anger"],"picked":"Spot Weakness+1","floor":23.0},{"not_picked":["Shockwave","Warcry","Thunderclap"],"picked":"SKIP","floor":25.0},{"not_picked":["Second Wind+1","Armaments"],"picked":"Infernal Blade","floor":30.0},{"not_picked":["Heavy Blade","Warcry+1"],"picked":"Thunderclap+1","floor":35.0},{"not_picked":["Hemokinesis","Burning Pact","Headbutt"],"picked":"SKIP","floor":37.0},{"not_picked":["Intimidate+1","Clash+1"],"picked":"Armaments+1","floor":38.0},{"not_picked":["Uppercut","Sever Soul+1"],"picked":"Carnage+1","floor":39.0},{"not_picked":["Pommel Strike","Battle Trance+1"],"picked":"Clash+1","floor":41.0},{"not_picked":["Forethought","Secret Technique"],"picked":"The Bomb","floor":44.0},{"not_picked":["Uppercut","Feel No Pain"],"picked":"Anger","floor":47.0},{"not_picked":["Thunderclap","Searing Blow","Heavy Blade"],"picked":"SKIP","floor":48.0}],"player_experience":54446,"relics_obtained":[{"floor":6.0,"key":"Oddly Smooth Stone"},{"floor":9.0,"key":"War Paint"},{"floor":10.0,"key":"Pear"},{"floor":14.0,"key":"Lantern"},{"floor":23.0,"key":"Dream Catcher"},{"floor":25.0,"key":"Meat on the Bone"},{"floor":26.0,"key":"Orichalcum"},{"floor":30.0,"key":"Unceasing Top"},{"floor":38.0,"key":"Bird Faced Urn"},{"floor":43.0,"key":"Pocketwatch"},{"floor":43.0,"key":"Potion Belt"}],"event_choices":[{"damage_healed":0.0,"max_hp_gain":0.0,"max_hp_loss":0.0,"gold_gain":0.0,"event_name":"Accursed Blacksmith","player_choice":"Forge","floor":8.0,"gold_loss":0.0,"damage_taken":0.0,"cards_upgraded":["Shrug It Off"]},{"damage_healed":0.0,"max_hp_gain":0.0,"max_hp_loss":0.0,"gold_gain":0.0,"event_name":"Drug Dealer","player_choice":"Inject Mutagens","floor":20.0,"gold_loss":0.0,"damage_taken":0.0,"relics_obtained":["MutagenicStrength"]},{"cards_removed":["Hemokinesis"],"damage_healed":0.0,"max_hp_gain":0.0,"max_hp_loss":0.0,"gold_gain":0.0,"event_name":"Falling","player_choice":"Removed Attack","floor":36.0,"gold_loss":0.0,"damage_taken":0.0},{"damage_healed":0.0,"max_hp_gain":0.0,"max_hp_loss":0.0,"gold_gain":0.0,"event_name":"Mysterious Sphere","player_choice":"Fight","floor":38.0,"gold_loss":0.0,"damage_taken":0.0},{"damage_healed":0.0,"max_hp_gain":0.0,"max_hp_loss":0.0,"gold_gain":0.0,"event_name":"SensoryStone","player_choice":"Memory 1","floor":44.0,"gold_loss":0.0,"damage_taken":0.0}],"is_beta":false,"boss_relics":[{"not_picked":["Runic Pyramid","Eternal Feather"],"picked":"Lizard Tail"},{"not_picked":["Fusion Hammer","Empty Cage"],"picked":"Astrolabe"}],"items_purged_floors":[22,28,31,46],"is_endless":false,"potions_floor_spawned":[4,5,12,13,14,18,19,30,33,35,39,41],"killed_by":"Time Eater","ascension_level":1}