{"gold_per_floor":[115,134,153,173,185,185,210,230,255,272,272,289,289,289,289,389,389,401,401,213,56,76,76,76,76,102,102,116,116,30,45,45,150,150,168,184,184,195,208,208,220,220,220,220,240,253,61,72,72,72],"floor_reached":50,"playtime":2493,"items_purged":["Strike_G","Parasite"],"score":475,"play_id":"c851df11-b7f7-4da7-bc8f-e77237deb1e6","local_time":"20190605000502","is_ascension_mode":false,"campfire_choices":[{"data":"Backstab","floor":6,"key":"SMITH"},{"data":"Flying Knee","floor":11,"key":"SMITH"},{"data":"Envenom","floor":13,"key":"SMITH"},{"data":"Neutralize","floor":15,"key":"SMITH"},{"data":"Noxious Fumes","floor":23,"key":"SMITH"},{"data":"A Thousand Cuts","floor":27,"key":"SMITH"},{"data":"Footwork","floor":29,"key":"SMITH"},{"floor":32,"key":"REST"},{"floor":40,"key":"REST"},{"data":"Backstab","floor":42,"key":"SMITH"},{"data":"Blade Dance","floor":44,"key":"SMITH"},{"floor":49,"key":"REST"}],"neow_cost":"NONE","seed_source_timestamp":59994226940701,"circlet_count":0,"master_deck":["Defend_G","Defend_G","Defend_G+1","Defend_G","Survivor","Neutralize+1","Endless Agony+1","Sucker Punch+1","After Image+1","Deflect+1","Acrobatics","Backstab+1","Expertise","Flying Knee+1","Deflect","Envenom+1","Footwork+1","Noxious Fumes+1","Terror","Slice","A Thousand Cuts+1","Concentrate","Dagger Throw+1","Noxious Fumes","Blade Dance+1","Cloak And Dagger+1","Corpse Explosion","Backstab+1","Quick Slash","Madness","Madness","Deflect+1","Masterful Stab+1","Blur+1","Wraith Form v2","Predator","Infinite Blades","Cloak And Dagger","Backflip+1"],"relics":["Astrolabe","Anchor","War Paint","Letter Opener","Sozu","NlothsMask","Regal Pillow","WristBlade","Pantograph"],"potions_floor_usage":[8,33,38,50],"damage_taken":[{"damage":1,"enemies":"Jaw Worm","floor":1,"turns":4},{"damage":0,"enemies":"Small Slimes","floor":2,"turns":6},{"damage":3,"enemies":"Cultist","floor":3,"turns":4},{"damage":1,"enemies":"Large Slime","floor":4,"turns":7},{"damage":0,"enemies":"Looter","floor":5,"turns":2},{"damage":3,"enemies":"3 Sentries","floor":7,"turns":10},{"damage":0,"enemies":"Red Slaver","floor":8,"turns":3},{"damage":0,"enemies":"Large Slime","floor":10,"turns":6},{"damage":0,"enemies":"Blue Slaver","floor":12,"turns":4},{"damage":17,"enemies":"The Guardian","floor":16,"turns":13},{"damage":0,"enemies":"Chosen","floor":18,"turns":3},{"damage":9,"enemies":"3 Byrds","floor":22,"turns":5},{"damage":1,"enemies":"Snake Plant","floor":28,"turns":4},{"damage":9,"enemies":"Snecko","floor":31,"turns":5},{"damage":20,"enemies":"Collector","floor":33,"turns":6},{"damage":30,"enemies":"3 Darklings","floor":35,"turns":4},{"damage":3,"enemies":"3 Shapes","floor":36,"turns":5},{"damage":19,"enemies":"Maw","floor":38,"turns":6},{"damage":16,"enemies":"Spire Growth","floor":39,"turns":5},{"damage":14,"enemies":"Sphere and 2 Shapes","floor":41,"turns":6},{"damage":6,"enemies":"Writhing Mass","floor":45,"turns":5},{"damage":9,"enemies":"Maw","floor":46,"turns":7},{"damage":8,"enemies":"Jaw Worm Horde","floor":48,"turns":4},{"damage":84,"enemies":"Time Eater","floor":50,"turns":10}],"seed_played":"-4358085640539221502","potions_obtained":[{"floor":2,"key":"Regen Potion"},{"floor":3,"key":"GamblersBrew"},{"floor":8,"key":"Fruit Juice"},{"floor":10,"key":"Dexterity Potion"}],"is_trial":false,"path_per_floor":["M","M","M","M","M","R","E","M","T","M","R","M","R","?","R","B",null,"M","?","$","$","M","R","?","?","T","R","M","R","$","M","R","B",null,"M","M","?","M","M","R","M","R","T","R","M","M","$","M","R","B"],"character_chosen":"THE_SILENT","items_purchased":["Noxious Fumes","Terror","Regal Pillow","Noxious Fumes","Blade Dance","Infinite Blades","Cloak And Dagger"],"campfire_rested":3,"item_purchase_floors":[20,20,21,30,30,47,47],"current_hp_per_floor":[69,69,66,65,65,65,62,67,67,67,67,67,67,60,60,43,75,75,75,75,75,66,66,52,52,52,52,51,51,51,42,80,60,80,50,47,37,33,17,56,42,42,42,42,36,27,27,19,57,0],"gold":72,"neow_bonus":"BOSS_RELIC","is_prod":false,"is_daily":false,"chose_seed":false,"campfire_upgraded":9,"win_rate":0,"timestamp":1559685902,"path_taken":["M","M","M","M","M","R","E","M","T","M","R","M","R","?","R","BOSS","M","?","?","$","M","R","?","?","T","R","M","R","?","?","R","BOSS","M","M","?","M","M","R","M","R","T","R","M","M","$","M","R","BOSS"],"build_version":"2019-01-23","purchased_purges":2,"victory":false,"max_hp_per_floor":[70,70,70,70,70,70,70,75,75,75,75,75,75,75,75,75,75,75,75,75,75,75,75,80,80,80,80,80,80,80,80,80,80,80,80,80,80,80,80,80,80,80,80,80,80,80,77,77,77,77],"card_choices":[{"not_picked":["PiercingWail","Dash"],"picked":"Deflect","floor":1},{"not_picked":["Quick Slash","Cloak And Dagger"],"picked":"Acrobatics","floor":2},{"not_picked":["Poisoned Stab","Acrobatics","Catalyst"],"picked":"SKIP","floor":3},{"not_picked":["Bane","Dagger Throw"],"picked":"Backstab","floor":4},{"not_picked":["Doppelganger","Poisoned Stab"],"picked":"Expertise","floor":5},{"not_picked":["Deadly Poison","Acrobatics","Backflip"],"picked":"SKIP","floor":7},{"not_picked":["Accuracy","Sucker Punch"],"picked":"Flying Knee","floor":8},{"not_picked":["Riddle With Holes","Flying Knee"],"picked":"Deflect","floor":10},{"not_picked":["Prepared","Quick Slash"],"picked":"Envenom","floor":12},{"not_picked":["Prepared+1","Flying Knee"],"picked":"Footwork","floor":18},{"not_picked":["Deflect","Bouncing Flask"],"picked":"Slice","floor":22},{"not_picked":["Sucker Punch","Calculated Gamble"],"picked":"Dagger Throw+1","floor":28},{"not_picked":["Outmaneuver","PiercingWail"],"picked":"Cloak And Dagger+1","floor":31},{"not_picked":["Envenom","Unload"],"picked":"Corpse Explosion","floor":33},{"not_picked":["Concentrate","All Out Attack"],"picked":"Backstab","floor":35},{"not_picked":["Catalyst+1","Concentrate"],"picked":"Quick Slash","floor":36},{"not_picked":["Flechettes+1","Dagger Spray"],"picked":"Deflect+1","floor":38},{"not_picked":["Terror","PiercingWail+1"],"picked":"Masterful Stab+1","floor":39},{"not_picked":["Deadly Poison","Concentrate+1"],"picked":"Blur+1","floor":41},{"not_picked":["Bouncing Flask+1","Quick Slash"],"picked":"Wraith Form v2","floor":45},{"not_picked":["Quick Slash+1","Backflip+1"],"picked":"Predator","floor":46},{"not_picked":["Backstab","Dagger Spray"],"picked":"Backflip+1","floor":48}],"player_experience":311115,"relics_obtained":[{"floor":7,"key":"Anchor"},{"floor":9,"key":"War Paint"},{"floor":43,"key":"Pantograph"}],"event_choices":[{"damage_healed":0,"gold_gain":0,"player_choice":"Success","damage_taken":7,"relics_obtained":["Letter Opener"],"max_hp_gain":0,"max_hp_loss":0,"event_name":"Scrap Ooze","floor":14,"gold_loss":0},{"damage_healed":0,"gold_gain":0,"player_choice":"Trade","damage_taken":0,"relics_obtained":["NlothsMask"],"max_hp_gain":0,"max_hp_loss":0,"event_name":"FaceTrader","floor":19,"gold_loss":0},{"damage_healed":0,"gold_gain":0,"player_choice":"Shed Blood","damage_taken":19,"max_hp_gain":5,"max_hp_loss":0,"event_name":"Forgotten Altar","floor":24,"gold_loss":0},{"damage_healed":0,"gold_gain":0,"cards_transformed":["Strike_G","Strike_G"],"player_choice":"Became Test Subject","damage_taken":0,"max_hp_gain":0,"max_hp_loss":0,"event_name":"Drug Dealer","floor":25,"gold_loss":0,"cards_obtained":["A Thousand Cuts","Concentrate"]},{"damage_healed":0,"gold_gain":0,"player_choice":"Embrace Madness","damage_taken":10,"max_hp_gain":0,"max_hp_loss":0,"event_name":"Winding Halls","floor":37,"gold_loss":0,"cards_obtained":["Madness","Madness"]}],"is_beta":false,"boss_relics":[{"not_picked":["Lizard Tail","Busted Crown"],"picked":"Sozu"},{"not_picked":["Tiny House","Coffee Dripper"],"picked":"WristBlade"}],"items_purged_floors":[20,47],"is_endless":false,"potions_floor_spawned":[2,3,8,10,16,18,31,35,36,39,48],"killed_by":"Time Eater","ascension_level":0}