{"gold_per_floor":[115,125,143,156,109,137,137,166,192,192],"floor_reached":10,"playtime":506,"items_purged":[],"score":130,"play_id":"228c4840-88ed-4e3b-89a7-368cb19a0d6d","local_time":"20190605135338","is_ascension_mode":true,"campfire_choices":[{"floor":7.0,"key":"REST"}],"neow_cost":"NONE","seed_source_timestamp":118875833836000,"circlet_count":0,"master_deck":["Strike_R","Strike_R","Strike_R","Strike_R","Strike_R","Defend_R","Defend_R","Defend_R","Defend_R","Bash","Pommel Strike","Seeing Red","Iron Wave","Shrug It Off","Disarm+1"],"special_seed":0,"relics":["Burning Blood","Toxic Egg 2","Oddly Smooth Stone","Strawberry"],"potions_floor_usage":[],"damage_taken":[{"damage":6.0,"enemies":"Cultist","floor":1.0,"turns":4.0},{"damage":6.0,"enemies":"Jaw Worm","floor":2.0,"turns":5.0},{"damage":1.0,"enemies":"2 Louse","floor":3.0,"turns":2.0},{"damage":25.0,"enemies":"Lots of Slimes","floor":4.0,"turns":4.0},{"damage":49.0,"enemies":"Lagavulin","floor":6.0,"turns":7.0},{"damage":27.0,"enemies":"Gremlin Nob","floor":8.0,"turns":6.0},{"damage":35,"enemies":"Gremlin Gang","floor":10,"turns":2}],"seed_played":"-6634720332469150389","potions_obtained":[{"floor":1.0,"key":"Strength Potion"},{"floor":3.0,"key":"Block Potion"},{"floor":8.0,"key":"AttackPotion"}],"is_trial":false,"path_per_floor":["M","M","M","M","$","E","R","E","T","M"],"character_chosen":"IRONCLAD","items_purchased":["Shrug It Off"],"campfire_rested":1,"item_purchase_floors":[5],"current_hp_per_floor":[80,80,85,66,66,23,49,28,35,0],"gold":192,"neow_bonus":"TEN_PERCENT_HP_BONUS","is_prod":false,"is_daily":false,"chose_seed":false,"campfire_upgraded":0,"win_rate":0,"timestamp":1559768018,"path_taken":["M","M","M","?","$","E","R","E","T","M"],"build_version":"2019-01-23","purchased_purges":0,"victory":false,"max_hp_per_floor":[88,88,88,88,88,88,88,88,95,95],"card_choices":[{"not_picked":["Power Through","Feel No Pain","Corruption"],"picked":"SKIP","floor":1.0},{"not_picked":["Thunderclap","Perfected Strike"],"picked":"Pommel Strike","floor":2.0},{"not_picked":["Sentinel","Clash"],"picked":"Seeing Red","floor":3.0},{"not_picked":["Dual Wield","Thunderclap"],"picked":"Iron Wave","floor":4.0},{"not_picked":["Pummel","Bloodletting","True Grit"],"picked":"SKIP","floor":6.0},{"not_picked":["Thunderclap","Wild Strike"],"picked":"Disarm+1","floor":8.0}],"player_experience":315555,"relics_obtained":[{"floor":6.0,"key":"Toxic Egg 2"},{"floor":8.0,"key":"Oddly Smooth Stone"},{"floor":9.0,"key":"Strawberry"}],"event_choices":[],"is_beta":false,"boss_relics":[],"items_purged_floors":[],"is_endless":false,"potions_floor_spawned":[1,3,8],"killed_by":"Gremlin Gang","ascension_level":7}