{"gold_per_floor":[115,127,227,246,261,286,286,311,311,345,5,17,36,51,51,153,153,171,270,270,270,270,282,311,334,334,334,365,365,377,387,387,490,490,508,508,526,26,26,51,51,51,51,51,1,16,45,61,61,61,61,61,21,50,50],"floor_reached":55,"playtime":5047,"items_purged":["Strike_R","Strike_R"],"score":932,"play_id":"832f8219-6f42-483e-8b3b-af76b8aa242a","local_time":"20190208003153","is_ascension_mode":true,"campfire_choices":[{"data":"Armaments","floor":7.0,"key":"SMITH"},{"floor":15.0,"key":"REST"},{"floor":27.0,"key":"REST"},{"floor":29.0,"key":"REST"},{"floor":32.0,"key":"REST"},{"data":"1","floor":41.0,"key":"LIFT"},{"floor":44.0,"key":"RECALL"},{"floor":49.0,"key":"REST"},{"data":"2","floor":52.0,"key":"LIFT"}],"neow_cost":"NONE","seed_source_timestamp":0,"circlet_count":0,"master_deck":["Strike_R","Defend_R","Defend_R","Defend_R","Defend_R","Bash","Inflame","Armaments+1","Inflame","Battle Trance","Anger","True Grit","Clothesline","Sword Boomerang","Thunderclap","Heavy Blade+1","Headbutt","Impervious","Heavy Blade","Dual Wield","Inflame","Pummel","Iron Wave+1","Fire Breathing","Barricade","True Grit+1","Metallicize+1","Armaments+1","Demon Form","Shrug It Off+1","Battle Trance","Flame Barrier+1","Evolve+1","Power Through+1","Battle Trance+1"],"special_seed":0,"relics":["Burning Blood","Gambling Chip","Unceasing Top","Prayer Wheel","Pear","Thread and Needle","Orrery","Enchiridion","Smiling Mask","Bag of Preparation","Art of War","Matryoshka","Question Card","Mark of Pain","The Courier","StoneCalendar","Singing Bowl","Girya","Sundial","Regal Pillow","Bag of Marbles"],"potions_floor_usage":[55,55,55],"damage_taken":[{"damage":12.0,"enemies":"Jaw Worm","floor":1.0,"turns":3.0},{"damage":6.0,"enemies":"Cultist","floor":2.0,"turns":3.0},{"damage":10.0,"enemies":"Small Slimes","floor":4.0,"turns":3.0},{"damage":7.0,"enemies":"Looter","floor":5.0,"turns":5.0},{"damage":25.0,"enemies":"Lagavulin","floor":6.0,"turns":7.0},{"damage":32.0,"enemies":"Gremlin Nob","floor":8.0,"turns":4.0},{"damage":20.0,"enemies":"Lagavulin","floor":10.0,"turns":5.0},{"damage":0.0,"enemies":"Exordium Wildlife","floor":12.0,"turns":2.0},{"damage":2.0,"enemies":"Exordium Thugs","floor":13.0,"turns":4.0},{"damage":5.0,"enemies":"2 Fungi Beasts","floor":14.0,"turns":3.0},{"damage":33.0,"enemies":"Hexaghost","floor":16.0,"turns":8.0},{"damage":14.0,"enemies":"Shell Parasite","floor":18.0,"turns":5.0},{"damage":0.0,"enemies":"Spheric Guardian","floor":23.0,"turns":5.0},{"damage":57.0,"enemies":"Slavers","floor":24.0,"turns":6.0},{"damage":44.0,"enemies":"Gremlin Leader","floor":28.0,"turns":8.0},{"damage":14.0,"enemies":"Centurion and Healer","floor":30.0,"turns":5.0},{"damage":12.0,"enemies":"Snake Plant","floor":31.0,"turns":5.0},{"damage":25.0,"enemies":"Collector","floor":33.0,"turns":10.0},{"damage":0.0,"enemies":"Orb Walker","floor":35.0,"turns":5.0},{"damage":0.0,"enemies":"3 Shapes","floor":37.0,"turns":4.0},{"damage":51.0,"enemies":"Nemesis","floor":40.0,"turns":7.0},{"damage":0.0,"enemies":"Sphere and 2 Shapes","floor":46.0,"turns":5.0},{"damage":25.0,"enemies":"Reptomancer","floor":47.0,"turns":6.0},{"damage":22.0,"enemies":"Maw","floor":48.0,"turns":6.0},{"damage":15.0,"enemies":"Donu and Deca","floor":50.0,"turns":8.0},{"damage":74,"enemies":"Shield and Spear","floor":54,"turns":7},{"damage":31,"enemies":"The Heart","floor":55,"turns":5}],"seed_played":"3558187639337104201","potions_obtained":[{"floor":2.0,"key":"GamblersBrew"},{"floor":10.0,"key":"Strength Potion"},{"floor":12.0,"key":"Poison Potion"},{"floor":13.0,"key":"Explosive Potion"},{"floor":16.0,"key":"Weak Potion"},{"floor":24.0,"key":"Regen Potion"},{"floor":30.0,"key":"FearPotion"},{"floor":31.0,"key":"Weak Potion"},{"floor":33.0,"key":"Ancient Potion"},{"floor":54,"key":"GamblersBrew"}],"is_trial":false,"path_per_floor":["M","M","?","M","M","E","R","E","T","E","$","M","M","M","R","B",null,"M","?","?","?","?","M","E","T","T","R","E","R","M","M","R","B",null,"M","?","M","$","$","E","R","?","T","R","$","M","E","M","R","B",null,"R","$","E","B"],"character_chosen":"IRONCLAD","items_purchased":["Thread and Needle","True Grit","StoneCalendar","Singing Bowl","Weak Potion"],"campfire_rested":5,"item_purchase_floors":[11,11,38,38,53],"current_hp_per_floor":[74,74,74,70,69,50,50,24,24,20,20,26,30,31,58,31,90,82,82,82,66,66,72,21,21,21,48,25,52,44,38,65,46,90,90,90,90,90,90,47,47,47,47,47,47,53,36,24,68,59,98,98,98,30,0],"gold":50,"neow_bonus":"THREE_CARDS","is_prod":false,"is_daily":false,"chose_seed":false,"campfire_upgraded":1,"win_rate":0,"timestamp":1549603913,"path_taken":["M","M","?","M","?","E","R","E","T","E","$","M","M","M","R","BOSS","M","?","?","?","?","?","E","?","T","R","E","R","M","M","R","BOSS","M","?","M","?","$","E","R","?","T","R","$","M","E","M","R","BOSS","R","$","E","BOSS"],"build_version":"2019-01-23","purchased_purges":2,"victory":false,"max_hp_per_floor":[80,80,80,80,80,80,80,80,80,90,90,90,90,90,90,90,90,90,90,90,90,90,90,90,90,90,90,90,90,90,90,90,90,90,90,90,90,90,90,92,92,92,92,92,92,92,94,98,98,98,98,98,98,98,98],"card_choices":[{"not_picked":["Perfected Strike","Rampage"],"picked":"Inflame","floor":0.0},{"not_picked":["Warcry","Thunderclap"],"picked":"Armaments","floor":1.0},{"not_picked":["Clash","Bloodletting"],"picked":"Inflame","floor":2.0},{"not_picked":["Reaper","Thunderclap"],"picked":"Battle Trance","floor":4.0},{"not_picked":["Entrench","Carnage","Body Slam"],"picked":"SKIP","floor":5.0},{"not_picked":["Rupture","Armaments","Perfected Strike"],"picked":"SKIP","floor":6.0},{"not_picked":["Uppercut","Clash","Burning Pact"],"picked":"SKIP","floor":8.0},{"not_picked":["Intimidate","Warcry"],"picked":"Anger","floor":10.0},{"not_picked":["Clash","True Grit"],"picked":"Clothesline","floor":12.0},{"not_picked":["Anger","Reaper"],"picked":"Sword Boomerang","floor":12.0},{"not_picked":["Bloodletting","Anger"],"picked":"Thunderclap","floor":13.0},{"not_picked":["Feel No Pain","Thunderclap","Anger"],"picked":"SKIP","floor":13.0},{"not_picked":["Pommel Strike","Infernal Blade"],"picked":"Heavy Blade","floor":14.0},{"not_picked":["Wild Strike","Dual Wield"],"picked":"Headbutt","floor":14.0},{"not_picked":["Feed","Immolate"],"picked":"Impervious","floor":16.0},{"not_picked":["Wild Strike","Flex"],"picked":"Heavy Blade","floor":17.0},{"not_picked":["Infernal Blade","Flex"],"picked":"Dual Wield","floor":17.0},{"not_picked":["Wild Strike","Pommel Strike"],"picked":"Inflame","floor":17.0},{"not_picked":["Corruption","Headbutt"],"picked":"Pummel","floor":17.0},{"not_picked":["Cleave+1","Clash"],"picked":"Iron Wave+1","floor":18.0},{"not_picked":["Twin Strike","Thunderclap+1","Intimidate"],"picked":"SKIP","floor":18.0},{"not_picked":["Iron Wave","Whirlwind","Infernal Blade"],"picked":"SKIP","floor":23.0},{"not_picked":["Searing Blow","Clothesline","Uppercut+1"],"picked":"SKIP","floor":23.0},{"not_picked":["Whirlwind","Immolate","True Grit"],"picked":"SKIP","floor":24.0},{"not_picked":["Clash","Headbutt"],"picked":"True Grit+1","floor":28.0},{"not_picked":["Twin Strike+1","True Grit","Anger"],"picked":"Metallicize+1","floor":30.0},{"not_picked":["Intimidate+1","Anger+1","Corruption+1","Pummel"],"picked":"SKIP","floor":30.0},{"not_picked":["Anger","Perfected Strike","Rupture"],"picked":"Armaments+1","floor":31.0},{"not_picked":["Corruption","Hemokinesis+1","Perfected Strike","Rampage"],"picked":"SKIP","floor":31.0},{"not_picked":["Offering","Double Tap","Juggernaut"],"picked":"Demon Form","floor":33.0},{"not_picked":["Perfected Strike","Thunderclap+1","Intimidate"],"picked":"Shrug It Off+1","floor":35.0},{"not_picked":["Anger","Iron Wave","Blood for Blood+1","Dropkick"],"picked":"SKIP","floor":35.0},{"not_picked":["Armaments","Body Slam","Shrug It Off+1"],"picked":"Battle Trance","floor":37.0},{"not_picked":["Corruption+1","Armaments+1","Havoc"],"picked":"Flame Barrier+1","floor":37.0},{"not_picked":["Anger","Inflame","Rupture","Wild Strike+1"],"picked":"Singing Bowl","floor":40.0},{"not_picked":["Anger+1","Whirlwind+1","Exhume"],"picked":"Evolve+1","floor":46.0},{"not_picked":["Cleave","Intimidate+1","Sever Soul"],"picked":"Power Through+1","floor":46.0},{"not_picked":["Burning Pact+1","True Grit","Combust","Blood for Blood+1"],"picked":"Singing Bowl","floor":47.0},{"not_picked":["Dual Wield","Cleave","Infernal Blade","Thunderclap"],"picked":"Singing Bowl","floor":48.0},{"not_picked":["Power Through+1","Sword Boomerang+1","Anger","Cleave"],"picked":"Singing Bowl","floor":48.0},{"not_picked":["Sword Boomerang+1","Body Slam+1","Clash+1"],"picked":"Battle Trance+1","floor":54}],"player_experience":164552,"relics_obtained":[{"floor":6.0,"key":"Gambling Chip"},{"floor":8.0,"key":"Unceasing Top"},{"floor":9.0,"key":"Prayer Wheel"},{"floor":10.0,"key":"Pear"},{"floor":21.0,"key":"Enchiridion"},{"floor":24.0,"key":"Bag of Preparation"},{"floor":25.0,"key":"Art of War"},{"floor":26.0,"key":"Matryoshka"},{"floor":28.0,"key":"Question Card"},{"floor":40.0,"key":"Girya"},{"floor":43.0,"key":"Sundial"},{"floor":47.0,"key":"Regal Pillow"},{"floor":54,"key":"Bag of Marbles"}],"event_choices":[{"damage_healed":0.0,"max_hp_gain":0.0,"max_hp_loss":0.0,"gold_gain":100.0,"event_name":"Golden Shrine","player_choice":"Pray","floor":3.0,"gold_loss":0.0,"damage_taken":0.0},{"damage_healed":0.0,"max_hp_gain":0.0,"max_hp_loss":0.0,"gold_gain":99.0,"event_name":"Nest","player_choice":"Stole From Cult","floor":19.0,"gold_loss":0.0,"damage_taken":0.0},{"damage_healed":0.0,"max_hp_gain":0.0,"max_hp_loss":0.0,"gold_gain":0.0,"cards_transformed":["Strike_R","Strike_R"],"event_name":"Drug Dealer","player_choice":"Became Test Subject","floor":20.0,"gold_loss":0.0,"damage_taken":0.0,"cards_obtained":["Fire Breathing","Barricade"]},{"damage_healed":0.0,"max_hp_gain":0.0,"max_hp_loss":0.0,"gold_gain":0.0,"event_name":"Cursed Tome","player_choice":"Obtained Book","floor":21.0,"gold_loss":0.0,"damage_taken":16.0},{"damage_healed":0.0,"max_hp_gain":0.0,"max_hp_loss":0.0,"gold_gain":0.0,"event_name":"The Mausoleum","player_choice":"Opened","floor":22.0,"gold_loss":0.0,"damage_taken":0.0,"relics_obtained":["Smiling Mask"]},{"damage_healed":0.0,"max_hp_gain":0.0,"max_hp_loss":0.0,"gold_gain":0.0,"event_name":"WeMeetAgain","player_choice":"Gave Potion","floor":36.0,"gold_loss":0.0,"damage_taken":0.0,"relics_obtained":["The Courier"]},{"damage_healed":0.0,"max_hp_gain":0.0,"max_hp_loss":0.0,"gold_gain":0.0,"event_name":"Accursed Blacksmith","player_choice":"Forge","floor":42.0,"gold_loss":0.0,"damage_taken":0.0,"cards_upgraded":["Heavy Blade"]}],"is_beta":false,"boss_relics":[{"not_picked":["White Beast Statue","Tiny House"],"picked":"Orrery"},{"not_picked":["Calling Bell","Black Blood"],"picked":"Mark of Pain"}],"items_purged_floors":[38,45],"is_endless":false,"potions_floor_spawned":[2,10,12,13,16,24,30,31,33,35,54],"killed_by":"The Heart","ascension_level":4}