{"gold_per_floor":[115,129,142,67,85,115,115,134,134,34,34,46,76,1,1,96,96,111,161,205,216,266,266,316,331,358,45,56,106,106,124,124,228,228,248,398,412,424,440,486,498,526,589,651,713,738,750,779,791,906,968,991,392,442,461,485,520,520,257,257,307,350,364,414,47,47,166,166,190,240,290,340,99,134,134,147,176,196,222,222,237,252,252,351,351,367,417,467,517,337,370,420,420,448,92,106,106,122,172,172,275,275,290,340,390,440,490,490,540,540,569,519,547,597,647,657,657,757,757,772,822,872,398,448,473,473,507,536,511,530,562,200,212,212,307,307,323,373,423,443,493,528,528,559,594,610,610,627,645,658,658,763,763],"floor_reached":153,"playtime":5263,"items_purged":["A Thousand Cuts","Bullet Time","Phantasmal Killer","Flechettes","Setup","Night Terror","Dash","Dagger Throw","Quick Slash","Blade Dance","Unload"],"score":4854,"play_id":"622c73c6-ac04-4402-994c-033b8831a7c7","local_time":"20180829144137","daily_mods":["Heirloom","Insanity","Allstar","Time Dilation","Vintage"],"is_ascension_mode":false,"campfire_choices":[{"data":"Blur","floor":7,"key":"SMITH"},{"data":"Night Terror","floor":15,"key":"SMITH"},{"data":"Night Terror","floor":23,"key":"SMITH"},{"data":"Neutralize","floor":30,"key":"SMITH"},{"data":"Chrysalis","floor":32,"key":"SMITH"},{"data":"Riddle With Holes","floor":41,"key":"SMITH"},{"data":"Madness","floor":47,"key":"SMITH"},{"data":"Madness","floor":49,"key":"SMITH"},{"data":"Malaise","floor":58,"key":"SMITH"},{"data":"Metamorphosis","floor":66,"key":"SMITH"},{"data":"1","floor":75,"key":"LIFT"},{"data":"2","floor":80,"key":"LIFT"},{"data":"3","floor":83,"key":"LIFT"},{"data":"Sadistic Nature","floor":93,"key":"SMITH"},{"data":"Noxious Fumes","floor":97,"key":"SMITH"},{"data":"Noxious Fumes","floor":100,"key":"SMITH"},{"data":"A Thousand Cuts","floor":108,"key":"SMITH"},{"data":"Caltrops","floor":110,"key":"SMITH"},{"data":"Searing Blow+3","floor":117,"key":"SMITH"},{"data":"Searing Blow+4","floor":126,"key":"SMITH"},{"data":"Searing Blow+5","floor":134,"key":"SMITH"},{"data":"Blur","floor":143,"key":"SMITH"},{"floor":147,"key":"DIG"},{"floor":151,"key":"DIG"}],"neow_cost":"","seed_source_timestamp":0,"circlet_count":4,"master_deck":["Deflect+1","Blur+1","Neutralize+1","Dagger Spray+1","Leg Sweep+1","Malaise+1","Calculated Gamble","Catalyst","Blur+1","Accuracy","Noxious Fumes+1","Terror","Distraction+1","Noxious Fumes+1","Crippling Poison","Caltrops+1","Riddle With Holes","Night Terror+1","Setup","A Thousand Cuts+1","Blade Dance+1","Sucker Punch+1","Die Die Die+1","Blade Dance","Footwork+1","Night Terror+1","Purity","Sadistic Nature+1","Panache+1","Chrysalis+1","Secret Weapon+1","Shockwave","Footwork+1","Inflame+1","Metamorphosis+1","Deflect+1","Madness+1","Madness+1","Barricade+1","Entrench+1","Bandage Up+1","Backflip+1","Burst+1","Madness+1","Panache+1","Offering+1","RitualDagger+1","Shrug It Off+1","Escape Plan+1","Double Tap+1","Mayhem+1","Corpse Explosion+1","Dash+1","Infinite Blades+1","Madness+1","Madness+1","Skewer+1","Mind Blast+1","Seeing Red+1","Dual Wield+1","Pummel+1","Violence+1","Searing Blow+6","Escape Plan+1","Footwork+1","Rage+1","Metallicize+1","Inflame+1","Flash of Steel+1","Inflame+1","Noxious Fumes+1","Footwork+1","Magnetism+1","Madness+1","Madness+1","Terror+1","Violence+1"],"relics":["Ring of the Serpent","Turnip","Pear","Juzu Bracelet","Paper Crane","Centennial Puzzle","Art of War","Oddly Smooth Stone","Singing Bowl","SsserpentHead","Blood Vial","Frozen Egg 2","The Courier","Empty Cage","Ornamental Fan","Tiny Chest","Bronze Scales","Matryoshka","Strawberry","Letter Opener","Bag of Marbles","Lee\u0027s Waffle","Mummified Hand","Darkstone Periapt","Smiling Mask","Ancient Tea Set","Molten Egg 2","Whetstone","Blue Candle","MawBank","Vajra","Question Card","Omamori","War Paint","Anchor","Du-Vu Doll","Happy Flower","Tiny House","Shuriken","Chemical X","Orichalcum","Toxic Egg 2","Bloody Idol","Boot","Bottled Tornado","Kunai","Meat on the Bone","Pen Nib","OrangePellets","Girya","WristBlade","Dream Catcher","MutagenicStrength","Unceasing Top","Bag of Preparation","Nunchaku","Pantograph","Bottled Lightning","Gremlin Horn","Astrolabe","Bottled Flame","Mango","Tough Bandages","Bird Faced Urn","Shovel","White Beast Statue","Potion Belt","Lantern","Snake Skull","Mercury Hourglass","Orrery","Dodecahedron","Tingsha","Prayer Wheel","The Specimen","Ice Cream","Ginger","Coffee Dripper","Gambling Chip","Incense Burner","StoneCalendar","Torii","Circlet","Runic Dome"],"potions_floor_usage":[5,6,25,25,25,33,40,50,50,50,74,101,101,145,146,150],"damage_taken":[{"damage":0,"enemies":"Cultist","floor":1,"turns":2},{"damage":2,"enemies":"Small Slimes","floor":2,"turns":2},{"damage":0,"enemies":"Jaw Worm","floor":3,"turns":1},{"damage":5,"enemies":"Exordium Thugs","floor":5,"turns":4},{"damage":0,"enemies":"Gremlin Nob","floor":6,"turns":2},{"damage":0,"enemies":"Gremlin Gang","floor":8,"turns":3},{"damage":1,"enemies":"Looter","floor":12,"turns":3},{"damage":5,"enemies":"3 Sentries","floor":13,"turns":3},{"damage":13,"enemies":"Hexaghost","floor":16,"turns":13},{"damage":22,"enemies":"Shell Parasite","floor":18,"turns":5},{"damage":2,"enemies":"3 Byrds","floor":20,"turns":4},{"damage":37,"enemies":"3 Cultists","floor":21,"turns":6},{"damage":24,"enemies":"Centurion and Healer","floor":25,"turns":7},{"damage":24,"enemies":"Shelled Parasite and Fungi","floor":28,"turns":4},{"damage":10,"enemies":"Cultist and Chosen","floor":31,"turns":3},{"damage":11,"enemies":"Automaton","floor":33,"turns":7},{"damage":0,"enemies":"3 Shapes","floor":35,"turns":2},{"damage":1,"enemies":"Flame Bruiser 1 Orb","floor":37,"turns":2},{"damage":2,"enemies":"Spire Growth","floor":38,"turns":3},{"damage":25,"enemies":"Sphere and 2 Shapes","floor":39,"turns":5},{"damage":1,"enemies":"2 Orb Walkers","floor":40,"turns":3},{"damage":1,"enemies":"Flame Bruiser 2 Orb","floor":42,"turns":2},{"damage":21,"enemies":"4 Shapes","floor":46,"turns":3},{"damage":0,"enemies":"Transient","floor":48,"turns":5},{"damage":44,"enemies":"Donu and Deca","floor":50,"turns":8},{"damage":0,"enemies":"Cultist","floor":52,"turns":2},{"damage":6,"enemies":"Small Slimes","floor":55,"turns":3},{"damage":0,"enemies":"2 Louse","floor":56,"turns":1},{"damage":8,"enemies":"3 Sentries","floor":57,"turns":2},{"damage":8,"enemies":"Gremlin Nob","floor":62,"turns":3},{"damage":0,"enemies":"2 Fungi Beasts","floor":63,"turns":2},{"damage":0,"enemies":"The Guardian","floor":67,"turns":5},{"damage":0,"enemies":"Spheric Guardian","floor":69,"turns":3},{"damage":6,"enemies":"Slavers","floor":74,"turns":2},{"damage":0,"enemies":"3 Byrds","floor":76,"turns":2},{"damage":16,"enemies":"Gremlin Leader","floor":77,"turns":5},{"damage":0,"enemies":"3 Cultists","floor":78,"turns":4},{"damage":0,"enemies":"Slavers","floor":79,"turns":2},{"damage":0,"enemies":"Cultist and Chosen","floor":81,"turns":2},{"damage":0,"enemies":"Snake Plant","floor":82,"turns":2},{"damage":0,"enemies":"Collector","floor":84,"turns":1},{"damage":0,"enemies":"Orb Walker","floor":86,"turns":2},{"damage":0,"enemies":"2 Orb Walkers","floor":91,"turns":1},{"damage":0,"enemies":"Giant Head","floor":94,"turns":3},{"damage":0,"enemies":"Flame Bruiser 1 Orb","floor":96,"turns":1},{"damage":0,"enemies":"4 Shapes","floor":98,"turns":1},{"damage":52,"enemies":"Awakened One","floor":101,"turns":3},{"damage":0,"enemies":"2 Louse","floor":103,"turns":1},{"damage":0,"enemies":"Gremlin Nob","floor":111,"turns":1},{"damage":0,"enemies":"Lagavulin","floor":113,"turns":1},{"damage":0,"enemies":"Cultist","floor":116,"turns":1},{"damage":0,"enemies":"Slime Boss","floor":118,"turns":1},{"damage":0,"enemies":"Shell Parasite","floor":120,"turns":1},{"damage":0,"enemies":"Book of Stabbing","floor":125,"turns":1},{"damage":0,"enemies":"Gremlin Leader","floor":127,"turns":1},{"damage":0,"enemies":"Book of Stabbing","floor":128,"turns":1},{"damage":0,"enemies":"3 Byrds","floor":130,"turns":2},{"damage":1,"enemies":"Slavers","floor":131,"turns":2},{"damage":0,"enemies":"Centurion and Healer","floor":133,"turns":1},{"damage":0,"enemies":"Automaton","floor":135,"turns":4},{"damage":0,"enemies":"Orb Walker","floor":137,"turns":1},{"damage":0,"enemies":"3 Shapes","floor":140,"turns":1},{"damage":0,"enemies":"Giant Head","floor":142,"turns":1},{"damage":0,"enemies":"Nemesis","floor":144,"turns":1},{"damage":0,"enemies":"Giant Head","floor":145,"turns":1},{"damage":0,"enemies":"Spire Growth","floor":146,"turns":1},{"damage":0,"enemies":"Sphere and 2 Shapes","floor":148,"turns":1},{"damage":0,"enemies":"4 Shapes","floor":149,"turns":1},{"damage":0,"enemies":"Maw","floor":150,"turns":1},{"damage":0,"enemies":"Time Eater","floor":152,"turns":1}],"seed_played":"5090033359095185793","potions_obtained":[{"floor":2,"key":"SteroidPotion"},{"floor":3,"key":"Block Potion"},{"floor":6,"key":"Fire Potion"},{"floor":13,"key":"Energy Potion"},{"floor":16,"key":"Weak Potion"},{"floor":28,"key":"Block Potion"},{"floor":31,"key":"SkillPotion"},{"floor":37,"key":"Explosive Potion"},{"floor":40,"key":"Weak Potion"},{"floor":42,"key":"Dexterity Potion"},{"floor":51,"key":"SpeedPotion"},{"floor":62,"key":"FearPotion"},{"floor":63,"key":"SkillPotion"},{"floor":76,"key":"GhostInAJar"},{"floor":103,"key":"AttackPotion"},{"floor":105,"key":"SkillPotion"},{"floor":105,"key":"AttackPotion"},{"floor":111,"key":"GamblersBrew"},{"floor":113,"key":"GhostInAJar"},{"floor":120,"key":"GhostInAJar"},{"floor":145,"key":"Swift Potion"},{"floor":146,"key":"Energy Potion"},{"floor":150,"key":"FearPotion"}],"is_trial":true,"path_per_floor":["M","M","M","$","M","E","R","M","T","$","?","M","E","$","R","B",null,"M","?","M","M","?","R","T","M","T","$","M","?","R","M","R","B",null,"M","?","M","M","M","E","R","M","T","?","?","M","R","M","R","B",null,"M","$","?","M","M","E","R","$","T","?","E","M","?","$","R","B",null,"M","?","?","?","$","E","R","M","E","M","E","R","M","M","R","B",null,"M","?","?","?","$","E","?","R","E","$","M","R","M","?","R","B",null,"M","?","?","?","?","R","?","R","E","$","E","?","?","M","R","B",null,"M","?","?","$","?","E","R","E","E","?","M","E","$","M","R","B",null,"M","?","?","M","?","E","R","E","E","M","R","M","M","M","R","B"],"character_chosen":"THE_SILENT","items_purchased":["Lee\u0027s Waffle","Mummified Hand","Chemical X","Orichalcum","Toxic Egg 2","Kunai","Backflip+1","Madness+1","Panache+1","OrangePellets","Unceasing Top","Skewer+1","Mind Blast+1","Mango","Pummel+1","Metallicize+1","Inflame+1","Flash of Steel+1","Tingsha","The Specimen","Noxious Fumes+1","Footwork+1"],"campfire_rested":0,"item_purchase_floors":[27,27,53,53,53,59,59,65,65,65,73,90,90,95,95,123,123,123,123,132,132,132],"current_hp_per_floor":[80,78,78,78,73,73,73,73,73,73,73,72,69,69,69,60,82,60,60,60,25,25,25,25,10,10,96,72,53,53,45,45,36,101,101,101,100,99,76,77,77,78,78,65,65,46,46,48,48,6,106,106,106,80,76,78,72,72,72,72,77,77,79,72,72,72,80,111,111,105,105,105,110,110,110,111,100,111,111,111,111,111,111,111,111,111,111,97,102,102,109,121,121,121,135,135,135,135,135,135,104,135,135,108,113,118,123,123,128,128,137,137,137,137,137,137,137,139,145,145,145,145,145,145,147,147,149,151,151,151,151,151,151,151,151,151,151,132,137,144,149,153,153,155,157,157,157,157,157,157,157,157,157],"gold":763,"neow_bonus":"","is_prod":false,"is_daily":false,"chose_seed":false,"campfire_upgraded":19,"win_rate":0,"timestamp":1535521297,"path_taken":["M","M","M","$","M","E","R","M","T","?","?","M","E","?","R","BOSS","M","?","M","M","?","R","?","M","T","?","M","?","R","M","R","BOSS","M","?","M","M","M","E","R","M","T","?","?","M","R","M","R","BOSS","M","$","?","M","M","E","R","$","T","?","E","M","?","$","R","BOSS","M","?","?","?","?","E","R","M","E","M","E","R","M","M","R","BOSS","M","?","?","?","$","E","?","R","E","$","M","R","M","?","R","BOSS","M","?","?","?","?","R","?","R","E","$","E","?","?","M","R","BOSS","M","?","?","$","?","E","R","E","E","?","M","E","?","M","R","BOSS","M","?","?","M","?","E","R","E","E","M","R","M","M","M","R","BOSS"],"build_version":"2018-08-23v2","purchased_purges":11,"victory":false,"max_hp_per_floor":[80,80,80,80,80,80,80,80,80,80,80,80,80,80,80,82,82,82,82,82,82,82,82,82,89,89,96,96,101,101,101,101,101,101,101,101,101,101,101,101,101,101,101,101,101,101,101,101,101,101,106,106,106,106,106,106,106,106,106,106,111,111,111,111,111,111,111,111,111,111,111,111,111,111,111,111,111,111,111,111,111,111,111,111,111,111,111,111,111,111,111,121,121,121,135,135,135,135,135,135,135,135,135,135,135,135,135,135,135,135,137,137,137,137,137,137,137,139,145,145,145,145,145,145,147,147,149,151,151,151,151,151,151,151,151,151,151,151,151,151,151,153,153,155,157,157,157,157,157,157,157,157,157],"card_choices":[{"not_picked":["Anger","PiercingWail"],"picked":"Shockwave","floor":6},{"not_picked":["Dagger Throw","Purity"],"picked":"Footwork","floor":13},{"not_picked":["Doppelganger","Bludgeon","Malaise"],"picked":"Singing Bowl","floor":16},{"not_picked":["Transmutation","Malaise"],"picked":"Metamorphosis","floor":33},{"not_picked":["PiercingWail+1","True Grit"],"picked":"Deflect+1","floor":40},{"not_picked":["Metamorphosis","Sadistic Nature+1","Offering"],"picked":"Barricade+1","floor":50},{"not_picked":["Armaments+1","Dodge and Roll+1","Sword Boomerang+1"],"picked":"Entrench+1","floor":51},{"not_picked":["Havoc+1","Sword Boomerang+1","Iron Wave+1"],"picked":"Bandage Up+1","floor":57},{"not_picked":["Flying Knee+1","Bloodletting+1","Terror+1"],"picked":"Burst+1","floor":62},{"not_picked":["Night Terror+1","Secret Technique+1","Bludgeon+1"],"picked":"Offering+1","floor":67},{"not_picked":["Venomology+1","Masterful Stab+1","Well Laid Plans+1"],"picked":"Shrug It Off+1","floor":74},{"not_picked":["Blood for Blood+1","Iron Wave+1","Exhume+1"],"picked":"Escape Plan+1","floor":77},{"not_picked":["Iron Wave+1","Noxious Fumes+1","All Out Attack+1"],"picked":"Double Tap+1","floor":79},{"not_picked":["Fiend Fire+1","HandOfGreed+1","Immolate+1"],"picked":"Mayhem+1","floor":84},{"not_picked":["Sucker Punch+1","Dagger Throw+1","Outmaneuver+1"],"picked":"Seeing Red+1","floor":91},{"not_picked":["Wild Strike+1","Disarm+1","Slice+1"],"picked":"Dual Wield+1","floor":94},{"not_picked":["Dark Embrace+1","The Bomb+1","Exhume+1"],"picked":"Violence+1","floor":101},{"not_picked":["Deadly Poison+1","Blade Dance+1","Dash+1","Shrug It Off+1"],"picked":"Singing Bowl","floor":111},{"not_picked":["Outmaneuver+1","PanicButton+1","Underhanded Strike+1"],"picked":"Searing Blow+1","floor":113},{"not_picked":["A Thousand Cuts+1","Doppelganger+1","Double Tap+1","Immolate+1"],"picked":"Singing Bowl","floor":118},{"not_picked":["Headbutt+1","Clash+1","Outmaneuver+1","Poisoned Stab+1"],"picked":"Singing Bowl","floor":119},{"not_picked":["Poisoned Stab+1","Flex+1","Grand Finale+1"],"picked":"Escape Plan+1","floor":119},{"not_picked":["Anger+1","Trip+1","Havoc+1"],"picked":"Footwork+1","floor":119},{"not_picked":["Backflip+1","Panacea+1","Warcry+1","Wild Strike+1"],"picked":"Singing Bowl","floor":119},{"not_picked":["Poisoned Stab+1","Shrug It Off+1","Malaise+1","Acrobatics+1"],"picked":"Singing Bowl","floor":119},{"not_picked":["Malaise+1","Outmaneuver+1","Brutality+1","Pommel Strike+1"],"picked":"Singing Bowl","floor":125},{"not_picked":["Slice+1","True Grit+1","Cloak And Dagger+1","Havoc+1"],"picked":"Singing Bowl","floor":127},{"not_picked":["Acrobatics+1","Riddle With Holes+1","Caltrops+1","Wild Strike+1"],"picked":"Singing Bowl","floor":128},{"not_picked":["Flame Barrier+1","Warcry+1","Blade Dance+1"],"picked":"Inflame+1","floor":131},{"not_picked":["Glass Knife+1","Impervious+1","Metamorphosis+1"],"picked":"Magnetism+1","floor":135},{"not_picked":["Carnage+1","Cloak And Dagger+1","Blur+1","Caltrops+1"],"picked":"Singing Bowl","floor":142},{"not_picked":["Poisoned Stab+1","Havoc+1","Flex+1","Dagger Throw+1"],"picked":"Singing Bowl","floor":144},{"not_picked":["Underhanded Strike+1","Clothesline+1","Phantasmal Killer+1","Disarm+1"],"picked":"Singing Bowl","floor":145},{"not_picked":["Corpse Explosion+1","Mayhem+1","Burst+1"],"picked":"Violence+1","floor":152}],"player_experience":280050,"relics_obtained":[{"floor":1,"key":"Pear"},{"floor":2,"key":"Juzu Bracelet"},{"floor":3,"key":"Paper Crane"},{"floor":5,"key":"Centennial Puzzle"},{"floor":6,"key":"Art of War"},{"floor":8,"key":"Oddly Smooth Stone"},{"floor":9,"key":"Singing Bowl"},{"floor":12,"key":"Blood Vial"},{"floor":13,"key":"Frozen Egg 2"},{"floor":16,"key":"The Courier"},{"floor":18,"key":"Ornamental Fan"},{"floor":20,"key":"Tiny Chest"},{"floor":21,"key":"Bronze Scales"},{"floor":24,"key":"Matryoshka"},{"floor":25,"key":"Strawberry"},{"floor":26,"key":"Letter Opener"},{"floor":26,"key":"Bag of Marbles"},{"floor":28,"key":"Darkstone Periapt"},{"floor":31,"key":"Smiling Mask"},{"floor":33,"key":"Ancient Tea Set"},{"floor":35,"key":"Molten Egg 2"},{"floor":37,"key":"Whetstone"},{"floor":38,"key":"Blue Candle"},{"floor":39,"key":"MawBank"},{"floor":40,"key":"Vajra"},{"floor":42,"key":"Question Card"},{"floor":43,"key":"Omamori"},{"floor":43,"key":"War Paint"},{"floor":46,"key":"Anchor"},{"floor":48,"key":"Du-Vu Doll"},{"floor":50,"key":"Happy Flower"},{"floor":52,"key":"Shuriken"},{"floor":55,"key":"Boot"},{"floor":56,"key":"Bottled Tornado"},{"floor":60,"key":"Meat on the Bone"},{"floor":63,"key":"Pen Nib"},{"floor":67,"key":"Girya"},{"floor":69,"key":"Dream Catcher"},{"floor":76,"key":"Bag of Preparation"},{"floor":78,"key":"Nunchaku"},{"floor":81,"key":"Pantograph"},{"floor":82,"key":"Bottled Lightning"},{"floor":84,"key":"Gremlin Horn"},{"floor":86,"key":"Bottled Flame"},{"floor":96,"key":"Tough Bandages"},{"floor":98,"key":"Bird Faced Urn"},{"floor":101,"key":"Shovel"},{"floor":103,"key":"Potion Belt"},{"floor":116,"key":"Snake Skull"},{"floor":118,"key":"Mercury Hourglass"},{"floor":120,"key":"Dodecahedron"},{"floor":130,"key":"Prayer Wheel"},{"floor":133,"key":"Ice Cream"},{"floor":135,"key":"Ginger"},{"floor":137,"key":"Gambling Chip"},{"floor":140,"key":"Incense Burner"},{"floor":146,"key":"StoneCalendar"},{"floor":147,"key":"Torii"},{"floor":148,"key":"Circlet"},{"floor":149,"key":"Circlet"},{"floor":150,"key":"Circlet"},{"floor":152,"key":"Circlet"}],"event_choices":[{"event_name":"FaceTrader","player_choice":"Trade","floor":11,"damage_taken":0},{"event_name":"Transmorgrifier","player_choice":"Transform","floor":19,"damage_taken":0},{"event_name":"Upgrade Shrine","player_choice":"Upgraded","floor":22,"damage_taken":0},{"event_name":"Forgotten Altar","player_choice":"Shed Blood","floor":29,"damage_taken":0},{"event_name":"Golden Shrine","player_choice":"Pray","floor":36,"damage_taken":0},{"event_name":"Winding Halls","player_choice":"Embrace Madness","floor":44,"damage_taken":0},{"event_name":"Falling","player_choice":"Removed Power","floor":45,"damage_taken":0},{"event_name":"Golden Idol","player_choice":"Take Damage","floor":54,"damage_taken":0},{"event_name":"Big Fish","player_choice":"Donut","floor":61,"damage_taken":0},{"event_name":"Golden Wing","player_choice":"Card Removal","floor":64,"damage_taken":0},{"event_name":"Nest","player_choice":"Joined the Cult","floor":70,"damage_taken":0},{"event_name":"Drug Dealer","player_choice":"Inject Mutagens","floor":71,"damage_taken":0},{"event_name":"Forgotten Altar","player_choice":"Gave Idol","floor":72,"damage_taken":0},{"event_name":"Upgrade Shrine","player_choice":"Upgraded","floor":87,"damage_taken":0},{"event_name":"Winding Halls","player_choice":"Embrace Madness","floor":88,"damage_taken":0},{"event_name":"Falling","player_choice":"Removed Attack","floor":89,"damage_taken":0},{"event_name":"Bonfire Elementals","player_choice":"RARE","floor":92,"damage_taken":0},{"event_name":"Tomb of Lord Red Mask","player_choice":"Ignored","floor":99,"damage_taken":0},{"event_name":"Shining Light","player_choice":"Entered Light","floor":104,"damage_taken":0},{"event_name":"The Lab","player_choice":"Got Potions","floor":105,"damage_taken":0},{"event_name":"Accursed Blacksmith","player_choice":"Forge","floor":106,"damage_taken":0},{"event_name":"The Woman in Blue","player_choice":"Bought 0 Potions","floor":107,"damage_taken":0},{"event_name":"WeMeetAgain","player_choice":"Potion","floor":109,"damage_taken":0},{"event_name":"Upgrade Shrine","player_choice":"Upgraded","floor":114,"damage_taken":0},{"event_name":"Living Wall","player_choice":"Grow","floor":115,"damage_taken":0},{"event_name":"Match and Keep!","player_choice":"1 cards matched","floor":121,"damage_taken":0},{"event_name":"Back to Basics","player_choice":"Elegance","floor":122,"damage_taken":0},{"event_name":"Wheel of Change","player_choice":"Curse","floor":124,"damage_taken":0},{"event_name":"Beggar","player_choice":"Gave Gold","floor":129,"damage_taken":0},{"event_name":"Winding Halls","player_choice":"Embrace Madness","floor":138,"damage_taken":0},{"event_name":"Transmorgrifier","player_choice":"Transform","floor":139,"damage_taken":0},{"event_name":"Tomb of Lord Red Mask","player_choice":"Ignored","floor":141,"damage_taken":0}],"is_beta":false,"boss_relics":[{"not_picked":["Astrolabe","Sozu"],"picked":"Empty Cage"},{"not_picked":["Snecko Eye","Runic Dome"],"picked":"Ring of the Serpent"},{"not_picked":["Pandora\u0027s Box","Cursed Key"],"picked":"Tiny House"},{"not_picked":["Eternal Feather","Lizard Tail"],"picked":"WristBlade"},{"not_picked":["Snecko Eye","Runic Dome"],"picked":"Astrolabe"},{"not_picked":["Velvet Choker","Fusion Hammer"],"picked":"White Beast Statue"},{"not_picked":["Black Star","HoveringKite"],"picked":"Orrery"},{"not_picked":["Sozu","Calling Bell"],"picked":"Coffee Dripper"},{"not_picked":["Snecko Eye","Lizard Tail"],"picked":"Runic Dome"}],"items_purged_floors":[4,10,14,53,59,73,90,95,112,123,132],"is_endless":true,"potions_floor_spawned":[2,3,6,13,16,18,28,31,37,40,42,48,62,63,69,76,77,79,91,98,103,111,113,116,118,120,125,127,128,130,131,133,135,137,140,142,144,145,146,148,149,150,152],"ascension_level":0}