{"gold_per_floor":[118,118,20,37,47,12,12,33,57,67,67,84,4,23,23,23],"floor_reached":16,"playtime":668,"items_purged":["Strike_B"],"score":152,"play_id":"3f76a161-5691-48ab-97e8-12077be0bab5","local_time":"20190517183823","is_ascension_mode":true,"campfire_choices":[{"data":"Sunder","floor":7,"key":"SMITH"},{"floor":15,"key":"REST"}],"neow_cost":"NONE","seed_source_timestamp":1224094712407,"circlet_count":0,"master_deck":["AscendersBane","Strike_B","Strike_B","Defend_B","Defend_B","Defend_B","Defend_B","Zap","Dualcast","Panacea","Go for the Eyes+1","Compile Driver","Reinforced Body","Sunder+1","Blizzard","Conserve Battery","Capacitor"],"relics":["Cracked Core","Odd Mushroom","DataDisk"],"potions_floor_usage":[12,16,16],"damage_taken":[{"damage":12,"enemies":"Small Slimes","floor":1,"turns":3},{"damage":1,"enemies":"Cultist","floor":4,"turns":3},{"damage":0,"enemies":"2 Louse","floor":5,"turns":2},{"damage":12,"enemies":"The Mushroom Lair","floor":8,"turns":4},{"damage":10,"enemies":"Gremlin Gang","floor":10,"turns":4},{"damage":5,"enemies":"Exordium Thugs","floor":12,"turns":4},{"damage":3,"enemies":"Looter","floor":14,"turns":3},{"damage":48,"enemies":"Hexaghost","floor":16,"turns":13}],"seed_played":"7657550806069529935","potions_obtained":[{"floor":1,"key":"FearPotion"},{"floor":5,"key":"Strength Potion"},{"floor":12,"key":"GamblersBrew"}],"is_trial":false,"path_per_floor":["M","?","$","M","M","$","R","?","T","M","?","M","$","M","R","B"],"character_chosen":"DEFECT","items_purchased":["Compile Driver","Blizzard","Capacitor"],"campfire_rested":1,"item_purchase_floors":[3,6,13],"current_hp_per_floor":[56,56,56,55,55,55,55,43,43,33,33,28,28,25,47,0],"gold":23,"neow_bonus":"RANDOM_COLORLESS","is_prod":false,"is_daily":false,"chose_seed":false,"campfire_upgraded":1,"win_rate":0,"timestamp":1558143503,"path_taken":["M","?","$","M","M","?","R","?","T","M","?","M","$","M","R","BOSS"],"build_version":"2019-01-23","purchased_purges":1,"victory":false,"max_hp_per_floor":[75,75,75,75,75,75,75,75,75,75,75,75,75,75,75,75],"card_choices":[{"not_picked":["Capacitor","Chill"],"picked":"Go for the Eyes","floor":1},{"not_picked":["Static Discharge","Ball Lightning"],"picked":"Reinforced Body","floor":4},{"not_picked":["Rip and Tear","Force Field"],"picked":"Sunder","floor":5},{"not_picked":["Scrape","Beam Cell"],"picked":"Conserve Battery","floor":8},{"not_picked":["Go for the Eyes","Blizzard","Turbo"],"picked":"SKIP","floor":10},{"not_picked":["Barrage","Hyperbeam","Steam"],"picked":"SKIP","floor":12},{"not_picked":["Storm","Beam Cell","Sweeping Beam"],"picked":"SKIP","floor":14}],"player_experience":606170,"relics_obtained":[{"floor":8,"key":"Odd Mushroom"},{"floor":9,"key":"DataDisk"}],"event_choices":[{"damage_healed":0,"gold_gain":0,"player_choice":"Forge","damage_taken":0,"max_hp_gain":0,"max_hp_loss":0,"event_name":"Accursed Blacksmith","floor":2,"gold_loss":0,"cards_upgraded":["Go for the Eyes"]},{"damage_healed":0,"gold_gain":0,"player_choice":"Fought Mushrooms","damage_taken":0,"max_hp_gain":0,"max_hp_loss":0,"event_name":"Mushrooms","floor":8,"gold_loss":0},{"cards_removed":["Strike_B"],"damage_healed":0,"gold_gain":0,"player_choice":"Offered Basic","damage_taken":0,"max_hp_gain":0,"max_hp_loss":0,"event_name":"Bonfire Elementals","floor":11,"gold_loss":0}],"is_beta":false,"boss_relics":[],"items_purged_floors":[3],"is_endless":false,"potions_floor_spawned":[1,5,12],"killed_by":"Hexaghost","ascension_level":13}