{"gold_per_floor":[13,13,13,13,13,13,30,41,41,56,70,99,111,127,127,231,231,250,165,165,183,27,27,43,43,43,43,63,83,115,143,143,240,240,258,273,288,301,301,301,81,81,106,120,152,168,218,232,232,232,232,232,5,36,36],"floor_reached":56,"playtime":2690,"items_purged":["Self Repair"],"score":1278,"play_id":"19fb6b81-572a-4d9f-a36b-776b8c35fbb8","local_time":"20190321182710","is_ascension_mode":false,"campfire_choices":[{"data":"Dualcast","floor":6,"key":"SMITH"},{"data":"Defragment","floor":15,"key":"SMITH"},{"data":"Capacitor","floor":27,"key":"SMITH"},{"data":"Loop","floor":32,"key":"SMITH"},{"data":"Blizzard","floor":40,"key":"SMITH"},{"data":"Blizzard","floor":42,"key":"SMITH"},{"floor":49,"key":"RECALL"},{"data":"Defragment","floor":52,"key":"SMITH"}],"neow_cost":"NO_GOLD","seed_source_timestamp":678765594182146,"circlet_count":0,"master_deck":["Zap+1","Dualcast+1","Consume","Cold Snap","Beam Cell","Sunder","Machine Learning","Defragment+1","Coolheaded","Melter+1","Fission","Capacitor+1","Ball Lightning","Ghostly","Ghostly","Ghostly","Ghostly","Ghostly","Gash+1","Capacitor","Loop+1","Defragment+1","Self Repair","BootSequence","Chill","Buffer","Tempest","Gash+1","Blizzard+1","White Noise","White Noise+1","Madness","Madness","Blizzard+1","Gash+1","Gash+1","White Noise+1"],"relics":["FrozenCore","DataDisk","Ice Cream","Lantern","Turnip","Happy Flower","Darkstone Periapt","Red Mask","Pandora\u0027s Box","Bag of Marbles","Whetstone","Girya","Mango","Vajra","Centennial Puzzle"],"potions_floor_usage":[12,33,55,55,55],"damage_taken":[{"damage":0,"enemies":"Small Slimes","floor":1,"turns":3},{"damage":0,"enemies":"2 Louse","floor":7,"turns":2},{"damage":1,"enemies":"Jaw Worm","floor":8,"turns":3},{"damage":10,"enemies":"Red Slaver","floor":10,"turns":2},{"damage":7,"enemies":"Exordium Wildlife","floor":11,"turns":2},{"damage":12,"enemies":"3 Sentries","floor":12,"turns":6},{"damage":6,"enemies":"Looter","floor":13,"turns":3},{"damage":0,"enemies":"2 Fungi Beasts","floor":14,"turns":2},{"damage":27,"enemies":"The Guardian","floor":16,"turns":9},{"damage":5,"enemies":"Shell Parasite","floor":18,"turns":5},{"damage":0,"enemies":"Chosen","floor":21,"turns":5},{"damage":4,"enemies":"Shelled Parasite and Fungi","floor":24,"turns":5},{"damage":0,"enemies":"Cultist and Chosen","floor":28,"turns":8},{"damage":0,"enemies":"Snake Plant","floor":29,"turns":7},{"damage":20,"enemies":"Gremlin Leader","floor":30,"turns":10},{"damage":4,"enemies":"Masked Bandits","floor":31,"turns":6},{"damage":4,"enemies":"Automaton","floor":33,"turns":11},{"damage":0,"enemies":"Orb Walker","floor":35,"turns":7},{"damage":0,"enemies":"3 Shapes","floor":36,"turns":4},{"damage":0,"enemies":"Sphere and 2 Shapes","floor":37,"turns":6},{"damage":12,"enemies":"Jaw Worm Horde","floor":38,"turns":5},{"damage":21,"enemies":"3 Darklings","floor":44,"turns":6},{"damage":0,"enemies":"Nemesis","floor":45,"turns":9},{"damage":0,"enemies":"Transient","floor":46,"turns":5},{"damage":0,"enemies":"2 Orb Walkers","floor":47,"turns":6},{"damage":0,"enemies":"Spire Growth","floor":48,"turns":6},{"damage":1,"enemies":"Time Eater","floor":50,"turns":10},{"damage":10,"enemies":"Shield and Spear","floor":54,"turns":10},{"damage":17,"enemies":"The Heart","floor":55,"turns":9}],"seed_played":"-1092941698970454171","potions_obtained":[{"floor":1,"key":"FocusPotion"},{"floor":10,"key":"FocusPotion"},{"floor":12,"key":"Fruit Juice"},{"floor":14,"key":"Fire Potion"},{"floor":31,"key":"PowerPotion"},{"floor":33,"key":"FocusPotion"}],"is_trial":false,"path_per_floor":["M","?","$","?","$","R","M","M","T","M","M","E","M","M","R","B",null,"M","?","?","M","$","$","M","?","T","R","M","M","E","?","R","B",null,"M","M","M","M","?","R","$","R","T","M","E","M","?","M","R","B",null,"R","$","E","B",null],"character_chosen":"DEFECT","items_purchased":["Happy Flower","Blizzard","Bag of Marbles","Vajra"],"campfire_rested":0,"item_purchase_floors":[22,41,41,53],"current_hp_per_floor":[75,75,75,63,63,63,63,62,62,52,45,38,32,32,32,5,80,75,75,75,75,75,75,71,40,40,40,40,40,27,30,30,33,40,40,40,40,40,35,35,35,35,35,21,35,40,54,54,54,54,54,54,54,44,27],"gold":36,"neow_bonus":"REMOVE_TWO","is_prod":false,"is_daily":false,"chose_seed":false,"campfire_upgraded":7,"win_rate":0,"timestamp":1553160430,"path_taken":["M","?","$","?","?","R","M","M","T","?","M","E","M","M","R","BOSS","M","?","?","M","?","$","M","?","T","R","M","M","E","?","R","BOSS","M","M","M","M","?","R","$","R","T","M","E","M","?","M","R","BOSS","R","$","E","BOSS"],"build_version":"2019-01-23","purchased_purges":1,"victory":true,"max_hp_per_floor":[75,75,75,75,75,75,75,75,75,75,75,80,80,80,80,80,80,80,80,80,80,80,80,80,40,40,40,40,40,40,40,40,40,40,40,40,40,40,40,40,40,40,40,40,40,40,54,54,54,54,54,54,54,54,54],"card_choices":[{"not_picked":["Go for the Eyes","Turbo"],"picked":"Consume","floor":1},{"not_picked":["Leap","Loop"],"picked":"Cold Snap","floor":7},{"not_picked":["Steam","Streamline"],"picked":"Beam Cell","floor":8},{"not_picked":["Redo","Reinforced Body"],"picked":"Sunder","floor":10},{"not_picked":["Stack","Cold Snap"],"picked":"Machine Learning","floor":11},{"not_picked":["Leap","Go for the Eyes"],"picked":"Defragment","floor":12},{"not_picked":["Cold Snap","Rip and Tear"],"picked":"Coolheaded","floor":13},{"not_picked":["Streamline","Fusion"],"picked":"Melter","floor":14},{"not_picked":["Rainbow","Echo Form"],"picked":"Fission","floor":16},{"not_picked":["Rebound","Go for the Eyes"],"picked":"Capacitor","floor":18},{"not_picked":["Sweeping Beam","Reprogram+1"],"picked":"Ball Lightning","floor":21},{"not_picked":["Barrage","Stack","Fusion+1"],"picked":"SKIP","floor":24},{"not_picked":["Barrage","Chaos"],"picked":"Self Repair","floor":28},{"not_picked":["Rebound","Redo"],"picked":"Gash","floor":29},{"not_picked":["Hologram","Cold Snap"],"picked":"Capacitor","floor":30},{"not_picked":["Consume","Sweeping Beam"],"picked":"Loop","floor":31},{"not_picked":["Recycle","Steam"],"picked":"Gash+1","floor":35},{"not_picked":["Static Discharge","Rebound+1"],"picked":"Blizzard","floor":36},{"not_picked":["Auto Shields+1","Reinforced Body"],"picked":"White Noise","floor":37},{"not_picked":["Coolheaded","Self Repair+1"],"picked":"White Noise+1","floor":38},{"not_picked":["Ball Lightning+1","Steam"],"picked":"Gash+1","floor":44},{"not_picked":["Redo","Self Repair"],"picked":"Gash+1","floor":45},{"not_picked":["Genetic Algorithm+1","Aggregate","Ball Lightning"],"picked":"SKIP","floor":46},{"not_picked":["Coolheaded","Ball Lightning+1"],"picked":"White Noise+1","floor":48},{"not_picked":["Go for the Eyes","Beam Cell","Leap"],"picked":"SKIP","floor":54}],"player_experience":348602,"relics_obtained":[{"floor":9,"key":"Ice Cream"},{"floor":12,"key":"Lantern"},{"floor":30,"key":"Darkstone Periapt"},{"floor":31,"key":"Red Mask"},{"floor":43,"key":"Whetstone"},{"floor":45,"key":"Girya"},{"floor":47,"key":"Mango"},{"floor":54,"key":"Centennial Puzzle"}],"event_choices":[{"damage_healed":0,"gold_gain":0,"player_choice":"Grow","damage_taken":0,"max_hp_gain":0,"max_hp_loss":0,"event_name":"Living Wall","floor":2,"gold_loss":0,"cards_upgraded":["Zap"]},{"damage_healed":0,"gold_gain":0,"player_choice":"Success","damage_taken":12,"relics_obtained":["DataDisk"],"max_hp_gain":0,"max_hp_loss":0,"event_name":"Scrap Ooze","floor":4,"gold_loss":0},{"damage_healed":0,"gold_gain":0,"player_choice":"Obtained Relic","damage_taken":0,"relics_obtained":["Turnip"],"max_hp_gain":0,"max_hp_loss":0,"event_name":"Addict","floor":19,"gold_loss":85},{"damage_healed":0,"gold_gain":0,"player_choice":"Ignored","damage_taken":0,"max_hp_gain":0,"max_hp_loss":0,"event_name":"Vampires","floor":20,"gold_loss":0},{"damage_healed":0,"gold_gain":0,"player_choice":"Became a Ghost","damage_taken":0,"max_hp_gain":0,"max_hp_loss":40,"event_name":"Ghosts","floor":25,"gold_loss":0,"cards_obtained":["Ghostly","Ghostly","Ghostly","Ghostly","Ghostly"]},{"damage_healed":0,"gold_gain":0,"player_choice":"Fought Bandits","damage_taken":0,"max_hp_gain":0,"max_hp_loss":0,"event_name":"Masked Bandits","floor":31,"gold_loss":0},{"damage_healed":0,"gold_gain":0,"player_choice":"Embrace Madness","damage_taken":5,"max_hp_gain":0,"max_hp_loss":0,"event_name":"Winding Halls","floor":39,"gold_loss":0,"cards_obtained":["Madness","Madness"]},{"damage_healed":0,"gold_gain":0,"player_choice":"Fight","damage_taken":0,"max_hp_gain":0,"max_hp_loss":0,"event_name":"Mysterious Sphere","floor":47,"gold_loss":0}],"is_beta":false,"boss_relics":[{"not_picked":["Runic Pyramid","Cursed Key"],"picked":"FrozenCore"},{"not_picked":["Fusion Hammer","Velvet Choker"],"picked":"Pandora\u0027s Box"}],"items_purged_floors":[53],"is_endless":false,"potions_floor_spawned":[1,10,12,14,28,29,31,33,38,45,46,47,48,54],"ascension_level":0}