{"gold_per_floor":[119,7,0,12,12,44,61,61,61,61,61,77,77,92,92,92],"floor_reached":16,"playtime":1088,"items_purged":["Strike_B"],"score":194,"play_id":"8486d872-2077-462c-9a43-e02af9a4d6ed","local_time":"20190511161713","is_ascension_mode":true,"campfire_choices":[{"data":"Zap","floor":11,"key":"SMITH"},{"data":"Fusion","floor":13,"key":"SMITH"},{"data":"Conserve Battery","floor":15,"key":"SMITH"}],"neow_cost":"NONE","seed_source_timestamp":495820102376076,"circlet_count":0,"master_deck":["AscendersBane","Strike_B","Strike_B","Defend_B","Defend_B","Defend_B","Defend_B","Zap+1","Dualcast","Conserve Battery","Self Repair","BootSequence","Reinforced Body","Fusion+1","Conserve Battery+1"],"relics":["Cracked Core","NeowsBlessing","Symbiotic Virus","Darkstone Periapt"],"potions_floor_usage":[],"damage_taken":[{"damage":0,"enemies":"Small Slimes","floor":1,"turns":1},{"damage":0,"enemies":"Jaw Worm","floor":4,"turns":1},{"damage":0,"enemies":"Gremlin Nob","floor":6,"turns":1},{"damage":0,"enemies":"2 Louse","floor":7,"turns":2},{"damage":11,"enemies":"2 Fungi Beasts","floor":12,"turns":5},{"damage":4,"enemies":"Blue Slaver","floor":14,"turns":4},{"damage":73,"enemies":"Hexaghost","floor":16,"turns":14}],"seed_played":"5252854899617822561","potions_obtained":[{"floor":1,"key":"SpeedPotion"},{"floor":12,"key":"SmokeBomb"},{"floor":14,"key":"Energy Potion"}],"is_trial":false,"path_per_floor":["M","$","?","M","$","E","M","$","T","?","R","M","R","M","R","B"],"character_chosen":"DEFECT","items_purchased":["Self Repair"],"campfire_rested":0,"item_purchase_floors":[2],"current_hp_per_floor":[68,68,68,68,68,68,68,68,68,68,68,64,64,67,67,0],"gold":92,"neow_bonus":"THREE_ENEMY_KILL","is_prod":false,"is_daily":false,"chose_seed":false,"campfire_upgraded":3,"win_rate":0,"timestamp":1557616633,"path_taken":["M","$","?","M","$","E","M","$","T","?","R","M","R","M","R","BOSS"],"build_version":"2019-01-23","purchased_purges":1,"victory":false,"max_hp_per_floor":[75,75,75,75,75,75,75,75,75,75,75,75,75,75,75,75],"card_choices":[{"not_picked":["FTL","Streamline"],"picked":"Conserve Battery","floor":1},{"not_picked":["Cold Snap","Darkness"],"picked":"BootSequence","floor":4},{"not_picked":["Doom and Gloom","Consume","Steam"],"picked":"SKIP","floor":6},{"not_picked":["Gash","Leap"],"picked":"Reinforced Body","floor":7},{"not_picked":["Genetic Algorithm","Compile Driver","Force Field"],"picked":"SKIP","floor":12},{"not_picked":["Skim","Coolheaded"],"picked":"Conserve Battery","floor":14}],"player_experience":463477,"relics_obtained":[{"floor":6,"key":"Symbiotic Virus"},{"floor":9,"key":"Darkstone Periapt"}],"event_choices":[{"damage_healed":0,"gold_gain":0,"player_choice":"Left Gold","damage_taken":0,"max_hp_gain":0,"max_hp_loss":0,"event_name":"World of Goop","floor":3,"gold_loss":7},{"damage_healed":0,"gold_gain":0,"cards_transformed":["Strike_B"],"player_choice":"Change","damage_taken":0,"max_hp_gain":0,"max_hp_loss":0,"event_name":"Living Wall","floor":10,"gold_loss":0,"cards_obtained":["Fusion"]}],"is_beta":false,"boss_relics":[],"items_purged_floors":[2],"is_endless":false,"potions_floor_spawned":[1,12,14],"killed_by":"Hexaghost","ascension_level":11}