{"gold_per_floor":[114,129,149,165,184,184,218,218,218,218,230,230,230],"floor_reached":13,"playtime":359,"items_purged":[],"score":87,"play_id":"3f19bdfc-f814-4ff6-8ca0-c46f0416497d","local_time":"20190412215219","is_ascension_mode":false,"campfire_choices":[{"data":"True Grit","floor":6,"key":"SMITH"},{"data":"Perfected Strike","floor":10,"key":"SMITH"}],"neow_cost":"PERCENT_DAMAGE","seed_source_timestamp":613768633533,"circlet_count":0,"master_deck":["Strike_R","Strike_R","Strike_R","Strike_R","Strike_R","Defend_R","Defend_R","Bash","Pommel Strike","True Grit+1","Twin Strike","Perfected Strike+1","Shrug It Off"],"relics":["Burning Blood","Happy Flower","Shuriken","Pantograph"],"potions_floor_usage":[13],"damage_taken":[{"damage":18,"enemies":"Jaw Worm","floor":1,"turns":3},{"damage":1,"enemies":"Cultist","floor":2,"turns":3},{"damage":11,"enemies":"2 Louse","floor":3,"turns":3},{"damage":8,"enemies":"Looter","floor":4,"turns":3},{"damage":9,"enemies":"Red Slaver","floor":5,"turns":3},{"damage":22,"enemies":"3 Sentries","floor":7,"turns":6},{"damage":3,"enemies":"Exordium Thugs","floor":11,"turns":3},{"damage":5,"enemies":"Lagavulin","floor":13,"turns":5}],"seed_played":"4880224472177585210","potions_obtained":[{"floor":2,"key":"Explosive Potion"},{"floor":4,"key":"BloodPotion"}],"is_trial":false,"path_per_floor":["M","M","M","M","M","R","E","?","T","R","M","?","E"],"character_chosen":"IRONCLAD","items_purchased":[],"campfire_rested":0,"item_purchase_floors":[],"current_hp_per_floor":[44,49,44,42,39,39,23,23,23,23,26,8,11],"gold":230,"neow_bonus":"REMOVE_TWO","is_prod":false,"is_daily":false,"chose_seed":false,"campfire_upgraded":2,"win_rate":0,"timestamp":1555073539,"path_taken":["M","M","M","M","M","R","E","?","T","R","?","?","E"],"build_version":"2019-01-23","purchased_purges":0,"victory":false,"max_hp_per_floor":[80,80,80,80,80,80,80,80,80,80,80,80,80],"card_choices":[{"not_picked":["Havoc","Feel No Pain"],"picked":"Pommel Strike","floor":1},{"not_picked":["Clash","Thunderclap","Headbutt"],"picked":"SKIP","floor":2},{"not_picked":["Sword Boomerang","Flex"],"picked":"True Grit","floor":3},{"not_picked":["Havoc","Rupture"],"picked":"Twin Strike","floor":4},{"not_picked":["Combust","Havoc"],"picked":"Perfected Strike","floor":5},{"not_picked":["Fire Breathing","Brutality"],"picked":"Shrug It Off","floor":7},{"not_picked":["Flex","Shrug It Off","Clothesline"],"picked":"SKIP","floor":11}],"player_experience":382875,"relics_obtained":[{"floor":7,"key":"Happy Flower"},{"floor":9,"key":"Shuriken"}],"event_choices":[{"damage_healed":0,"gold_gain":0,"player_choice":"Ignored","damage_taken":0,"max_hp_gain":0,"max_hp_loss":0,"event_name":"NoteForYourself","floor":8,"gold_loss":0},{"damage_healed":0,"gold_gain":0,"player_choice":"Success","damage_taken":18,"relics_obtained":["Pantograph"],"max_hp_gain":0,"max_hp_loss":0,"event_name":"Scrap Ooze","floor":12,"gold_loss":0}],"is_beta":false,"boss_relics":[],"items_purged_floors":[],"is_endless":false,"potions_floor_spawned":[2,4],"killed_by":"Lagavulin","ascension_level":0}