{"gold_per_floor":[14,29,29,43,118,118,293,318,318,318,318,318,318,11,11,116,116,131,147,51,51,69,69,98,98,180,195,215,215,215,234,234,234],"floor_reached":33,"playtime":2444,"items_purged":[],"score":263,"play_id":"0aa5d93e-e8ad-41dc-af41-c76c64b6ec51","local_time":"20190129231728","is_ascension_mode":false,"campfire_choices":[{"floor":6,"key":"RECALL"},{"floor":10,"key":"REST"},{"data":"Leg Sweep","floor":15,"key":"SMITH"},{"data":"Footwork","floor":23,"key":"SMITH"},{"floor":32,"key":"REST"}],"neow_cost":"NO_GOLD","seed_source_timestamp":36793875272388,"circlet_count":0,"master_deck":["Defend_G","Defend_G","Defend_G","Strike_G","Strike_G","Strike_G","Survivor","Neutralize","Bandage Up","Trip","Leg Sweep+1","Footwork+1","Infinite Blades","Dagger Throw","Glass Knife","Noxious Fumes+1","Crippling Poison+1","Blade Dance","Dodge and Roll","Footwork","Accuracy+1","Backflip","Leg Sweep","Calculated Gamble","Blade Dance","Infinite Blades+1","Dodge and Roll+1"],"relics":["Ring of the Snake","Bottled Tornado","Juzu Bracelet","GremlinMask","Torii","Empty Cage","Calipers","Sundial"],"potions_floor_usage":[8,16,16,24,28,30],"damage_taken":[{"damage":2,"enemies":"Jaw Worm","floor":1,"turns":3},{"damage":0,"enemies":"Small Slimes","floor":2,"turns":4},{"damage":0,"enemies":"2 Louse","floor":4,"turns":4},{"damage":48,"enemies":"3 Sentries","floor":8,"turns":17},{"damage":28,"enemies":"Slime Boss","floor":16,"turns":11},{"damage":6,"enemies":"Shell Parasite","floor":18,"turns":7},{"damage":12,"enemies":"Chosen","floor":19,"turns":5},{"damage":2,"enemies":"Snake Plant","floor":22,"turns":6},{"damage":41,"enemies":"Slavers","floor":24,"turns":8},{"damage":12,"enemies":"Centurion and Healer","floor":27,"turns":8},{"damage":8,"enemies":"Shelled Parasite and Fungi","floor":28,"turns":7},{"damage":7,"enemies":"Colosseum Slavers","floor":30,"turns":9},{"damage":1,"enemies":"Snake Plant","floor":31,"turns":6},{"damage":41,"enemies":"Collector","floor":33,"turns":5}],"seed_played":"-775127072048466143","potions_obtained":[{"floor":1,"key":"SkillPotion"},{"floor":2,"key":"Dexterity Potion"},{"floor":8,"key":"Fire Potion"},{"floor":22,"key":"Swift Potion"},{"floor":24,"key":"Fire Potion"},{"floor":27,"key":"Explosive Potion"}],"is_trial":false,"path_per_floor":["M","M","?","M","?","R","?","E","T","R","?","?","$","$","R","B",null,"M","M","$","?","M","R","E","?","T","M","M","T","?","M","R","B"],"character_chosen":"THE_SILENT","items_purchased":["Torii","Blade Dance","Dodge and Roll"],"campfire_rested":2,"item_purchase_floors":[14,20,20],"current_hp_per_floor":[68,70,63,67,56,56,56,12,12,33,33,33,33,33,33,9,70,68,58,58,58,60,60,23,23,23,15,11,11,8,11,32,0],"gold":234,"neow_bonus":"RANDOM_COLORLESS_2","is_prod":false,"is_daily":false,"chose_seed":false,"campfire_upgraded":2,"win_rate":0,"timestamp":1548800248,"path_taken":["M","M","?","M","?","R","?","E","T","R","?","?","?","$","R","BOSS","M","M","?","?","M","R","E","?","T","M","M","?","?","M","R","BOSS"],"build_version":"2019-01-23","purchased_purges":0,"victory":false,"max_hp_per_floor":[70,70,70,70,70,70,70,70,70,70,70,70,70,70,70,70,70,70,70,70,70,70,70,70,70,70,70,70,70,70,70,70,70],"card_choices":[{"not_picked":["Dodge and Roll","Well Laid Plans"],"picked":"Leg Sweep","floor":1},{"not_picked":["Poisoned Stab","Choke"],"picked":"Footwork","floor":2},{"not_picked":["Masterful Stab","Sucker Punch"],"picked":"Infinite Blades","floor":4},{"not_picked":["Quick Slash","Predator"],"picked":"Dagger Throw","floor":8},{"not_picked":["Bullet Time","Die Die Die"],"picked":"Glass Knife","floor":16},{"not_picked":["Dodge and Roll+1","Dagger Spray"],"picked":"Noxious Fumes+1","floor":18},{"not_picked":["PiercingWail","Underhanded Strike"],"picked":"Crippling Poison+1","floor":19},{"not_picked":["Eviscerate","Riddle With Holes+1"],"picked":"Accuracy+1","floor":22},{"not_picked":["Prepared+1","Deadly Poison"],"picked":"Backflip","floor":24},{"not_picked":["Finisher","Underhanded Strike"],"picked":"Blade Dance","floor":27},{"not_picked":["Acrobatics","Eviscerate"],"picked":"Infinite Blades+1","floor":28},{"not_picked":["Dagger Spray","Slice"],"picked":"Dodge and Roll+1","floor":31}],"player_experience":229143,"relics_obtained":[{"floor":8,"key":"Bottled Tornado"},{"floor":9,"key":"Juzu Bracelet"},{"floor":24,"key":"Calipers"},{"floor":29,"key":"Sundial"}],"event_choices":[{"cards_removed":["Defend_G"],"damage_healed":0,"gold_gain":0,"player_choice":"Card Removal","damage_taken":7,"max_hp_gain":0,"max_hp_loss":0,"event_name":"Golden Wing","floor":3,"gold_loss":0},{"damage_healed":0,"gold_gain":75,"player_choice":"Gather Gold","damage_taken":11,"max_hp_gain":0,"max_hp_loss":0,"event_name":"World of Goop","floor":5,"gold_loss":0},{"damage_healed":0,"gold_gain":175,"player_choice":"AGREE","damage_taken":0,"max_hp_gain":0,"max_hp_loss":0,"event_name":"Liars Game","floor":7,"gold_loss":0,"cards_obtained":["Doubt"]},{"damage_healed":0,"gold_gain":0,"player_choice":"Trade","damage_taken":0,"relics_obtained":["GremlinMask"],"max_hp_gain":0,"max_hp_loss":0,"event_name":"FaceTrader","floor":11,"gold_loss":0},{"damage_healed":0,"gold_gain":0,"cards_transformed":["Strike_G"],"player_choice":"Transformed","damage_taken":0,"max_hp_gain":0,"max_hp_loss":0,"event_name":"Transmorgrifier","floor":12,"gold_loss":0,"cards_obtained":["Masterful Stab"]},{"damage_healed":0,"gold_gain":0,"player_choice":"Copied","damage_taken":0,"max_hp_gain":0,"max_hp_loss":0,"event_name":"Duplicator","floor":21,"gold_loss":0,"cards_obtained":["Footwork"]},{"damage_healed":0,"gold_gain":0,"cards_transformed":["Strike_G","Masterful Stab"],"player_choice":"Became Test Subject","damage_taken":0,"max_hp_gain":0,"max_hp_loss":0,"event_name":"Drug Dealer","floor":25,"gold_loss":0,"cards_obtained":["Leg Sweep","Calculated Gamble"]},{"damage_healed":0,"gold_gain":0,"player_choice":"Fight","damage_taken":0,"max_hp_gain":0,"max_hp_loss":0,"event_name":"Colosseum","floor":30,"gold_loss":0},{"damage_healed":0,"gold_gain":0,"player_choice":"Fled From Nobs","damage_taken":0,"max_hp_gain":0,"max_hp_loss":0,"event_name":"Colosseum","floor":30,"gold_loss":0}],"is_beta":false,"boss_relics":[{"not_picked":["Lizard Tail","Runic Pyramid"],"picked":"Empty Cage"}],"items_purged_floors":[],"is_endless":false,"potions_floor_spawned":[1,2,8,22,24,27],"killed_by":"Collector","ascension_level":0}