{"gold_per_floor":[117,117,117,130,150,178,178,195,195,211,221,221,146,146,146,250,250,260,40,40,40,40,40,54,68,140,140,154,165,182,208,208,303,303,320,333,36,46,62,62,0,17,85,130,130,165,165,177,177,282,282,302,316,116,427,443,473,473,229,229,229,179,213,224,224,224,334,346,371,403,432,444,469,512,524,290,315,315,315,238,238,254,254,353,353,363],"floor_reached":86,"playtime":2537,"items_purged":["Grand Finale","Doppelganger"],"score":2048,"play_id":"24484508-4605-445b-8dcc-4e90f19aa392","local_time":"20180812135632","daily_mods":["Heirloom","Insanity","Time Dilation","Vintage"],"is_ascension_mode":false,"campfire_choices":[{"data":"Backstab","floor":7,"key":"SMITH"},{"data":"Secret Technique","floor":12,"key":"SMITH"},{"data":"Calculated Gamble","floor":15,"key":"SMITH"},{"data":"RitualDagger","floor":23,"key":"SMITH"},{"data":"Backstab","floor":27,"key":"SMITH"},{"data":"Double Tap","floor":32,"key":"SMITH"},{"data":"Apotheosis","floor":40,"key":"SMITH"},{"data":"Secret Weapon","floor":49,"key":"SMITH"},{"floor":57,"key":"DIG"},{"floor":66,"key":"DIG"},{"floor":79,"key":"DIG"},{"floor":81,"key":"DIG"},{"floor":83,"key":"DIG"}],"neow_cost":"","seed_source_timestamp":0,"circlet_count":0,"master_deck":["Calculated Gamble","Concentrate","Finisher","Adrenaline+1","Backstab+1","Bouncing Flask","Escape Plan","All Out Attack","Backstab+1","Noxious Fumes","Distraction","Dagger Spray+1","Expertise","Burst","Distraction","Deflect","Setup","Calculated Gamble+1","All Out Attack","Corpse Explosion","Tactician","Endless Agony","Underhanded Strike+1","Catalyst","Riddle With Holes","Corpse Explosion+1","Expertise","Deadly Poison","Caltrops","Predator","Die Die Die","Corpse Explosion","Venomology+1","Deflect","Venomology","Dodge and Roll","Tactician+1","Footwork","All Out Attack","Riddle With Holes","Concentrate+1","Masterful Stab","Tactician","Secret Technique+1","Barricade+1","Inflame+1","RitualDagger+1","Double Tap+1","Juggernaut+1","Apotheosis+1","Mind Blast","Secret Weapon+1","Juggernaut+1","Panache+1","Footwork+1","PiercingWail","Berserk+1","Corruption+1","Backstab","Madness","J.A.X.","Panache+1"],"relics":["Ring of the Serpent","Tough Bandages","Blue Candle","Incense Burner","Gremlin Horn","Anchor","Bottled Lightning","Nunchaku","Mercury Hourglass","Juzu Bracelet","Frozen Egg 2","Singing Bowl","Eternal Feather","Shuriken","Whetstone","Shovel","Oddly Smooth Stone","Letter Opener","Ancient Tea Set","Du-Vu Doll","Question Card","Happy Flower","Ginger","Dodecahedron","Bag of Preparation","Vajra","The Courier","Potion Belt","Red Mask","Ornamental Fan","Matryoshka","Torii","Mango","War Paint","Centennial Puzzle","Lizard Tail","The Specimen","Bottled Flame","Bottled Tornado","Old Coin","Bag of Marbles","Tiny Chest","Snake Skull","Bird Faced Urn","Regal Pillow","MawBank","Thread and Needle","Busted Crown","Blood Vial","StoneCalendar","Kunai","Mummified Hand","Nilry\u0027s Codex","Dead Branch","Ice Cream","Pen Nib","Bronze Scales","Tingsha","Molten Egg 2","Coffee Dripper","Ninja Scroll"],"potions_floor_usage":[8,44,44,48,50,50,50,50,50,53,84,84,84],"damage_taken":[{"damage":8,"enemies":"Jaw Worm","floor":1,"turns":2},{"damage":0,"enemies":"2 Louse","floor":4,"turns":1},{"damage":0,"enemies":"Small Slimes","floor":5,"turns":1},{"damage":5,"enemies":"3 Sentries","floor":6,"turns":3},{"damage":0,"enemies":"2 Fungi Beasts","floor":8,"turns":2},{"damage":0,"enemies":"Red Slaver","floor":10,"turns":1},{"damage":0,"enemies":"Exordium Thugs","floor":11,"turns":1},{"damage":6,"enemies":"Hexaghost","floor":16,"turns":9},{"damage":0,"enemies":"Chosen","floor":18,"turns":2},{"damage":0,"enemies":"3 Byrds","floor":24,"turns":1},{"damage":22,"enemies":"Snake Plant","floor":25,"turns":3},{"damage":0,"enemies":"Chosen and Byrds","floor":28,"turns":3},{"damage":0,"enemies":"Centurion and Healer","floor":29,"turns":2},{"damage":5,"enemies":"Snecko","floor":30,"turns":3},{"damage":4,"enemies":"Book of Stabbing","floor":31,"turns":5},{"damage":2,"enemies":"Champ","floor":33,"turns":2},{"damage":0,"enemies":"3 Darklings","floor":35,"turns":1},{"damage":0,"enemies":"3 Shapes","floor":36,"turns":1},{"damage":12,"enemies":"Maw","floor":38,"turns":4},{"damage":0,"enemies":"4 Shapes","floor":39,"turns":1},{"damage":19,"enemies":"Sphere and 2 Shapes","floor":42,"turns":3},{"damage":0,"floor":44,"turns":1},{"damage":0,"enemies":"2 Orb Walkers","floor":46,"turns":2},{"damage":0,"enemies":"Spire Growth","floor":48,"turns":2},{"damage":23,"enemies":"Awakened One","floor":50,"turns":5},{"damage":0,"enemies":"2 Louse","floor":52,"turns":1},{"damage":0,"enemies":"Jaw Worm","floor":53,"turns":1},{"damage":0,"enemies":"Cultist","floor":55,"turns":1},{"damage":0,"enemies":"Looter","floor":56,"turns":1},{"damage":0,"enemies":"Gremlin Nob","floor":63,"turns":1},{"damage":0,"enemies":"Blue Slaver","floor":64,"turns":1},{"damage":0,"enemies":"Hexaghost","floor":67,"turns":1},{"damage":0,"enemies":"Spheric Guardian","floor":69,"turns":1},{"damage":0,"enemies":"2 Thieves","floor":70,"turns":1},{"damage":0,"enemies":"Snake Plant","floor":71,"turns":1},{"damage":0,"enemies":"Chosen and Byrds","floor":73,"turns":1},{"damage":0,"enemies":"Book of Stabbing","floor":74,"turns":1},{"damage":0,"enemies":"Gremlin Leader","floor":77,"turns":1},{"damage":0,"enemies":"Cultist and Chosen","floor":82,"turns":1},{"damage":0,"enemies":"Champ","floor":84,"turns":1},{"damage":0,"enemies":"Flame Bruiser 1 Orb","floor":86,"turns":1}],"seed_played":"8257053440483597386","potions_obtained":[{"floor":1,"key":"SteroidPotion"},{"floor":10,"key":"Energy Potion"},{"floor":42,"key":"Weak Potion"},{"floor":46,"key":"Regen Potion"},{"floor":52,"key":"EntropicBrew"},{"floor":55,"key":"GamblersBrew"},{"floor":64,"key":"SkillPotion"},{"floor":67,"key":"PowerPotion"}],"is_trial":true,"path_per_floor":["M","?","?","M","M","E","R","M","T","M","M","R","$","T","R","B",null,"M","$","?","?","?","R","M","M","T","R","M","M","M","E","R","B",null,"M","M","$","M","M","R","?","M","T","?","?","E","?","M","R","B",null,"M","M","$","M","M","R","?","$","T","?","?","E","M","?","R","B",null,"M","M","M","?","M","E","?","$","E","?","R","?","R","M","R","B",null],"character_chosen":"THE_SILENT","items_purchased":["Inflame+1","Whetstone","Apotheosis","Vajra","Bottled Tornado","Panache+1","Dead Branch"],"campfire_rested":0,"item_purchase_floors":[19,19,37,37,54,59,76],"current_hp_per_floor":[62,67,67,67,67,62,62,62,62,62,62,62,62,62,62,56,75,75,75,69,69,55,80,80,58,58,80,80,80,75,71,80,78,80,80,80,80,68,68,80,80,61,61,63,63,77,77,77,96,73,96,96,96,96,96,96,96,89,89,89,70,70,70,72,72,96,96,96,96,96,96,96,96,96,80,80,88,88,96,96,96,96,96,96,96,96],"gold":363,"neow_bonus":"","is_prod":false,"is_daily":false,"chose_seed":false,"campfire_upgraded":8,"win_rate":0,"timestamp":1534049792,"path_taken":["M","?","?","?","M","E","R","M","T","M","M","R","$","?","R","BOSS","M","$","?","?","?","R","M","M","T","R","M","M","M","E","R","BOSS","M","M","$","M","M","R","?","M","T","?","?","E","?","M","R","BOSS","M","M","$","M","M","R","?","$","T","?","?","E","M","?","R","BOSS","M","M","M","?","M","E","?","?","E","?","R","?","R","M","R","BOSS","M"],"build_version":"2018-08-09","purchased_purges":2,"victory":false,"max_hp_per_floor":[70,75,75,75,75,75,75,75,75,75,75,75,75,75,75,75,75,75,75,75,75,80,80,80,80,80,80,80,80,80,80,80,80,80,80,80,80,80,80,80,80,80,80,82,82,96,96,96,96,96,96,96,96,96,96,96,96,96,96,96,96,96,96,96,96,96,96,96,96,96,96,96,96,96,96,96,96,96,96,96,96,96,96,96,96,96],"card_choices":[{"not_picked":["Dodge and Roll","Concentrate"],"picked":"Secret Technique","floor":6},{"not_picked":["Transmutation","Reaper"],"picked":"Barricade+1","floor":16},{"not_picked":["Deadly Poison+1","Warcry+1","Outmaneuver+1"],"picked":"Double Tap","floor":31},{"not_picked":["Venomology","Impervious","A Thousand Cuts+1"],"picked":"Juggernaut+1","floor":33},{"not_picked":["Clothesline+1","Body Slam","Heavy Blade","Noxious Fumes+1"],"picked":"Singing Bowl","floor":44},{"not_picked":["Acrobatics","Outmaneuver","Clothesline"],"picked":"Secret Weapon","floor":46},{"not_picked":["Storm of Steel","Venomology","Transmutation"],"picked":"Juggernaut+1","floor":50},{"not_picked":["Uppercut","Iron Wave","Flying Knee"],"picked":"Footwork+1","floor":63},{"not_picked":["Corpse Explosion","Feed","Immolate"],"picked":"Berserk+1","floor":67},{"not_picked":["PiercingWail"],"picked":"Backstab","floor":74},{"not_picked":["Dodge and Roll"],"picked":"Madness","floor":77},{"not_picked":["Bullet Time"],"picked":"Panache+1","floor":84}],"player_experience":277513,"relics_obtained":[{"floor":1,"key":"Blue Candle"},{"floor":4,"key":"Incense Burner"},{"floor":5,"key":"Gremlin Horn"},{"floor":6,"key":"Anchor"},{"floor":8,"key":"Bottled Lightning"},{"floor":9,"key":"Nunchaku"},{"floor":10,"key":"Mercury Hourglass"},{"floor":11,"key":"Juzu Bracelet"},{"floor":14,"key":"Frozen Egg 2"},{"floor":16,"key":"Singing Bowl"},{"floor":18,"key":"Shuriken"},{"floor":24,"key":"Shovel"},{"floor":25,"key":"Oddly Smooth Stone"},{"floor":26,"key":"Letter Opener"},{"floor":28,"key":"Ancient Tea Set"},{"floor":29,"key":"Du-Vu Doll"},{"floor":30,"key":"Question Card"},{"floor":31,"key":"Happy Flower"},{"floor":33,"key":"Ginger"},{"floor":35,"key":"Dodecahedron"},{"floor":36,"key":"Bag of Preparation"},{"floor":38,"key":"The Courier"},{"floor":39,"key":"Potion Belt"},{"floor":42,"key":"Ornamental Fan"},{"floor":43,"key":"Matryoshka"},{"floor":44,"key":"Torii"},{"floor":46,"key":"Mango"},{"floor":48,"key":"War Paint"},{"floor":50,"key":"Centennial Puzzle"},{"floor":52,"key":"The Specimen"},{"floor":53,"key":"Bottled Flame"},{"floor":55,"key":"Old Coin"},{"floor":56,"key":"Bag of Marbles"},{"floor":57,"key":"Tiny Chest"},{"floor":60,"key":"Snake Skull"},{"floor":60,"key":"Bird Faced Urn"},{"floor":64,"key":"Regal Pillow"},{"floor":66,"key":"MawBank"},{"floor":67,"key":"Thread and Needle"},{"floor":69,"key":"Blood Vial"},{"floor":70,"key":"StoneCalendar"},{"floor":71,"key":"Kunai"},{"floor":73,"key":"Mummified Hand"},{"floor":75,"key":"Nilry\u0027s Codex"},{"floor":79,"key":"Ice Cream"},{"floor":81,"key":"Pen Nib"},{"floor":82,"key":"Bronze Scales"},{"floor":83,"key":"Tingsha"},{"floor":84,"key":"Molten Egg 2"},{"floor":86,"key":"Ninja Scroll"}],"event_choices":[{"event_name":"Big Fish","player_choice":"Donut","floor":2,"damage_taken":0},{"event_name":"Living Wall","player_choice":"Grow","floor":3,"damage_taken":0},{"event_name":"Nest","player_choice":"Joined the Cult","floor":20,"damage_taken":0},{"event_name":"Drug Dealer","player_choice":"Ignored","floor":21,"damage_taken":0},{"event_name":"Forgotten Altar","player_choice":"Shed Blood","floor":22,"damage_taken":0},{"event_name":"Tomb of Lord Red Mask","player_choice":"Paid","floor":41,"damage_taken":0},{"event_name":"Mysterious Sphere","player_choice":"Fight","floor":44,"damage_taken":0},{"event_name":"Match and Keep!","player_choice":"1 cards matched","floor":45,"damage_taken":0},{"event_name":"Purifier","player_choice":"One Purge","floor":47,"damage_taken":0},{"event_name":"Golden Wing","player_choice":"Card Removal","floor":58,"damage_taken":0},{"event_name":"Shining Light","player_choice":"Entered Light","floor":61,"damage_taken":0},{"event_name":"The Cleric","player_choice":"Card Removal","floor":62,"damage_taken":0},{"event_name":"Transmorgrifier","player_choice":"Transform","floor":65,"damage_taken":0},{"event_name":"The Library","player_choice":"Read","floor":72,"damage_taken":0},{"event_name":"Cursed Tome","player_choice":"Obtained Book","floor":75,"damage_taken":0},{"event_name":"Back to Basics","player_choice":"Elegance","floor":78,"damage_taken":0},{"event_name":"Drug Dealer","player_choice":"Got JAXXED","floor":80,"damage_taken":0}],"is_beta":false,"boss_relics":[{"not_picked":["Cursed Key","Runic Dome"],"picked":"Eternal Feather"},{"not_picked":["Tiny House","Orrery"],"picked":"Ring of the Serpent"},{"not_picked":["Snecko Eye","Sozu"],"picked":"Lizard Tail"},{"not_picked":["Snecko Eye","White Beast Statue"],"picked":"Busted Crown"},{"not_picked":["Calling Bell","Empty Cage"],"picked":"Coffee Dripper"}],"items_purged_floors":[13,59],"is_endless":true,"potions_floor_spawned":[1,5,10,16,25,29,30,36,42,46,52,55,64,67,70,73,77],"killed_by":"Flame Bruiser 1 Orb","ascension_level":0}