{"gold_per_floor":[112,112,129,145,159,173,173,204,230,230,230,230,248,264,264,367,367,383,71,84,94,193,193],"floor_reached":23,"playtime":1575,"items_purged":["Strike_B"],"score":224,"play_id":"605a8642-9d90-4540-8d7a-1a13cb05f4d4","local_time":"20190204202222","is_ascension_mode":true,"campfire_choices":[{"floor":11,"key":"REST"},{"floor":15,"key":"REST"}],"neow_cost":"NONE","seed_source_timestamp":2184583668262238,"circlet_count":0,"master_deck":["Strike_B+1","Defend_B","Defend_B+1","Defend_B","Defend_B","Zap","Dualcast","Cold Snap","Hologram","Genetic Algorithm","Blizzard","Skim","Cold Snap","Chaos","Go for the Eyes","Echo Form+1","Ball Lightning","Storm+1","Static Discharge+1","Capacitor+1","Storm+1","Leap","BootSequence","Machine Learning+1"],"relics":["Cracked Core","NeowsBlessing","Frozen Egg 2","Art of War","Orrery","DataDisk"],"potions_floor_usage":[8,21,23],"damage_taken":[{"damage":0,"enemies":"Jaw Worm","floor":1,"turns":1},{"damage":0,"enemies":"Cultist","floor":3,"turns":1},{"damage":0,"enemies":"Small Slimes","floor":4,"turns":1},{"damage":9,"enemies":"Blue Slaver","floor":5,"turns":5},{"damage":6,"enemies":"2 Fungi Beasts","floor":6,"turns":4},{"damage":39,"enemies":"Gremlin Nob","floor":8,"turns":5},{"damage":0,"enemies":"Large Slime","floor":13,"turns":5},{"damage":3,"enemies":"Exordium Thugs","floor":14,"turns":5},{"damage":21,"enemies":"Hexaghost","floor":16,"turns":13},{"damage":28,"enemies":"2 Thieves","floor":18,"turns":2},{"damage":0,"enemies":"Spheric Guardian","floor":20,"turns":3},{"damage":31,"enemies":"3 Cultists","floor":21,"turns":4},{"damage":22,"enemies":"Book of Stabbing","floor":23,"turns":5}],"seed_played":"-2265525503728976082","potions_obtained":[{"floor":4,"key":"GamblersBrew"},{"floor":6,"key":"Strength Potion"},{"floor":8,"key":"Explosive Potion"},{"floor":20,"key":"SneckoOil"},{"floor":21,"key":"FearPotion"}],"is_trial":false,"path_per_floor":["M","?","M","M","M","M","?","E","T","?","R","?","M","M","R","B",null,"M","$","M","M","?","E"],"character_chosen":"DEFECT","items_purchased":["Storm+1","DataDisk","Leap"],"campfire_rested":2,"item_purchase_floors":[19,19,19],"current_hp_per_floor":[75,75,75,75,66,60,53,14,14,14,36,21,21,18,40,19,75,47,47,47,16,16,0],"gold":193,"neow_bonus":"THREE_ENEMY_KILL","is_prod":false,"is_daily":false,"chose_seed":false,"campfire_upgraded":0,"win_rate":0,"timestamp":1549329742,"path_taken":["M","?","?","M","M","M","?","E","T","?","R","?","M","M","R","BOSS","M","$","M","M","?","E"],"build_version":"2019-01-23","purchased_purges":1,"victory":false,"max_hp_per_floor":[75,75,75,75,75,75,75,75,75,75,75,75,75,75,75,75,75,75,75,75,75,75,75],"card_choices":[{"not_picked":["Streamline","Auto Shields"],"picked":"Cold Snap","floor":1},{"not_picked":["Compile Driver","Stack"],"picked":"Hologram","floor":3},{"not_picked":["Turbo","Aggregate"],"picked":"Genetic Algorithm","floor":4},{"not_picked":["Streamline","Auto Shields"],"picked":"Blizzard","floor":5},{"not_picked":["Lockon","Go for the Eyes"],"picked":"Skim","floor":6},{"not_picked":["Rip and Tear","Barrage"],"picked":"Cold Snap","floor":8},{"not_picked":["Conserve Battery","Steam"],"picked":"Chaos","floor":13},{"not_picked":["Leap","Cold Snap"],"picked":"Go for the Eyes","floor":14},{"not_picked":["Seek","Buffer+1"],"picked":"Echo Form+1","floor":16},{"not_picked":["Stack","Reprogram"],"picked":"Ball Lightning","floor":17},{"not_picked":["Leap","Lockon"],"picked":"Storm+1","floor":17},{"not_picked":["Conserve Battery","Go for the Eyes"],"picked":"Static Discharge+1","floor":17},{"not_picked":["Compile Driver","Ball Lightning+1"],"picked":"Capacitor+1","floor":18},{"not_picked":["Auto Shields","Cold Snap"],"picked":"BootSequence","floor":20},{"not_picked":["Cold Snap","Sweeping Beam"],"picked":"Machine Learning+1","floor":21}],"player_experience":147124,"relics_obtained":[{"floor":8,"key":"Frozen Egg 2"},{"floor":9,"key":"Art of War"}],"event_choices":[{"damage_healed":0,"gold_gain":0,"player_choice":"Bought 0 Potions","damage_taken":0,"max_hp_gain":0,"max_hp_loss":0,"event_name":"The Woman in Blue","floor":2,"gold_loss":0},{"cards_removed":["Strike_B"],"damage_healed":0,"gold_gain":0,"player_choice":"Card Removal","damage_taken":7,"max_hp_gain":0,"max_hp_loss":0,"event_name":"Golden Wing","floor":7,"gold_loss":0},{"cards_removed":["Strike_B"],"damage_healed":0,"gold_gain":0,"player_choice":"Forget","damage_taken":0,"max_hp_gain":0,"max_hp_loss":0,"event_name":"Living Wall","floor":10,"gold_loss":0},{"damage_healed":0,"gold_gain":0,"player_choice":"Entered Light","damage_taken":15,"max_hp_gain":0,"max_hp_loss":0,"event_name":"Shining Light","floor":12,"gold_loss":0,"cards_upgraded":["Defend_B","Strike_B"]},{"damage_healed":0,"gold_gain":99,"player_choice":"Stole From Cult","damage_taken":0,"max_hp_gain":0,"max_hp_loss":0,"event_name":"Nest","floor":22,"gold_loss":0}],"is_beta":false,"boss_relics":[{"not_picked":["Black Star","Lizard Tail"],"picked":"Orrery"}],"items_purged_floors":[19],"is_endless":false,"potions_floor_spawned":[4,6,8,20,21],"killed_by":"Book of Stabbing","ascension_level":3}