{"gold_per_floor":[113,127,145,160,173,173,173,173,173,189,63,63,78,78,78,182,182,198,198,198,98,98,98,116,3,29,46,46,65,90,90],"floor_reached":31,"playtime":4438,"items_purged":["Strike_B","Skim"],"score":318,"play_id":"878eb864-936f-49ea-ac11-387baacd6f52","local_time":"20190507145338","is_ascension_mode":true,"campfire_choices":[{"floor":6,"key":"REST"},{"data":"Zap","floor":8,"key":"SMITH"},{"floor":12,"key":"REST"},{"data":"Melter","floor":15,"key":"SMITH"},{"floor":23,"key":"REST"}],"neow_cost":"CURSE","seed_source_timestamp":289715096522594,"circlet_count":0,"master_deck":["Zap+1","Dualcast","Decay","Melter+1","Ball Lightning","Cold Snap","Leap","Conserve Battery","Electrodynamics","Capacitor","Recycle","Defragment","Blizzard","Genetic Algorithm","Lockon","Conserve Battery","Coolheaded+1","Flash of Steel","Leap","Self Repair+1","FTL"],"relics":["Cracked Core","Bird Faced Urn","Omamori","Pandora\u0027s Box","Vajra","Blood Vial"],"potions_floor_usage":[16,19,19],"damage_taken":[{"damage":0,"enemies":"Small Slimes","floor":1,"turns":3},{"damage":6,"enemies":"Cultist","floor":2,"turns":3},{"damage":6,"enemies":"2 Louse","floor":3,"turns":3},{"damage":7,"enemies":"Looter","floor":4,"turns":3},{"damage":11,"enemies":"Large Slime","floor":5,"turns":4},{"damage":9,"enemies":"Blue Slaver","floor":10,"turns":3},{"damage":11,"enemies":"3 Louse","floor":13,"turns":3},{"damage":20,"enemies":"The Guardian","floor":16,"turns":15},{"damage":14,"enemies":"Chosen","floor":18,"turns":4},{"damage":21,"enemies":"Colosseum Slavers","floor":19,"turns":5},{"damage":26,"enemies":"2 Thieves","floor":24,"turns":3},{"damage":22,"enemies":"Chosen and Byrds","floor":27,"turns":5},{"damage":12,"enemies":"Centurion and Healer","floor":29,"turns":8},{"damage":54,"enemies":"Cultist and Chosen","floor":31,"turns":6}],"seed_played":"3092683725627667796","potions_obtained":[{"floor":3,"key":"Energy Potion"},{"floor":4,"key":"PowerPotion"},{"floor":18,"key":"Weak Potion"},{"floor":24,"key":"FairyPotion"}],"is_trial":false,"path_per_floor":["M","M","M","M","M","R","?","R","T","M","$","R","M","$","R","B",null,"M","?","?","$","?","R","M","$","T","M","?","M","T","M"],"character_chosen":"DEFECT","items_purchased":["Conserve Battery","Flash of Steel","Leap"],"campfire_rested":3,"item_purchase_floors":[11,25,25],"current_hp_per_floor":[68,62,56,49,38,60,60,60,60,51,51,73,62,62,62,44,67,59,44,44,44,44,66,44,44,44,28,28,22,22,0],"gold":90,"neow_bonus":"ONE_RARE_RELIC","is_prod":false,"is_daily":false,"chose_seed":false,"campfire_upgraded":2,"win_rate":0,"timestamp":1557266018,"path_taken":["M","M","M","M","M","R","?","R","T","M","$","R","M","?","R","BOSS","M","?","?","$","?","R","M","?","T","M","?","M","?","?"],"build_version":"2019-01-23","purchased_purges":2,"victory":false,"max_hp_per_floor":[75,75,75,75,75,75,75,75,75,75,75,75,75,75,75,75,75,75,75,75,75,75,75,75,75,75,75,75,75,75,75],"card_choices":[{"not_picked":["Streamline","Auto Shields"],"picked":"Melter","floor":1},{"not_picked":["Stack","Steam Power","Glacier"],"picked":"SKIP","floor":2},{"not_picked":["Hologram","Streamline"],"picked":"Ball Lightning","floor":3},{"not_picked":["Go for the Eyes","Loop"],"picked":"Cold Snap","floor":4},{"not_picked":["Darkness","Lockon","Barrage"],"picked":"SKIP","floor":5},{"not_picked":["Defragment","Beam Cell"],"picked":"Leap","floor":10},{"not_picked":["Barrage","Chill","Glacier"],"picked":"SKIP","floor":13},{"not_picked":["Fission","Thunder Strike"],"picked":"Electrodynamics","floor":16},{"not_picked":["Gash","Rebound"],"picked":"Conserve Battery","floor":18},{"not_picked":["Recycle","Barrage"],"picked":"Coolheaded+1","floor":24},{"not_picked":["Streamline","Undo"],"picked":"Self Repair+1","floor":27},{"not_picked":["Hologram","Redo"],"picked":"FTL","floor":29}],"player_experience":304857,"relics_obtained":[{"floor":9,"key":"Omamori"},{"floor":26,"key":"Vajra"},{"floor":30,"key":"Blood Vial"}],"event_choices":[{"damage_healed":0,"gold_gain":0,"player_choice":"Leave","damage_taken":0,"max_hp_gain":0,"max_hp_loss":0,"event_name":"FaceTrader","floor":7,"gold_loss":0},{"damage_healed":0,"gold_gain":0,"player_choice":"Fight","damage_taken":0,"max_hp_gain":0,"max_hp_loss":0,"event_name":"Colosseum","floor":19,"gold_loss":0},{"damage_healed":0,"gold_gain":0,"player_choice":"Fled From Nobs","damage_taken":0,"max_hp_gain":0,"max_hp_loss":0,"event_name":"Colosseum","floor":19,"gold_loss":0},{"damage_healed":0,"gold_gain":0,"player_choice":"Ignored","damage_taken":0,"max_hp_gain":0,"max_hp_loss":0,"event_name":"Vampires","floor":20,"gold_loss":0},{"damage_healed":0,"gold_gain":0,"player_choice":"Ignored","damage_taken":0,"max_hp_gain":0,"max_hp_loss":0,"event_name":"Cursed Tome","floor":22,"gold_loss":0},{"damage_healed":0,"gold_gain":0,"player_choice":"Smashed Altar","damage_taken":0,"max_hp_gain":0,"max_hp_loss":0,"event_name":"Forgotten Altar","floor":28,"gold_loss":0,"cards_obtained":["Decay"]}],"is_beta":false,"boss_relics":[{"not_picked":["Astrolabe","Runic Dome"],"picked":"Pandora\u0027s Box"}],"items_purged_floors":[11,21],"is_endless":false,"potions_floor_spawned":[3,4,18,24],"killed_by":"Cultist and Chosen","ascension_level":8}