{"gold_per_floor":[118,129,143,156,171,203,220,251,251,251,262,292,217,235,235,333,333,353,373,11,11,80,80,92,127,151,165,165,191,219,230,230,326,376,390,390,390,67,83,83,109,109,181,181,196,210,256,10,10,10],"floor_reached":50,"playtime":3166,"items_purged":["Injury","Strike_R"],"score":718,"play_id":"89b33446-40c6-442f-a0da-0796c45ce0ad","local_time":"20190530155858","is_ascension_mode":true,"campfire_choices":[{"data":"Shrug It Off","floor":10.0,"key":"SMITH"},{"floor":15.0,"key":"REST"},{"data":"RitualDagger","floor":23.0,"key":"SMITH"},{"floor":28.0,"key":"REST"},{"floor":32.0,"key":"REST"},{"data":"Apotheosis","floor":40.0,"key":"SMITH"},{"floor":42.0,"key":"REST"},{"data":"Metallicize","floor":44.0,"key":"SMITH"},{"floor":49.0,"key":"REST"}],"neow_cost":"CURSE","seed_source_timestamp":109414079870700,"circlet_count":0,"master_deck":["Strike_R","Strike_R","Strike_R","Defend_R+1","Defend_R+1","Defend_R","Defend_R","Cleave","Shrug It Off+1","Immolate","Twin Strike","Shrug It Off+1","Twin Strike","True Grit+1","Reckless Charge+1","Demon Form+1","Metallicize+1","RitualDagger+1","Disarm+1","Infernal Blade","Juggernaut","Headbutt+1","Armaments+1","Apotheosis+1","Heavy Blade","Searing Blow+1","Rampage+1","Perfected Strike+1","Heavy Blade+1","Flame Barrier+1","Battle Trance"],"special_seed":0,"relics":["Burning Blood","Pocketwatch","Orichalcum","Bottled Lightning","Blue Candle","War Paint","Astrolabe","WingedGreaves","Pear","Happy Flower","PreservedInsect","Du-Vu Doll","Bronze Scales","Tiny House","Ginger","Molten Egg 2","Meat on the Bone","Girya"],"potions_floor_usage":[50,50,50],"damage_taken":[{"damage":1.0,"enemies":"Cultist","floor":1.0,"turns":3.0},{"damage":3.0,"enemies":"Jaw Worm","floor":2.0,"turns":4.0},{"damage":10.0,"enemies":"2 Louse","floor":3.0,"turns":2.0},{"damage":10.0,"enemies":"Large Slime","floor":4.0,"turns":5.0},{"damage":5.0,"enemies":"Exordium Thugs","floor":5.0,"turns":4.0},{"damage":34.0,"enemies":"3 Sentries","floor":6.0,"turns":8.0},{"damage":0.0,"enemies":"2 Fungi Beasts","floor":7.0,"turns":2.0},{"damage":28.0,"enemies":"Lagavulin","floor":8.0,"turns":7.0},{"damage":2.0,"enemies":"Large Slime","floor":11.0,"turns":4.0},{"damage":10.0,"enemies":"Gremlin Nob","floor":12.0,"turns":3.0},{"damage":0.0,"enemies":"Blue Slaver","floor":14.0,"turns":4.0},{"damage":9.0,"enemies":"The Guardian","floor":16.0,"turns":19.0},{"damage":10.0,"enemies":"3 Byrds","floor":18.0,"turns":5.0},{"damage":1.0,"enemies":"Chosen","floor":19.0,"turns":4.0},{"damage":9.0,"enemies":"Centurion and Healer","floor":24.0,"turns":9.0},{"damage":50.0,"enemies":"Gremlin Leader","floor":25.0,"turns":11.0},{"damage":13.0,"enemies":"Snake Plant","floor":27.0,"turns":7.0},{"damage":6.0,"enemies":"Slavers","floor":29.0,"turns":4.0},{"damage":21.0,"enemies":"Gremlin Leader","floor":30.0,"turns":4.0},{"damage":7.0,"enemies":"3 Cultists","floor":31.0,"turns":3.0},{"damage":25.0,"enemies":"Champ","floor":33.0,"turns":12.0},{"damage":16.0,"enemies":"Orb Walker","floor":35.0,"turns":4.0},{"damage":21.0,"enemies":"3 Darklings","floor":39.0,"turns":4.0},{"damage":11.0,"enemies":"Reptomancer","floor":41.0,"turns":6.0},{"damage":47.0,"enemies":"Writhing Mass","floor":45.0,"turns":5.0},{"damage":4.0,"enemies":"Maw","floor":46.0,"turns":6.0},{"damage":24.0,"enemies":"2 Orb Walkers","floor":47.0,"turns":5.0},{"damage":100,"enemies":"Donu and Deca","floor":50,"turns":8}],"seed_played":"6300977656083146738","potions_obtained":[{"floor":3.0,"key":"GamblersBrew"},{"floor":5.0,"key":"Fire Potion"},{"floor":6.0,"key":"SkillPotion"},{"floor":14.0,"key":"BloodPotion"},{"floor":19.0,"key":"Ancient Potion"},{"floor":27.0,"key":"PowerPotion"},{"floor":29.0,"key":"SteroidPotion"},{"floor":31.0,"key":"SpeedPotion"},{"floor":33.0,"key":"Poison Potion"},{"floor":39.0,"key":"Poison Potion"},{"floor":41.0,"key":"FearPotion"},{"floor":46.0,"key":"Energy Potion"},{"floor":47.0,"key":"LiquidBronze"}],"is_trial":false,"path_per_floor":["M","M","M","M","M","E","M","E","T","R","M","E","$","M","R","B",null,"M","M","$","?","T","R","M","E","T","M","R","E","E","M","R","B",null,"M","?","?","$","M","R","E","R","T","R","M","M","?","$","R","B"],"character_chosen":"IRONCLAD","items_purchased":["WingedGreaves","Metallicize","Ginger","Heavy Blade","Battle Trance","EssenceOfSteel"],"campfire_rested":5,"item_purchase_floors":[20,20,38,38,48,48],"current_hp_per_floor":[80,80,76,72,73,45,51,29,29,29,33,29,29,35,59,56,74,70,75,75,69,79,79,76,32,32,34,61,61,46,45,72,53,86,76,71,71,71,56,56,51,79,79,79,50,64,58,58,86,0],"gold":10,"neow_bonus":"ONE_RARE_RELIC","is_prod":false,"is_daily":false,"chose_seed":false,"campfire_upgraded":4,"win_rate":0,"timestamp":1559257138,"path_taken":["M","M","M","M","M","E","M","E","T","R","M","E","$","?","R","BOSS","M","M","$","?","?","R","M","E","T","M","R","E","E","M","R","BOSS","M","?","?","$","?","R","E","R","T","R","M","M","?","$","R","BOSS"],"build_version":"2019-01-23","purchased_purges":2,"victory":false,"max_hp_per_floor":[80,80,80,80,80,80,80,80,80,80,80,80,80,80,80,80,80,80,80,80,80,90,90,90,90,90,90,90,90,90,90,90,90,95,95,95,95,95,95,95,95,95,95,95,95,95,95,95,95,95],"card_choices":[{"not_picked":["Perfected Strike","Anger","Dual Wield"],"picked":"SKIP","floor":1.0},{"not_picked":["Entrench","Havoc"],"picked":"Cleave","floor":2.0},{"not_picked":["Shockwave","Second Wind"],"picked":"Clash","floor":3.0},{"not_picked":["Thunderclap","Heavy Blade"],"picked":"Headbutt","floor":4.0},{"not_picked":["Brutality","Bloodletting"],"picked":"Shrug It Off","floor":5.0},{"not_picked":["Headbutt","Entrench"],"picked":"Immolate","floor":6.0},{"not_picked":["Bloodletting","Armaments"],"picked":"Twin Strike","floor":7.0},{"not_picked":["Carnage","Perfected Strike","Clothesline"],"picked":"SKIP","floor":8.0},{"not_picked":["Whirlwind","Infernal Blade"],"picked":"Shrug It Off","floor":11.0},{"not_picked":["Offering","Hemokinesis"],"picked":"Twin Strike","floor":12.0},{"not_picked":["Warcry","Intimidate","Headbutt"],"picked":"SKIP","floor":14.0},{"not_picked":["Sword Boomerang","Hemokinesis","Reckless Charge"],"picked":"SKIP","floor":18.0},{"not_picked":["Disarm","Cleave","Whirlwind"],"picked":"SKIP","floor":19.0},{"not_picked":["Body Slam","Anger+1"],"picked":"Disarm+1","floor":24.0},{"not_picked":["Twin Strike","Cleave"],"picked":"Infernal Blade","floor":25.0},{"not_picked":["Reckless Charge","True Grit","Cleave"],"picked":"SKIP","floor":27.0},{"not_picked":["Infernal Blade","Second Wind","Cleave"],"picked":"SKIP","floor":29.0},{"not_picked":["Wild Strike","Pommel Strike","Exhume"],"picked":"SKIP","floor":30.0},{"not_picked":["Thunderclap","Perfected Strike","True Grit"],"picked":"SKIP","floor":31.0},{"not_picked":["Berserk","Demon Form"],"picked":"Juggernaut","floor":33.0},{"not_picked":["Wild Strike","Thunderclap"],"picked":"Headbutt+1","floor":34.0},{"not_picked":["Heavy Blade","Body Slam"],"picked":"Armaments+1","floor":35.0},{"not_picked":["Deep Breath","Flash of Steel"],"picked":"Apotheosis","floor":36.0},{"not_picked":["Headbutt+1","Body Slam"],"picked":"Searing Blow+1","floor":39.0},{"not_picked":["Warcry","Shrug It Off"],"picked":"Rampage","floor":41.0},{"not_picked":["True Grit+1","Dropkick+1"],"picked":"Perfected Strike+1","floor":45.0},{"not_picked":["Clothesline+1","Rupture"],"picked":"Heavy Blade+1","floor":46.0},{"not_picked":["Iron Wave+1","Armaments"],"picked":"Flame Barrier+1","floor":47.0}],"player_experience":145912,"relics_obtained":[{"floor":6.0,"key":"Orichalcum"},{"floor":8.0,"key":"Bottled Lightning"},{"floor":9.0,"key":"Blue Candle"},{"floor":12.0,"key":"War Paint"},{"floor":22.0,"key":"Pear"},{"floor":25.0,"key":"Happy Flower"},{"floor":26.0,"key":"PreservedInsect"},{"floor":29.0,"key":"Du-Vu Doll"},{"floor":30.0,"key":"Bronze Scales"},{"floor":41.0,"key":"Molten Egg 2"},{"floor":43.0,"key":"Meat on the Bone"},{"floor":47.0,"key":"Girya"}],"event_choices":[{"damage_healed":0.0,"max_hp_gain":0.0,"max_hp_loss":0.0,"gold_gain":0.0,"event_name":"Nest","player_choice":"Joined the Cult","floor":21.0,"gold_loss":0.0,"damage_taken":6.0,"cards_obtained":["RitualDagger"]},{"damage_healed":0.0,"max_hp_gain":0.0,"max_hp_loss":0.0,"gold_gain":0.0,"event_name":"SensoryStone","player_choice":"Memory 2","floor":36.0,"gold_loss":0.0,"damage_taken":5.0},{"cards_removed":["Headbutt"],"damage_healed":0.0,"max_hp_gain":0.0,"max_hp_loss":0.0,"gold_gain":0.0,"event_name":"Falling","player_choice":"Removed Attack","floor":37.0,"gold_loss":0.0,"damage_taken":0.0},{"damage_healed":0.0,"max_hp_gain":0.0,"max_hp_loss":0.0,"gold_gain":0.0,"event_name":"Mysterious Sphere","player_choice":"Fight","floor":47.0,"gold_loss":0.0,"damage_taken":0.0}],"is_beta":false,"boss_relics":[{"not_picked":["Coffee Dripper","Snecko Eye"],"picked":"Astrolabe"},{"not_picked":["White Beast Statue","Runic Dome"],"picked":"Tiny House"}],"items_purged_floors":[13,48],"is_endless":false,"potions_floor_spawned":[3,5,6,8,14,19,27,29,31,33,39,41,46,47],"killed_by":"Donu and Deca","ascension_level":5}