{"gold_per_floor":[115,125,125,136,147,147,0,0,0,35,49,124,124,31,31,136,136,154,169,187,215,8,8,41,41,41,76,87,87,87,105,105,208,208,227,246,206,222,267,267,267,267,267,29,43,6,331,344,344,344],"floor_reached":51,"playtime":2302,"items_purged":["Decay"],"score":865,"play_id":"daf251ae-623f-4779-a625-a739117b93e9","local_time":"20190128134158","is_ascension_mode":false,"campfire_choices":[{"data":"Darkness","floor":6.0,"key":"SMITH"},{"data":"Capacitor","floor":8.0,"key":"SMITH"},{"data":"Zap","floor":13.0,"key":"SMITH"},{"data":"Redo","floor":15.0,"key":"SMITH"},{"data":"Defragment","floor":23.0,"key":"SMITH"},{"floor":25.0,"key":"REST"},{"floor":32.0,"key":"REST"},{"floor":40,"key":"REST"},{"floor":42,"key":"REST"},{"floor":49,"key":"REST"}],"neow_cost":"NONE","seed_source_timestamp":15269641878182,"circlet_count":0,"master_deck":["Defend_B","Defend_B","Defend_B","Zap+1","Dualcast","Darkness+1","Glacier","Sweeping Beam+1","Capacitor+1","Glacier","Coolheaded","Redo+1","Electrodynamics","Fission+1","Skim+1","Seek+1","Conserve Battery","Steam+1","Defragment+1","Glacier","Cold Snap","Blizzard+1","Coolheaded","Aggregate","Fusion+1","BootSequence+1","Electrodynamics","Storm","Echo Form"],"special_seed":0,"relics":["Cracked Core","NeowsBlessing","Pear","StoneCalendar","Astrolabe","Red Mask","Juzu Bracelet","Ornamental Fan","Mercury Hourglass","Nilry\u0027s Codex","Fusion Hammer","Mango","Bird Faced Urn","Bottled Lightning","Old Coin"],"potions_floor_usage":[39,50,50,50],"damage_taken":[{"damage":0.0,"enemies":"2 Louse","floor":1.0,"turns":1.0},{"damage":0.0,"enemies":"Cultist","floor":2.0,"turns":1.0},{"damage":0.0,"enemies":"Jaw Worm","floor":4.0,"turns":1.0},{"damage":5.0,"enemies":"Exordium Wildlife","floor":5.0,"turns":4.0},{"damage":18.0,"enemies":"Lagavulin","floor":10.0,"turns":4.0},{"damage":8.0,"enemies":"Looter","floor":11.0,"turns":3.0},{"damage":0.0,"enemies":"The Guardian","floor":16.0,"turns":9.0},{"damage":20.0,"enemies":"Spheric Guardian","floor":18.0,"turns":6.0},{"damage":5.0,"enemies":"3 Byrds","floor":19.0,"turns":3.0},{"damage":0.0,"enemies":"Centurion and Healer","floor":20.0,"turns":7.0},{"damage":24.0,"enemies":"Masked Bandits","floor":21.0,"turns":4.0},{"damage":0.0,"enemies":"Book of Stabbing","floor":24.0,"turns":7.0},{"damage":19.0,"enemies":"Slavers","floor":27.0,"turns":2.0},{"damage":9.0,"enemies":"Cultist and Chosen","floor":28.0,"turns":7.0},{"damage":8.0,"enemies":"Snake Plant","floor":31.0,"turns":4.0},{"damage":11.0,"enemies":"Automaton","floor":33.0,"turns":12.0},{"damage":25.0,"enemies":"3 Darklings","floor":35.0,"turns":4.0},{"damage":0.0,"enemies":"Orb Walker","floor":36.0,"turns":5.0},{"damage":11.0,"enemies":"Maw","floor":38.0,"turns":7.0},{"damage":23,"enemies":"2 Orb Walkers","floor":39,"turns":6},{"damage":19,"enemies":"Jaw Worm Horde","floor":45,"turns":3},{"damage":2,"enemies":"Nemesis","floor":47,"turns":7},{"damage":5,"enemies":"Spire Growth","floor":48,"turns":5},{"damage":33,"enemies":"Donu and Deca","floor":50,"turns":10}],"seed_played":"4539529762554442603","potions_obtained":[{"floor":1.0,"key":"Fruit Juice"},{"floor":2.0,"key":"Energy Potion"},{"floor":16.0,"key":"Ancient Potion"},{"floor":18.0,"key":"Fruit Juice"},{"floor":20.0,"key":"FearPotion"},{"floor":21.0,"key":"SteroidPotion"},{"floor":33.0,"key":"LiquidBronze"},{"floor":36.0,"key":"Weak Potion"},{"floor":39,"key":"Swift Potion"},{"floor":45,"key":"Weak Potion"}],"is_trial":false,"path_per_floor":["M","M","?","M","M","R","$","R","T","E","M","?","R","$","R","B",null,"M","M","M","?","$","R","E","R","T","E","M","?","?","M","R","B",null,"M","M","?","M","?","R","?","R","T","$","M","$","E","M","R","B",null],"character_chosen":"DEFECT","items_purchased":["Capacitor","Glacier","Coolheaded","Redo","Glacier","Cold Snap","Bottled Lightning","Storm"],"campfire_rested":5,"item_purchase_floors":[7,7,14,14,22,22,44,46],"current_hp_per_floor":[80,80,80,80,75,75,75,75,85,67,59,48,48,48,48,48,90,75,70,70,46,46,46,46,74,74,55,46,46,30,22,50,39,95,70,70,70,59,50,82,82,109,109,109,90,90,109,108,109,88],"gold":344,"neow_bonus":"THREE_ENEMY_KILL","is_prod":false,"is_daily":false,"chose_seed":false,"campfire_upgraded":5,"win_rate":0,"timestamp":1548679318,"path_taken":["M","M","?","M","?","R","$","R","T","E","M","?","R","$","R","BOSS","M","M","M","?","$","R","E","R","T","E","M","?","?","M","R","BOSS","M","M","?","M","?","R","?","R","T","$","M","?","E","M","R","BOSS"],"build_version":"2019-01-23","purchased_purges":1,"victory":true,"max_hp_per_floor":[80,80,80,80,80,80,80,80,90,90,90,90,90,90,90,90,90,95,95,95,95,95,95,95,95,95,95,95,95,95,95,95,95,95,95,95,95,95,109,109,109,109,109,109,109,109,109,109,109,109],"card_choices":[{"not_picked":["Double Energy","Go for the Eyes"],"picked":"Darkness","floor":1.0},{"not_picked":["Tempest","Stack"],"picked":"Glacier","floor":2.0},{"not_picked":["Gash","Leap"],"picked":"Sweeping Beam","floor":4.0},{"not_picked":["Beam Cell","Skim","Compile Driver"],"picked":"SKIP","floor":5.0},{"not_picked":["Steam Power","Stack","Force Field"],"picked":"SKIP","floor":10.0},{"not_picked":["Go for the Eyes","Turbo","Compile Driver"],"picked":"SKIP","floor":11.0},{"not_picked":["Echo Form","Fission"],"picked":"Electrodynamics","floor":16.0},{"not_picked":["Rebound","Turbo+1"],"picked":"Conserve Battery","floor":18.0},{"not_picked":["Sweeping Beam+1","Barrage"],"picked":"Steam+1","floor":19.0},{"not_picked":["BootSequence","Streamline+1"],"picked":"Defragment","floor":20.0},{"not_picked":["Go for the Eyes+1","Coolheaded"],"picked":"Auto Shields","floor":21.0},{"not_picked":["Conserve Battery","Fusion"],"picked":"Blizzard+1","floor":24.0},{"not_picked":["White Noise","Lockon","Gash"],"picked":"SKIP","floor":27.0},{"not_picked":["Lockon","Cold Snap"],"picked":"Coolheaded","floor":28.0},{"not_picked":["Tempest","Skim","Storm"],"picked":"SKIP","floor":31.0},{"not_picked":["Rebound","Aggregate+1","Ball Lightning"],"picked":"SKIP","floor":35.0},{"not_picked":["Sweeping Beam+1","Melter+1","Skim"],"picked":"SKIP","floor":36.0},{"not_picked":["Leap+1","Reprogram+1"],"picked":"BootSequence+1","floor":38.0},{"not_picked":["Aggregate","Sweeping Beam+1"],"picked":"Electrodynamics","floor":45},{"not_picked":["Compile Driver+1","Reinforced Body+1"],"picked":"Echo Form","floor":47},{"not_picked":["Sunder+1","Barrage","Go for the Eyes"],"picked":"SKIP","floor":48}],"player_experience":216892,"relics_obtained":[{"floor":9.0,"key":"Pear"},{"floor":10.0,"key":"StoneCalendar"},{"floor":21.0,"key":"Red Mask"},{"floor":24.0,"key":"Juzu Bracelet"},{"floor":26.0,"key":"Ornamental Fan"},{"floor":27.0,"key":"Mercury Hourglass"},{"floor":30.0,"key":"Nilry\u0027s Codex"},{"floor":39,"key":"Mango"},{"floor":43,"key":"Bird Faced Urn"},{"floor":47,"key":"Old Coin"}],"event_choices":[{"damage_healed":0.0,"max_hp_gain":0.0,"max_hp_loss":0.0,"gold_gain":0.0,"event_name":"Wheel of Change","player_choice":"Cursed","floor":3.0,"gold_loss":0.0,"damage_taken":0.0,"cards_obtained":["Decay"]},{"damage_healed":0.0,"max_hp_gain":0.0,"max_hp_loss":0.0,"gold_gain":75.0,"event_name":"World of Goop","player_choice":"Gather Gold","floor":12.0,"gold_loss":0.0,"damage_taken":11.0},{"damage_healed":0.0,"max_hp_gain":0.0,"max_hp_loss":0.0,"gold_gain":0.0,"event_name":"Masked Bandits","player_choice":"Fought Bandits","floor":21.0,"gold_loss":0.0,"damage_taken":0.0},{"damage_healed":0.0,"max_hp_gain":0.0,"max_hp_loss":0.0,"gold_gain":0.0,"cards_transformed":["Strike_B","Strike_B"],"event_name":"Drug Dealer","player_choice":"Became Test Subject","floor":29.0,"gold_loss":0.0,"damage_taken":0.0,"cards_obtained":["Aggregate","Fusion"]},{"damage_healed":0.0,"max_hp_gain":0.0,"max_hp_loss":0.0,"gold_gain":0.0,"event_name":"Cursed Tome","player_choice":"Obtained Book","floor":30.0,"gold_loss":0.0,"damage_taken":16.0},{"damage_healed":0.0,"max_hp_gain":0.0,"max_hp_loss":0.0,"gold_gain":0.0,"event_name":"Designer","player_choice":"Upgraded Two","floor":37.0,"gold_loss":40.0,"damage_taken":0.0,"cards_upgraded":["Sweeping Beam","Fusion"]},{"damage_healed":0,"gold_gain":0,"player_choice":"Fight","damage_taken":0,"max_hp_gain":0,"max_hp_loss":0,"event_name":"Mysterious Sphere","floor":39,"gold_loss":0},{"cards_removed":["Auto Shields"],"damage_healed":0,"gold_gain":0,"player_choice":"Removed Skill","damage_taken":0,"max_hp_gain":0,"max_hp_loss":0,"event_name":"Falling","floor":41,"gold_loss":0}],"is_beta":false,"boss_relics":[{"not_picked":["Calling Bell","Coffee Dripper"],"picked":"Astrolabe"},{"not_picked":["Philosopher\u0027s Stone","Pandora\u0027s Box"],"picked":"Fusion Hammer"}],"items_purged_floors":[22],"is_endless":false,"potions_floor_spawned":[1,2,16,18,20,21,33,36,39,45,47,48],"ascension_level":0}