{"gold_per_floor":[119,69,69,69,85,112,129,54,54,69,69,89,106,106],"floor_reached":14,"playtime":382,"items_purged":["Strike_R"],"score":92,"play_id":"22e6facf-d241-4306-b615-ccc4a18bc36a","local_time":"20190603220125","is_ascension_mode":false,"campfire_choices":[],"neow_cost":"NONE","seed_source_timestamp":56839191251262,"circlet_count":0,"master_deck":["Strike_R","Strike_R","Strike_R","Defend_R","Defend_R","Defend_R","Defend_R","Bash","Iron Wave","Burning Pact","Inflame","Strike_R","Thunderclap"],"relics":["Burning Blood"],"potions_floor_usage":[6],"damage_taken":[{"damage":4,"enemies":"2 Louse","floor":1,"turns":3},{"damage":9,"enemies":"Small Slimes","floor":5,"turns":4},{"damage":50,"enemies":"Lagavulin","floor":6,"turns":9},{"damage":1,"enemies":"Cultist","floor":7,"turns":3},{"damage":14,"enemies":"Large Slime","floor":10,"turns":8},{"damage":17,"enemies":"Lots of Slimes","floor":12,"turns":6},{"damage":23,"enemies":"Exordium Wildlife","floor":13,"turns":6},{"damage":8,"enemies":"3 Louse","floor":14,"turns":2}],"seed_played":"-344872525476389691","potions_obtained":[{"floor":1,"key":"FearPotion"},{"floor":6,"key":"Ancient Potion"}],"is_trial":false,"path_per_floor":["M","?","?","?","M","E","M","$","T","M","?","M","M","M"],"character_chosen":"IRONCLAD","items_purchased":[],"campfire_rested":0,"item_purchase_floors":[],"current_hp_per_floor":[80,80,85,85,82,38,43,43,43,35,35,24,7,0],"gold":106,"neow_bonus":"ONE_RANDOM_RARE_CARD","is_prod":false,"is_daily":false,"chose_seed":false,"campfire_upgraded":0,"win_rate":0,"timestamp":1559592085,"path_taken":["M","?","?","?","M","E","M","$","T","M","?","?","M","M"],"build_version":"2019-01-23","purchased_purges":1,"victory":false,"max_hp_per_floor":[80,80,85,85,85,85,85,85,85,85,85,85,85,85],"card_choices":[{"not_picked":["Whirlwind","Rupture"],"picked":"Iron Wave","floor":1},{"not_picked":["Sword Boomerang","Sever Soul","Headbutt"],"picked":"SKIP","floor":5},{"not_picked":["Fire Breathing","Iron Wave"],"picked":"Burning Pact","floor":6},{"not_picked":["Rampage","Warcry"],"picked":"Inflame","floor":7},{"not_picked":["Burning Pact","Body Slam","Whirlwind"],"picked":"SKIP","floor":10},{"not_picked":["Warcry","Feel No Pain"],"picked":"Thunderclap","floor":12},{"not_picked":["Clash","Shrug It Off","Whirlwind"],"picked":"SKIP","floor":13}],"player_experience":297349,"relics_obtained":[],"event_choices":[{"cards_removed":["Strike_R"],"damage_healed":0,"gold_gain":0,"player_choice":"Card Removal","damage_taken":0,"max_hp_gain":0,"max_hp_loss":0,"event_name":"The Cleric","floor":2,"gold_loss":50},{"damage_healed":0,"gold_gain":0,"player_choice":"Donut","damage_taken":0,"max_hp_gain":5,"max_hp_loss":0,"event_name":"Big Fish","floor":3,"gold_loss":0},{"damage_healed":0,"gold_gain":0,"player_choice":"Fled","damage_taken":0,"max_hp_gain":0,"max_hp_loss":0,"event_name":"Scrap Ooze","floor":4,"gold_loss":0},{"cards_removed":["Dark Embrace"],"damage_healed":0,"gold_gain":0,"player_choice":"Took Card","damage_taken":0,"max_hp_gain":0,"max_hp_loss":0,"event_name":"NoteForYourself","floor":11,"gold_loss":0,"cards_obtained":["Strike_R"]}],"is_beta":false,"boss_relics":[],"items_purged_floors":[8],"is_endless":false,"potions_floor_spawned":[1,6],"killed_by":"3 Louse","ascension_level":0}