{"gold_per_floor":[117,117,117,137,40,66,83,108,132,132,147,157,171,183,183,280,280,295,295,309,325,325,354,354,113,113,140,69,83,116,116,116,116],"floor_reached":33,"playtime":1020,"items_purged":["Defend_R"],"score":417,"play_id":"1c2ee5ac-1ce5-45e6-88ba-28c4f199c786","local_time":"20181130160314","is_ascension_mode":false,"campfire_choices":[{"data":"Combust","floor":10.0,"key":"SMITH"},{"data":"Clash","floor":15.0,"key":"SMITH"},{"data":"Bludgeon","floor":24,"key":"SMITH"},{"floor":32,"key":"REST"}],"neow_cost":"NONE","seed_source_timestamp":0,"circlet_count":0,"master_deck":["Defend_R","Defend_R","Defend_R","Bash","Flex+1","Twin Strike","Clash+1","Combust+1","Pommel Strike","Ghostly Armor","Pommel Strike","Inflame","Clash","Flex","Thunderclap","Bludgeon+1","Clash","Shrug It Off","Bite","Bite","Bite","Bite","Bite","Fire Breathing","Shrug It Off","Metallicize","Whirlwind","Flex","Intimidate","Pain"],"special_seed":0,"relics":["Burning Blood","NeowsBlessing","PreservedInsect","Anchor","Art of War","Orichalcum","Sozu","Centennial Puzzle","Boot","Question Card","Paper Frog","Champion Belt","WarpedTongs"],"potions_floor_usage":[27],"damage_taken":[{"damage":0.0,"enemies":"2 Louse","floor":1.0,"turns":1.0},{"damage":0.0,"enemies":"Small Slimes","floor":4.0,"turns":1.0},{"damage":0.0,"enemies":"3 Sentries","floor":6.0,"turns":2.0},{"damage":1.0,"enemies":"Jaw Worm","floor":7.0,"turns":2.0},{"damage":1.0,"enemies":"Gremlin Nob","floor":8.0,"turns":2.0},{"damage":5.0,"enemies":"Exordium Wildlife","floor":11.0,"turns":3.0},{"damage":0.0,"enemies":"3 Louse","floor":12.0,"turns":2.0},{"damage":9.0,"enemies":"Exordium Thugs","floor":13.0,"turns":4.0},{"damage":1.0,"enemies":"Gremlin Gang","floor":14.0,"turns":1.0},{"damage":38.0,"enemies":"The Guardian","floor":16.0,"turns":8.0},{"damage":1,"enemies":"Chosen","floor":18,"turns":3},{"damage":13,"enemies":"3 Byrds","floor":20,"turns":4},{"damage":11,"enemies":"Snake Plant","floor":21,"turns":3},{"damage":0,"enemies":"Slavers","floor":23,"turns":3},{"damage":21,"enemies":"Book of Stabbing","floor":27,"turns":4},{"damage":8,"enemies":"Centurion and Healer","floor":29,"turns":3},{"damage":36,"enemies":"Gremlin Leader","floor":30,"turns":4},{"damage":60,"enemies":"Automaton","floor":33,"turns":6}],"seed_played":"-8117413894415748203","potions_obtained":[{"floor":1.0,"key":"SneckoOil"},{"floor":6.0,"key":"Explosive Potion"},{"floor":7.0,"key":"Weak Potion"},{"floor":12.0,"key":"FearPotion"},{"floor":13.0,"key":"Explosive Potion"},{"floor":16.0,"key":"SpeedPotion"}],"is_trial":false,"path_per_floor":["M","?","?","M","$","E","M","E","T","R","M","M","M","M","R","B",null,"M","?","M","M","?","E","R","$","T","E","$","M","E","?","R","B"],"character_chosen":"IRONCLAD","items_purchased":["Clash","Combust","Boot","Shrug It Off","Whirlwind"],"campfire_rested":1,"item_purchase_floors":[5,5,25,25,28],"current_hp_per_floor":[80,77,77,80,80,80,80,80,80,80,80,80,77,80,80,48,80,80,65,58,53,53,59,59,59,59,46,46,46,26,26,43,0],"gold":116,"neow_bonus":"THREE_ENEMY_KILL","is_prod":false,"is_daily":false,"chose_seed":false,"campfire_upgraded":3,"win_rate":0,"timestamp":1543590194,"path_taken":["M","?","?","M","$","E","M","E","T","R","M","M","M","M","R","BOSS","M","?","M","M","?","E","R","?","T","E","$","?","E","?","R","BOSS"],"build_version":"2018-11-15","purchased_purges":1,"victory":false,"max_hp_per_floor":[80,80,80,80,80,80,80,80,80,80,80,80,80,80,80,80,80,80,85,85,85,59,59,59,59,59,59,59,59,59,59,59,59],"card_choices":[{"not_picked":["Seeing Red","True Grit"],"picked":"Flex","floor":1.0},{"not_picked":["Flex","Sword Boomerang"],"picked":"Twin Strike","floor":4.0},{"not_picked":["Intimidate","Warcry"],"picked":"Pommel Strike","floor":6.0},{"not_picked":["Searing Blow","Seeing Red"],"picked":"Ghostly Armor","floor":7.0},{"not_picked":["Blood for Blood","Iron Wave"],"picked":"Pommel Strike","floor":8.0},{"not_picked":["Barricade","Clothesline"],"picked":"Inflame","floor":11.0},{"not_picked":["Anger","Burning Pact"],"picked":"Clash","floor":12.0},{"not_picked":["Body Slam","Clothesline"],"picked":"Flex","floor":13.0},{"not_picked":["Dropkick","Corruption"],"picked":"Thunderclap","floor":14.0},{"not_picked":["Limit Break","Exhume"],"picked":"Bludgeon","floor":16.0},{"not_picked":["Headbutt","Body Slam+1"],"picked":"Clash","floor":18},{"not_picked":["Headbutt","True Grit","Warcry+1"],"picked":"SKIP","floor":20},{"not_picked":["Thunderclap","Infernal Blade"],"picked":"Shrug It Off","floor":21},{"not_picked":["True Grit+1","Havoc"],"picked":"Fire Breathing","floor":23},{"not_picked":["Sword Boomerang","Reckless Charge","Disarm"],"picked":"Metallicize","floor":27},{"not_picked":["Reckless Charge","Perfected Strike","Dropkick"],"picked":"Flex","floor":29},{"not_picked":["Perfected Strike","Juggernaut","Pommel Strike"],"picked":"Intimidate","floor":30}],"player_experience":154252,"relics_obtained":[{"floor":6.0,"key":"Anchor"},{"floor":8.0,"key":"Art of War"},{"floor":9.0,"key":"Orichalcum"},{"floor":23,"key":"Centennial Puzzle"},{"floor":26,"key":"Question Card"},{"floor":27,"key":"Paper Frog"},{"floor":30,"key":"Champion Belt"}],"event_choices":[{"damage_healed":0.0,"max_hp_gain":0.0,"max_hp_loss":0.0,"gold_gain":0.0,"event_name":"Scrap Ooze","player_choice":"Success","floor":2.0,"gold_loss":0.0,"damage_taken":3.0,"relics_obtained":["PreservedInsect"]},{"damage_healed":0.0,"max_hp_gain":0.0,"max_hp_loss":0.0,"gold_gain":0.0,"event_name":"Living Wall","player_choice":"Grow","floor":3.0,"gold_loss":0.0,"damage_taken":0.0,"cards_upgraded":["Flex"]},{"damage_healed":0,"gold_gain":0,"player_choice":"Shed Blood","damage_taken":20,"max_hp_gain":5,"max_hp_loss":0,"event_name":"Forgotten Altar","floor":19,"gold_loss":0},{"damage_healed":0,"gold_gain":0,"player_choice":"Became a vampire","damage_taken":0,"max_hp_gain":0,"max_hp_loss":26,"event_name":"Vampires","floor":22,"gold_loss":0,"cards_obtained":["Bite","Bite","Bite","Bite","Bite"]},{"damage_healed":0,"gold_gain":0,"player_choice":"Rummage","damage_taken":0,"relics_obtained":["WarpedTongs"],"max_hp_gain":0,"max_hp_loss":0,"event_name":"Accursed Blacksmith","floor":31,"gold_loss":0,"cards_obtained":["Pain"]}],"is_beta":false,"boss_relics":[{"not_picked":["Eternal Feather","Runic Dome"],"picked":"Sozu"}],"items_purged_floors":[25],"is_endless":false,"potions_floor_spawned":[1,6,7,12,13,16,21,23,27],"killed_by":"Automaton","ascension_level":0}