{"gold_per_floor":[119,137,11,11,23,51,61,93,165,192,192,210,245,264,264,363,363,382,401,401,401,411,411,437,107,130,130,55,9,9,22,22,117,117,130,130,130,177,52,80,80,110,162,181,0,0,17,37,37,37,37,37,37,68,68],"floor_reached":56,"playtime":2916,"items_purged":["Strike_R","Strike_R","Writhe"],"score":1428,"play_id":"6e463a84-536b-46a8-9354-e8f4ae889956","local_time":"20190422112958","is_ascension_mode":false,"campfire_choices":[{"floor":15,"key":"RECALL"},{"data":"Body Slam","floor":23,"key":"SMITH"},{"data":"Armaments","floor":30,"key":"SMITH"},{"data":"Barricade","floor":32,"key":"SMITH"},{"floor":41,"key":"REST"},{"data":"Offering","floor":46,"key":"SMITH"},{"floor":49,"key":"REST"},{"data":"Offering","floor":52,"key":"SMITH"}],"neow_cost":"NONE","seed_source_timestamp":626642151984211,"circlet_count":0,"master_deck":["Strike_R","Strike_R","Defend_R","Defend_R","Defend_R","Defend_R","Bash","Shrug It Off","Armaments+1","Inflame","Barricade+1","Body Slam+1","Disarm","Impervious","Disarm","Disarm","Offering+1","Impervious","Clothesline+1","Feel No Pain","Havoc","Offering+1","Flame Barrier","Feel No Pain","Intimidate+1","Havoc","Madness","Madness","Body Slam","Feel No Pain","Havoc+1","True Grit"],"relics":["Burning Blood","NeowsBlessing","Orichalcum","Dead Branch","Meat on the Bone","Lantern","Gambling Chip","Vajra","Philosopher\u0027s Stone","Enchiridion","Charon\u0027s Ashes","Oddly Smooth Stone","Bag of Marbles","Letter Opener","Orrery","Nunchaku","Ginger","Bronze Scales","Red Mask","Turnip"],"potions_floor_usage":[10,12,16,16,16,24,24,38,55,55],"damage_taken":[{"damage":0,"enemies":"Cultist","floor":1,"turns":1},{"damage":0,"enemies":"Jaw Worm","floor":2,"turns":1},{"damage":0,"enemies":"2 Louse","floor":5,"turns":1},{"damage":43,"enemies":"Gremlin Nob","floor":6,"turns":5},{"damage":5,"enemies":"Looter","floor":7,"turns":4},{"damage":4,"enemies":"Lagavulin","floor":8,"turns":6},{"damage":52,"enemies":"Gremlin Nob","floor":10,"turns":7},{"damage":12,"enemies":"Gremlin Gang","floor":12,"turns":5},{"damage":3,"enemies":"Lagavulin","floor":13,"turns":5},{"damage":2,"enemies":"Blue Slaver","floor":14,"turns":4},{"damage":32,"enemies":"Slime Boss","floor":16,"turns":6},{"damage":6,"enemies":"Chosen","floor":18,"turns":5},{"damage":17,"enemies":"Spheric Guardian","floor":19,"turns":5},{"damage":12,"enemies":"Centurion and Healer","floor":22,"turns":6},{"damage":12,"enemies":"Gremlin Leader","floor":24,"turns":5},{"damage":9,"enemies":"Shelled Parasite and Fungi","floor":31,"turns":2},{"damage":6,"enemies":"Collector","floor":33,"turns":4},{"damage":12,"enemies":"3 Shapes","floor":35,"turns":3},{"damage":21,"enemies":"2 Orb Walkers","floor":38,"turns":4},{"damage":22,"enemies":"Nemesis","floor":40,"turns":5},{"damage":12,"enemies":"Reptomancer","floor":42,"turns":3},{"damage":2,"enemies":"Orb Walker","floor":44,"turns":3},{"damage":12,"enemies":"Transient","floor":47,"turns":5},{"damage":18,"enemies":"Maw","floor":48,"turns":3},{"damage":17,"enemies":"Donu and Deca","floor":50,"turns":4},{"damage":6,"enemies":"Shield and Spear","floor":54,"turns":2},{"damage":36,"enemies":"The Heart","floor":55,"turns":8}],"seed_played":"-9008931293946480388","potions_obtained":[{"floor":1,"key":"Explosive Potion"},{"floor":7,"key":"SteroidPotion"},{"floor":8,"key":"BloodPotion"},{"floor":12,"key":"EssenceOfSteel"},{"floor":13,"key":"Strength Potion"},{"floor":18,"key":"Block Potion"},{"floor":19,"key":"Block Potion"},{"floor":35,"key":"Explosive Potion"},{"floor":42,"key":"FairyPotion"},{"floor":47,"key":"Regen Potion"},{"floor":54,"key":"Weak Potion"}],"is_trial":false,"path_per_floor":["M","M","$","?","M","E","M","E","T","E","T","M","E","M","R","B",null,"M","M","?","?","M","R","E","$","T","?","?","$","R","M","R","B",null,"M","?","?","?","$","E","R","E","T","M","?","R","M","M","R","B",null,"R","$","E","B",null],"character_chosen":"IRONCLAD","items_purchased":["Armaments","Feel No Pain","Oddly Smooth Stone","Havoc"],"campfire_rested":2,"item_purchase_floors":[3,25,25,29],"current_hp_per_floor":[80,80,80,80,80,43,44,46,46,20,20,26,41,57,57,43,80,80,69,53,53,47,47,53,53,53,53,53,53,53,50,50,50,80,74,74,64,49,49,45,69,63,63,67,67,67,61,49,73,62,80,80,80,80,65],"gold":68,"neow_bonus":"THREE_ENEMY_KILL","is_prod":false,"is_daily":false,"chose_seed":false,"campfire_upgraded":5,"win_rate":0,"timestamp":1555925398,"path_taken":["M","M","$","?","M","E","M","E","T","E","?","M","E","M","R","BOSS","M","M","?","?","?","R","E","$","T","?","?","?","R","M","R","BOSS","M","?","?","?","$","E","R","E","T","M","?","R","?","M","R","BOSS","R","$","E","BOSS"],"build_version":"2019-01-23","purchased_purges":3,"victory":true,"max_hp_per_floor":[80,80,80,80,80,80,80,80,80,80,80,80,80,80,80,80,80,80,80,80,80,80,80,80,80,80,80,80,80,80,80,80,80,80,80,80,80,80,80,80,80,80,80,80,80,80,80,80,80,80,80,80,80,80,80],"card_choices":[{"not_picked":["Ghostly Armor","Evolve"],"picked":"Shrug It Off","floor":1},{"not_picked":["Perfected Strike","Thunderclap"],"picked":"Body Slam","floor":2},{"not_picked":["Dropkick","Warcry"],"picked":"Inflame","floor":5},{"not_picked":["Feed","Clash"],"picked":"Barricade","floor":6},{"not_picked":["Disarm","Corruption"],"picked":"Body Slam","floor":7},{"not_picked":["Sword Boomerang","Thunderclap"],"picked":"Disarm","floor":8},{"not_picked":["Flex","Dropkick"],"picked":"Impervious","floor":10},{"not_picked":["Twin Strike","Clash","Sword Boomerang"],"picked":"SKIP","floor":12},{"not_picked":["Cleave","Anger"],"picked":"Disarm","floor":13},{"not_picked":["Uppercut","Rupture"],"picked":"Disarm","floor":14},{"not_picked":["Feed","Berserk"],"picked":"Offering","floor":16},{"not_picked":["Flex","Body Slam","Seeing Red"],"picked":"SKIP","floor":18},{"not_picked":["Sever Soul","Anger","Clash"],"picked":"SKIP","floor":19},{"not_picked":["Wild Strike","Armaments"],"picked":"Clothesline+1","floor":22},{"not_picked":["Headbutt","Disarm","Havoc"],"picked":"SKIP","floor":24},{"not_picked":["True Grit","Heavy Blade","Cleave+1"],"picked":"SKIP","floor":31},{"not_picked":["Limit Break","Bludgeon"],"picked":"Offering","floor":33},{"not_picked":["Spot Weakness","Clothesline+1"],"picked":"Flame Barrier","floor":34},{"not_picked":["Shockwave","Rage"],"picked":"Feel No Pain","floor":34},{"not_picked":["Uppercut","Perfected Strike"],"picked":"Intimidate+1","floor":34},{"not_picked":["Shrug It Off","Combust"],"picked":"Havoc","floor":35},{"not_picked":["Twin Strike","Inflame+1"],"picked":"Body Slam","floor":38},{"not_picked":["Uppercut+1","Intimidate+1"],"picked":"Feel No Pain","floor":40},{"not_picked":["Flex+1","Demon Form"],"picked":"Havoc+1","floor":42},{"not_picked":["Thunderclap","Sword Boomerang+1","Reckless Charge+1"],"picked":"SKIP","floor":44},{"not_picked":["Carnage+1","Armaments"],"picked":"True Grit","floor":47},{"not_picked":["Iron Wave+1","Cleave+1","Flex+1"],"picked":"SKIP","floor":48},{"not_picked":["Reaper","Whirlwind","Hemokinesis+1"],"picked":"SKIP","floor":54}],"player_experience":248275,"relics_obtained":[{"floor":6,"key":"Orichalcum"},{"floor":8,"key":"Dead Branch"},{"floor":9,"key":"Meat on the Bone"},{"floor":10,"key":"Lantern"},{"floor":11,"key":"Gambling Chip"},{"floor":13,"key":"Vajra"},{"floor":20,"key":"Enchiridion"},{"floor":24,"key":"Charon\u0027s Ashes"},{"floor":26,"key":"Bag of Marbles"},{"floor":38,"key":"Nunchaku"},{"floor":40,"key":"Ginger"},{"floor":42,"key":"Bronze Scales"},{"floor":54,"key":"Turnip"}],"event_choices":[{"damage_healed":0,"gold_gain":0,"player_choice":"Leave","damage_taken":0,"max_hp_gain":0,"max_hp_loss":0,"event_name":"The Cleric","floor":4,"gold_loss":0},{"damage_healed":0,"gold_gain":0,"player_choice":"Obtained Book","damage_taken":16,"max_hp_gain":0,"max_hp_loss":0,"event_name":"Cursed Tome","floor":20,"gold_loss":0},{"damage_healed":0,"gold_gain":0,"player_choice":"Copied","damage_taken":0,"max_hp_gain":0,"max_hp_loss":0,"event_name":"Duplicator","floor":21,"gold_loss":0,"cards_obtained":["Impervious"]},{"damage_healed":0,"gold_gain":0,"player_choice":"Opened","damage_taken":0,"relics_obtained":["Letter Opener"],"max_hp_gain":0,"max_hp_loss":0,"event_name":"The Mausoleum","floor":27,"gold_loss":0,"cards_obtained":["Writhe"]},{"cards_removed":["Strike_R"],"damage_healed":0,"gold_gain":0,"player_choice":"Gave Gold","damage_taken":0,"max_hp_gain":0,"max_hp_loss":0,"event_name":"Beggar","floor":28,"gold_loss":75},{"cards_removed":["Body Slam"],"damage_healed":0,"gold_gain":0,"player_choice":"Removed Attack","damage_taken":0,"max_hp_gain":0,"max_hp_loss":0,"event_name":"Falling","floor":36,"gold_loss":0},{"damage_healed":0,"gold_gain":0,"player_choice":"Embrace Madness","damage_taken":10,"max_hp_gain":0,"max_hp_loss":0,"event_name":"Winding Halls","floor":37,"gold_loss":0,"cards_obtained":["Madness","Madness"]},{"damage_healed":0,"gold_gain":0,"player_choice":"Fight","damage_taken":0,"max_hp_gain":0,"max_hp_loss":0,"event_name":"Mysterious Sphere","floor":38,"gold_loss":0},{"damage_healed":0,"gold_gain":0,"player_choice":"Paid","damage_taken":0,"relics_obtained":["Red Mask"],"max_hp_gain":0,"max_hp_loss":0,"event_name":"Tomb of Lord Red Mask","floor":45,"gold_loss":181}],"is_beta":false,"boss_relics":[{"not_picked":["Runic Cube","Calling Bell"],"picked":"Philosopher\u0027s Stone"},{"not_picked":["Lizard Tail","Runic Pyramid"],"picked":"Orrery"}],"items_purged_floors":[3,25,39],"is_endless":false,"potions_floor_spawned":[1,7,8,12,13,14,18,19,35,42,47,54],"ascension_level":0}