{"gold_per_floor":[115,115,130,130,157,184,195,195,195,207,207,207,29,44,44,143,143,163,163,177,92,92,109,109,128,128,128],"floor_reached":27,"playtime":603,"items_purged":[],"score":263,"play_id":"b2414f6c-0fc1-4f2f-90cc-cc445a9839b1","local_time":"20181126194208","is_ascension_mode":false,"campfire_choices":[{"data":"Sunder","floor":8,"key":"SMITH"},{"data":"Strike_B","floor":12,"key":"PURGE"},{"floor":15,"key":"REST"},{"data":"Strike_B","floor":24,"key":"PURGE"}],"neow_cost":"NONE","seed_source_timestamp":17692755060127,"circlet_count":0,"master_deck":["Strike_B","Defend_B+1","Defend_B+1","Defend_B","Defend_B","Zap","Dualcast","Redo","Ball Lightning","Sunder+1","Self Repair","Apotheosis","Static Discharge","Amplify","BootSequence","Static Discharge","Ball Lightning","Cold Snap"],"relics":["Cracked Core","NeowsBlessing","FaceOfCleric","Juzu Bracelet","Singing Bowl","Peace Pipe","Orrery","Boot","Calipers"],"potions_floor_usage":[20,22],"damage_taken":[{"damage":0,"enemies":"Jaw Worm","floor":1,"turns":1},{"damage":0,"enemies":"Cultist","floor":3,"turns":1},{"damage":0,"enemies":"Lagavulin","floor":6,"turns":1},{"damage":0,"enemies":"Small Slimes","floor":7,"turns":2},{"damage":17,"enemies":"Exordium Wildlife","floor":10,"turns":4},{"damage":1,"enemies":"2 Fungi Beasts","floor":14,"turns":2},{"damage":11,"enemies":"Slime Boss","floor":16,"turns":9},{"damage":16,"enemies":"Spheric Guardian","floor":18,"turns":3},{"damage":17,"enemies":"2 Thieves","floor":20,"turns":3},{"damage":7,"enemies":"Colosseum Slavers","floor":22,"turns":2},{"damage":22,"enemies":"Snake Plant","floor":23,"turns":4},{"damage":24,"enemies":"Chosen and Byrds","floor":25,"turns":4},{"damage":36,"enemies":"Slavers","floor":27,"turns":3}],"seed_played":"-8992416675524289084","potions_obtained":[{"floor":6,"key":"FearPotion"},{"floor":10,"key":"SmokeBomb"},{"floor":16,"key":"LiquidBronze"},{"floor":25,"key":"SteroidPotion"}],"is_trial":false,"path_per_floor":["M","?","M","?","T","E","M","R","T","M","?","R","$","M","R","B",null,"M","?","M","?","?","M","R","M","T","E"],"character_chosen":"DEFECT","items_purchased":["Apotheosis"],"campfire_rested":1,"item_purchase_floors":[13],"current_hp_per_floor":[75,75,76,69,69,70,71,71,71,64,48,48,48,48,72,72,87,74,74,60,60,61,47,47,36,36,0],"gold":128,"neow_bonus":"THREE_ENEMY_KILL","is_prod":false,"is_daily":false,"chose_seed":false,"campfire_upgraded":1,"win_rate":0,"timestamp":1543257728,"path_taken":["M","?","?","?","?","E","M","R","T","M","?","R","$","M","R","BOSS","M","?","M","?","?","M","R","M","T","E"],"build_version":"2018-11-15","purchased_purges":0,"victory":false,"max_hp_per_floor":[75,75,76,76,76,77,78,78,78,81,81,81,81,82,82,83,87,90,90,93,93,94,95,95,98,98,98],"card_choices":[{"not_picked":["Doom and Gloom","Streamline"],"picked":"Redo","floor":1},{"not_picked":["Reinforced Body","Recycle"],"picked":"Ball Lightning","floor":3},{"not_picked":["Redo","Darkness"],"picked":"Sunder","floor":6},{"not_picked":["Capacitor","Genetic Algorithm"],"picked":"Self Repair","floor":7},{"not_picked":["Steam","Skim","Stack"],"picked":"Singing Bowl","floor":10},{"not_picked":["Compile Driver","Cold Snap"],"picked":"Static Discharge","floor":14},{"not_picked":["Hyperbeam","Buffer"],"picked":"Amplify","floor":16},{"not_picked":["Glacier","Fusion","Go for the Eyes"],"picked":"Singing Bowl","floor":17},{"not_picked":["Doom and Gloom","Redo","Stack"],"picked":"Singing Bowl","floor":17},{"not_picked":["Redo","Leap"],"picked":"BootSequence","floor":17},{"not_picked":["Steam Power","Lockon"],"picked":"Static Discharge","floor":17},{"not_picked":["Beam Cell","Reinforced Body"],"picked":"Ball Lightning","floor":17},{"not_picked":["Skim","Hologram","Go for the Eyes"],"picked":"Singing Bowl","floor":18},{"not_picked":["Skim+1","Redo","Compile Driver"],"picked":"Singing Bowl","floor":20},{"not_picked":["Rebound","Leap"],"picked":"Cold Snap","floor":23},{"not_picked":["Genetic Algorithm","Sweeping Beam","Amplify"],"picked":"Singing Bowl","floor":25}],"player_experience":146069,"relics_obtained":[{"floor":5,"key":"Juzu Bracelet"},{"floor":6,"key":"Singing Bowl"},{"floor":9,"key":"Peace Pipe"}],"event_choices":[{"damage_healed":0,"gold_gain":0,"player_choice":"Trade","damage_taken":0,"relics_obtained":["FaceOfCleric"],"max_hp_gain":0,"max_hp_loss":0,"event_name":"FaceTrader","floor":2,"gold_loss":0},{"cards_removed":["Strike_B"],"damage_healed":0,"gold_gain":0,"player_choice":"Card Removal","damage_taken":7,"max_hp_gain":0,"max_hp_loss":0,"event_name":"Golden Wing","floor":4,"gold_loss":0},{"damage_healed":0,"gold_gain":0,"player_choice":"Entered Light","damage_taken":16,"max_hp_gain":0,"max_hp_loss":0,"event_name":"Shining Light","floor":11,"gold_loss":0,"cards_upgraded":["Defend_B","Defend_B"]},{"damage_healed":0,"gold_gain":0,"player_choice":"Opened","damage_taken":0,"relics_obtained":["Boot"],"max_hp_gain":0,"max_hp_loss":0,"event_name":"The Mausoleum","floor":19,"gold_loss":0},{"damage_healed":0,"gold_gain":0,"player_choice":"Obtained Relic","damage_taken":0,"relics_obtained":["Calipers"],"max_hp_gain":0,"max_hp_loss":0,"event_name":"Addict","floor":21,"gold_loss":85},{"damage_healed":0,"gold_gain":0,"player_choice":"Fight","damage_taken":0,"max_hp_gain":0,"max_hp_loss":0,"event_name":"Colosseum","floor":22,"gold_loss":0},{"damage_healed":0,"gold_gain":0,"player_choice":"Fled From Nobs","damage_taken":0,"max_hp_gain":0,"max_hp_loss":0,"event_name":"Colosseum","floor":22,"gold_loss":0}],"is_beta":false,"boss_relics":[{"not_picked":["Coffee Dripper","Busted Crown"],"picked":"Orrery"}],"items_purged_floors":[],"is_endless":false,"potions_floor_spawned":[6,10,16,22,25],"killed_by":"Slavers","ascension_level":0}