{"gold_per_floor":[109,109,34,34,50,50,50,85,138,161,161,61,92,107,107,231,231,250,250,275,299,101,142,162,113,113,163,183,202,202,220,220,350,350,374,387,387,310,25,25,45,81,81,81,99,99,130,154,154,154],"floor_reached":51,"playtime":1570,"items_purged":["Strike_R","Strike_R"],"score":802,"play_id":"89ff2d01-48eb-4e7d-aca5-8257136699f5","local_time":"20181130170256","is_ascension_mode":false,"campfire_choices":[{"data":"Iron Wave","floor":6,"key":"SMITH"},{"data":"Body Slam","floor":11,"key":"SMITH"},{"data":"Armaments","floor":15,"key":"SMITH"},{"data":"Body Slam","floor":32,"key":"SMITH"},{"data":"Juggernaut","floor":40,"key":"SMITH"},{"data":"Metallicize","floor":46,"key":"SMITH"},{"floor":49,"key":"REST"}],"neow_cost":"NONE","seed_source_timestamp":12463347297947,"circlet_count":0,"master_deck":["Defend_R","Defend_R","Defend_R","Defend_R","Bash+1","Body Slam+1","Iron Wave+1","Armaments+1","Body Slam+1","Juggernaut+1","Machine Learning+1","Shrug It Off","Disarm+1","Body Slam+1","Ghostly Armor+1","Shrug It Off+1","Metallicize+1","Shrug It Off","Shrug It Off","Berserk+1","Parasite","Body Slam+1"],"special_seed":0,"relics":["Burning Blood","NeowsBlessing","Golden Idol","Odd Mushroom","Centennial Puzzle","PreservedInsect","White Beast Statue","TheAbacus","Anchor","Mummified Hand","Black Star","Bottled Tornado","Darkstone Periapt","Frozen Egg 2","Whetstone","Bag of Marbles"],"potions_floor_usage":[20,21,24,33,36,42,47,48],"damage_taken":[{"damage":0,"enemies":"2 Louse","floor":1,"turns":1},{"damage":0,"enemies":"Cultist","floor":5,"turns":1},{"damage":4,"enemies":"The Mushroom Lair","floor":8,"turns":2},{"damage":3,"enemies":"Small Slimes","floor":10,"turns":4},{"damage":14,"enemies":"Lagavulin","floor":13,"turns":5},{"damage":3,"enemies":"3 Louse","floor":14,"turns":3},{"damage":27,"enemies":"Slime Boss","floor":16,"turns":7},{"damage":3,"enemies":"Chosen","floor":18,"turns":3},{"damage":10,"enemies":"2 Thieves","floor":20,"turns":5},{"damage":3,"enemies":"Centurion and Healer","floor":21,"turns":7},{"damage":12,"enemies":"Book of Stabbing","floor":23,"turns":4},{"damage":0,"enemies":"Chosen and Byrds","floor":24,"turns":6},{"damage":0,"enemies":"Snecko","floor":28,"turns":5},{"damage":9,"enemies":"Centurion and Healer","floor":29,"turns":4},{"damage":12,"enemies":"Snake Plant","floor":31,"turns":3},{"damage":3,"enemies":"Champ","floor":33,"turns":8},{"damage":3,"enemies":"Orb Walker","floor":35,"turns":3},{"damage":11,"enemies":"3 Darklings","floor":36,"turns":6},{"damage":0,"enemies":"Jaw Worm Horde","floor":41,"turns":4},{"damage":10,"enemies":"Nemesis","floor":42,"turns":5},{"damage":11,"enemies":"Writhing Mass","floor":45,"turns":3},{"damage":41,"enemies":"Reptomancer","floor":47,"turns":4},{"damage":0,"enemies":"Transient","floor":48,"turns":5},{"damage":4,"enemies":"Awakened One","floor":50,"turns":9}],"seed_played":"7895603850013832210","potions_obtained":[{"floor":5,"key":"SpeedPotion"},{"floor":8,"key":"Strength Potion"},{"floor":16,"key":"FearPotion"},{"floor":18,"key":"SkillPotion"},{"floor":20,"key":"SkillPotion"},{"floor":21,"key":"Swift Potion"},{"floor":24,"key":"BloodPotion"},{"floor":28,"key":"LiquidBronze"},{"floor":29,"key":"Dexterity Potion"},{"floor":33,"key":"Poison Potion"},{"floor":36,"key":"FearPotion"},{"floor":42,"key":"Fruit Juice"},{"floor":45,"key":"SpeedPotion"},{"floor":47,"key":"Explosive Potion"}],"is_trial":false,"path_per_floor":["M","?","$","?","M","R","?","?","T","M","R","$","E","M","R","B",null,"M","?","M","M","$","E","M","$","T","?","M","M","?","M","R","B",null,"M","M","?","$","$","R","M","E","T","?","M","R","E","M","R","B",null],"character_chosen":"IRONCLAD","items_purchased":["TheAbacus","Body Slam","Metallicize","Bottled Tornado","Shrug It Off"],"campfire_rested":1,"item_purchase_floors":[22,25,38,39,39],"current_hp_per_floor":[80,80,80,73,79,79,59,61,61,64,64,64,56,59,59,38,80,80,80,76,79,79,73,79,79,79,79,80,77,77,71,71,74,80,80,75,75,75,75,75,80,81,81,81,82,82,56,62,89,91],"gold":154,"neow_bonus":"THREE_ENEMY_KILL","is_prod":false,"is_daily":false,"chose_seed":false,"campfire_upgraded":6,"win_rate":0,"timestamp":1543593776,"path_taken":["M","?","?","?","M","R","?","?","T","M","R","$","E","M","R","BOSS","M","?","M","M","?","E","?","$","T","?","M","?","?","M","R","BOSS","M","?","?","?","$","R","M","E","T","?","?","R","E","M","R","BOSS"],"build_version":"2018-11-15","purchased_purges":2,"victory":true,"max_hp_per_floor":[80,80,80,80,80,80,80,80,80,80,80,80,80,80,80,80,80,80,80,80,80,80,80,80,80,80,80,80,80,80,80,80,80,80,80,80,80,80,80,80,80,85,85,85,91,91,91,91,91,91],"card_choices":[{"not_picked":["True Grit","Shockwave"],"picked":"Body Slam","floor":1},{"not_picked":["Perfected Strike","Clash"],"picked":"Iron Wave","floor":5},{"not_picked":["Carnage","Cleave"],"picked":"Armaments","floor":8},{"not_picked":["Cleave","Reckless Charge"],"picked":"Body Slam","floor":10},{"not_picked":["Flex","Havoc","Thunderclap"],"picked":"SKIP","floor":13},{"not_picked":["Warcry","Dual Wield"],"picked":"Juggernaut","floor":14},{"not_picked":["Double Tap","Brutality"],"picked":"Exhume","floor":16},{"not_picked":["Clash","Hemokinesis","Infernal Blade+1"],"picked":"SKIP","floor":18},{"not_picked":["Thunderclap","Cleave","Heavy Blade"],"picked":"SKIP","floor":20},{"not_picked":["Second Wind+1","Anger"],"picked":"Shrug It Off","floor":21},{"not_picked":["Whirlwind","Rupture"],"picked":"Disarm+1","floor":23},{"not_picked":["Pommel Strike","True Grit","Twin Strike+1"],"picked":"SKIP","floor":24},{"not_picked":["Sword Boomerang","Perfected Strike","Inflame"],"picked":"SKIP","floor":28},{"not_picked":["Infernal Blade","Brutality","Rupture"],"picked":"SKIP","floor":29},{"not_picked":["Armaments","Clash+1","Evolve+1"],"picked":"SKIP","floor":31},{"not_picked":["Flex+1","Thunderclap"],"picked":"Ghostly Armor+1","floor":35},{"not_picked":["Clash","Twin Strike+1"],"picked":"Shrug It Off+1","floor":36},{"not_picked":["Pommel Strike+1","Sentinel"],"picked":"Shrug It Off","floor":41},{"not_picked":["Pommel Strike+1","Dropkick+1"],"picked":"Berserk","floor":42},{"not_picked":["Pommel Strike+1","Uppercut+1"],"picked":"Body Slam+1","floor":45},{"not_picked":["Burning Pact","Twin Strike","Evolve+1"],"picked":"SKIP","floor":47},{"not_picked":["Rampage+1","Havoc+1","Clash+1"],"picked":"SKIP","floor":48}],"player_experience":157124,"relics_obtained":[{"floor":8,"key":"Odd Mushroom"},{"floor":9,"key":"Centennial Puzzle"},{"floor":13,"key":"PreservedInsect"},{"floor":23,"key":"Anchor"},{"floor":26,"key":"Mummified Hand"},{"floor":42,"key":"Darkstone Periapt"},{"floor":42,"key":"Frozen Egg 2"},{"floor":47,"key":"Whetstone"},{"floor":47,"key":"Bag of Marbles"}],"event_choices":[{"damage_healed":0,"gold_gain":0,"player_choice":"Upgraded","damage_taken":0,"max_hp_gain":0,"max_hp_loss":0,"event_name":"Upgrade Shrine","floor":2,"gold_loss":0,"cards_upgraded":["Body Slam"]},{"cards_removed":["Strike_R"],"damage_healed":0,"gold_gain":0,"player_choice":"Card Removal","damage_taken":7,"max_hp_gain":0,"max_hp_loss":0,"event_name":"Golden Wing","floor":4,"gold_loss":0},{"damage_healed":0,"gold_gain":0,"player_choice":"Take Damage","damage_taken":20,"relics_obtained":["Golden Idol"],"max_hp_gain":0,"max_hp_loss":0,"event_name":"Golden Idol","floor":7,"gold_loss":0},{"damage_healed":0,"gold_gain":0,"player_choice":"Fought Mushrooms","damage_taken":0,"max_hp_gain":0,"max_hp_loss":0,"event_name":"Mushrooms","floor":8,"gold_loss":0},{"cards_removed":["Exhume"],"damage_healed":0,"gold_gain":0,"player_choice":"Took Card","damage_taken":0,"max_hp_gain":0,"max_hp_loss":0,"event_name":"NoteForYourself","floor":19,"gold_loss":0,"cards_obtained":["Machine Learning"]},{"damage_healed":0,"gold_gain":100,"player_choice":"Bet on Murderer","damage_taken":0,"max_hp_gain":0,"max_hp_loss":0,"event_name":"The Joust","floor":27,"gold_loss":50},{"cards_removed":["Strike_R"],"damage_healed":0,"gold_gain":0,"player_choice":"Purged","damage_taken":0,"max_hp_gain":0,"max_hp_loss":0,"event_name":"Purifier","floor":30,"gold_loss":0},{"cards_removed":["Strike_R"],"damage_healed":0,"gold_gain":0,"player_choice":"Purged","damage_taken":0,"max_hp_gain":0,"max_hp_loss":0,"event_name":"Purifier","floor":37,"gold_loss":0},{"damage_healed":0,"gold_gain":0,"player_choice":"0 cards matched","damage_taken":0,"max_hp_gain":0,"max_hp_loss":0,"event_name":"Match and Keep!","floor":44,"gold_loss":0,"cards_obtained":[]}],"is_beta":false,"boss_relics":[{"not_picked":["Eternal Feather","Ectoplasm"],"picked":"White Beast Statue"},{"not_picked":["Runic Dome","Pandora\u0027s Box"],"picked":"Black Star"}],"items_purged_floors":[3,12],"is_endless":false,"potions_floor_spawned":[5,8,16,18,20,21,23,24,28,29,31,33,35,36,41,42,45,47,48],"ascension_level":0}