{"gold_per_floor":[116,136,136,153,153,188,188,203,203,203,213,179,190,190,190,190],"floor_reached":16,"playtime":796,"items_purged":[],"score":163,"play_id":"754a33e2-ec86-4ac1-993b-474420146d34","local_time":"20190511211814","is_ascension_mode":true,"campfire_choices":[{"floor":7,"key":"REST"},{"floor":10,"key":"REST"},{"floor":15,"key":"REST"}],"neow_cost":"NONE","seed_source_timestamp":508089351069398,"circlet_count":0,"master_deck":["AscendersBane","Strike_B","Strike_B+1","Strike_B","Defend_B","Defend_B","Defend_B","Defend_B","Zap+1","Dualcast","Core Surge","Blizzard","Gash","Chill","Go for the Eyes","Self Repair"],"relics":["Cracked Core","Shuriken","Kunai","Sundial"],"potions_floor_usage":[],"damage_taken":[{"damage":8,"enemies":"Jaw Worm","floor":1,"turns":4},{"damage":1,"enemies":"Cultist","floor":2,"turns":3},{"damage":0,"enemies":"Small Slimes","floor":4,"turns":3},{"damage":45,"enemies":"3 Sentries","floor":6,"turns":11},{"damage":16,"enemies":"Blue Slaver","floor":8,"turns":3},{"damage":8,"enemies":"3 Louse","floor":11,"turns":3},{"damage":0,"enemies":"Large Slime","floor":13,"turns":5},{"damage":55,"enemies":"Slime Boss","floor":16,"turns":10}],"seed_played":"-2214022686534166568","potions_obtained":[{"floor":1,"key":"Regen Potion"}],"is_trial":false,"path_per_floor":["M","M","?","M","?","E","R","M","T","R","M","?","M","?","R","B"],"character_chosen":"DEFECT","items_purchased":[],"campfire_rested":3,"item_purchase_floors":[],"current_hp_per_floor":[60,59,59,59,59,14,36,20,20,42,34,34,34,19,41,0],"gold":190,"neow_bonus":"TRANSFORM_CARD","is_prod":false,"is_daily":false,"chose_seed":false,"campfire_upgraded":0,"win_rate":0,"timestamp":1557634694,"path_taken":["M","M","?","?","?","E","R","M","T","R","M","?","M","?","R","BOSS"],"build_version":"2019-01-23","purchased_purges":0,"victory":false,"max_hp_per_floor":[75,75,75,75,75,75,75,75,75,75,75,75,75,75,75,75],"card_choices":[{"not_picked":["Darkness","Ball Lightning","Cold Snap"],"picked":"SKIP","floor":1},{"not_picked":["Redo","Beam Cell","Sunder"],"picked":"SKIP","floor":2},{"not_picked":["Force Field","Barrage"],"picked":"Blizzard","floor":4},{"not_picked":["Coolheaded","Sweeping Beam"],"picked":"Gash","floor":6},{"not_picked":["Streamline","Hologram"],"picked":"Chill","floor":8},{"not_picked":["Rainbow","Consume"],"picked":"Go for the Eyes","floor":11},{"not_picked":["Turbo","Conserve Battery"],"picked":"Self Repair","floor":13}],"player_experience":475496,"relics_obtained":[{"floor":6,"key":"Kunai"},{"floor":9,"key":"Sundial"}],"event_choices":[{"damage_healed":0,"gold_gain":0,"player_choice":"Gave Potion","damage_taken":0,"relics_obtained":["Shuriken"],"max_hp_gain":0,"max_hp_loss":0,"event_name":"WeMeetAgain","floor":3,"gold_loss":0},{"damage_healed":0,"gold_gain":0,"player_choice":"Ignored","damage_taken":0,"max_hp_gain":0,"max_hp_loss":0,"event_name":"Golden Idol","floor":5,"gold_loss":0},{"damage_healed":0,"gold_gain":0,"player_choice":"Left Gold","damage_taken":0,"max_hp_gain":0,"max_hp_loss":0,"event_name":"World of Goop","floor":12,"gold_loss":34},{"damage_healed":0,"gold_gain":0,"player_choice":"Entered Light","damage_taken":15,"max_hp_gain":0,"max_hp_loss":0,"event_name":"Shining Light","floor":14,"gold_loss":0,"cards_upgraded":["Zap","Strike_B"]}],"is_beta":false,"boss_relics":[],"items_purged_floors":[],"is_endless":false,"potions_floor_spawned":[1],"killed_by":"Slime Boss","ascension_level":12}