{"gold_per_floor":[17,28,103,122,134,159,183,183,183,183,206,381,397,140,140,237,237,249,263,263,331,431,431,466,466,466,466,16,16,29,29,29,124,124,137,237,247,247,45,45,57,57,110,121,136,136,146,13,13,13],"floor_reached":51,"playtime":2331,"items_purged":["Strike_R","Strike_R"],"score":788,"play_id":"10179ada-379b-4734-8520-0fb45ad0b19f","local_time":"20181115114937","is_ascension_mode":false,"campfire_choices":[{"floor":8,"key":"REST"},{"floor":15,"key":"REST"},{"floor":23,"key":"REST"},{"floor":25,"key":"REST"},{"floor":29,"key":"REST"},{"data":"Mayhem","floor":32,"key":"SMITH"},{"data":"Magnetism","floor":40,"key":"SMITH"},{"data":"Metallicize","floor":42,"key":"SMITH"},{"floor":49,"key":"REST"}],"neow_cost":"NO_GOLD","seed_source_timestamp":14372681837695,"circlet_count":0,"master_deck":["Defend_R+1","Defend_R","Defend_R+1","Bash","Thunderclap","Armaments+1","Thunderclap","Infernal Blade","Spot Weakness+1","Mayhem+1","Reaper","Cleave+1","Rampage+1","Metallicize+1","Magnetism+1","Cleave","Bite","Bite","Bite","Bite","Exhume","Perfected Strike+1","Demon Form+1","Madness+1","Shrug It Off","Iron Wave","Clothesline+1","Double Tap","Whirlwind","Flame Barrier+1","Ghostly Armor"],"relics":["Burning Blood","Anchor","Singing Bowl","Odd Mushroom","Velvet Choker","Blue Candle","WingedGreaves","Matryoshka","War Paint","Orichalcum","Meat on the Bone","Nilry\u0027s Codex","Bronze Scales","Astrolabe","Turnip","Pen Nib","Dream Catcher","Omamori","WarpedTongs"],"potions_floor_usage":[16,16,22,24,33,37,44,44,45,50,50],"damage_taken":[{"damage":5,"enemies":"2 Louse","floor":1,"turns":3},{"damage":9,"enemies":"Jaw Worm","floor":2,"turns":4},{"damage":0,"enemies":"Small Slimes","floor":4,"turns":2},{"damage":15,"enemies":"Looter","floor":5,"turns":4},{"damage":62,"enemies":"Lagavulin","floor":6,"turns":7},{"damage":5,"enemies":"The Mushroom Lair","floor":11,"turns":3},{"damage":17,"enemies":"Exordium Thugs","floor":13,"turns":5},{"damage":51,"enemies":"Hexaghost","floor":16,"turns":10},{"damage":17,"enemies":"2 Thieves","floor":18,"turns":3},{"damage":27,"enemies":"Shell Parasite","floor":19,"turns":6},{"damage":30,"enemies":"Colosseum Slavers","floor":22,"turns":5},{"damage":59,"enemies":"Colosseum Nobs","floor":22,"turns":5},{"damage":53,"enemies":"Book of Stabbing","floor":24,"turns":6},{"damage":37,"enemies":"Cultist and Chosen","floor":30,"turns":6},{"damage":18,"enemies":"Champ","floor":33,"turns":10},{"damage":8,"enemies":"3 Shapes","floor":35,"turns":4},{"damage":41,"enemies":"Mind Bloom Boss Battle","floor":36,"turns":8},{"damage":27,"enemies":"3 Darklings","floor":37,"turns":4},{"damage":23,"enemies":"4 Shapes","floor":41,"turns":4},{"damage":37,"enemies":"Spire Growth","floor":44,"turns":6},{"damage":26,"enemies":"Transient","floor":45,"turns":5},{"damage":34,"enemies":"4 Shapes","floor":47,"turns":2},{"damage":100,"enemies":"Time Eater","floor":50,"turns":13}],"seed_played":"-6130966729057865581","potions_obtained":[{"floor":1,"key":"SkillPotion"},{"floor":5,"key":"Block Potion"},{"floor":13,"key":"Ancient Potion"},{"floor":16,"key":"BloodPotion"},{"floor":22,"key":"Strength Potion"},{"floor":30,"key":"Explosive Potion"},{"floor":33,"key":"FearPotion"},{"floor":37,"key":"Energy Potion"},{"floor":41,"key":"Block Potion"},{"floor":44,"key":"Explosive Potion"}],"is_trial":false,"path_per_floor":["M","M","?","M","M","E","T","R","T","?","?","?","M","$","R","B",null,"M","M","?","T","?","R","E","R","T","?","$","R","M","?","R","B",null,"M","?","M","?","$","R","M","R","T","M","M","?","M","$","R","B",null],"character_chosen":"IRONCLAD","items_purchased":["Mayhem","Magnetism","Bronze Scales","Pen Nib","Iron Wave","SneckoOil","Ghostly Armor"],"campfire_rested":6,"item_purchase_floors":[14,28,28,39,39,48,48],"current_hp_per_floor":[96,93,82,88,79,23,23,51,51,32,37,37,28,28,57,14,98,87,68,68,68,26,55,10,39,39,23,23,52,57,57,57,66,98,97,79,76,112,112,112,106,106,106,92,80,80,64,64,99,42],"gold":13,"neow_bonus":"TWENTY_PERCENT_HP_BONUS","is_prod":false,"is_daily":false,"chose_seed":false,"campfire_upgraded":3,"win_rate":0,"timestamp":1542278977,"path_taken":["M","M","?","M","M","E","?","R","T","?","?","?","M","?","R","BOSS","M","M","?","?","?","R","E","R","T","?","?","R","?","?","R","BOSS","M","?","M","?","$","R","M","R","T","?","M","?","M","?","R","BOSS"],"build_version":"2018-11-08","purchased_purges":2,"victory":true,"max_hp_per_floor":[96,96,96,96,96,96,96,96,96,96,98,98,98,98,98,98,98,98,98,98,98,98,98,98,98,98,98,98,98,98,98,98,98,98,98,100,102,112,112,112,112,112,112,112,112,112,112,112,114,114],"card_choices":[{"not_picked":["Dual Wield","Combust"],"picked":"Cleave","floor":1},{"not_picked":["Perfected Strike","Burning Pact"],"picked":"Thunderclap","floor":2},{"not_picked":["Twin Strike","Sentinel"],"picked":"Armaments","floor":4},{"not_picked":["Warcry","Clothesline"],"picked":"Thunderclap","floor":5},{"not_picked":["Evolve","Clash"],"picked":"Infernal Blade","floor":6},{"not_picked":["Hemokinesis","Intimidate","Wild Strike"],"picked":"Singing Bowl","floor":11},{"not_picked":["Bloodletting","Feel No Pain"],"picked":"Spot Weakness","floor":13},{"not_picked":["Berserk","Fiend Fire"],"picked":"Reaper","floor":16},{"not_picked":["Combust","Spot Weakness"],"picked":"Cleave+1","floor":18},{"not_picked":["Reckless Charge","Thunderclap"],"picked":"Rampage+1","floor":19},{"not_picked":["Sword Boomerang","Heavy Blade"],"picked":"Metallicize","floor":22},{"not_picked":["Clash","Immolate"],"picked":"Demon Form","floor":24},{"not_picked":["Flex+1","Dropkick"],"picked":"Cleave","floor":30},{"not_picked":["Immolate","Limit Break"],"picked":"Exhume","floor":33},{"not_picked":["True Grit+1","Clash+1"],"picked":"Shrug It Off","floor":35},{"not_picked":["Thunderclap","True Grit+1","Anger+1"],"picked":"Singing Bowl","floor":36},{"not_picked":["Dual Wield","Blood for Blood","Pummel+1"],"picked":"Singing Bowl","floor":37},{"not_picked":["Corruption","Anger+1"],"picked":"Clothesline+1","floor":41},{"not_picked":["Clothesline+1","Flex+1"],"picked":"Double Tap","floor":44},{"not_picked":["Thunderclap","Dropkick+1"],"picked":"Whirlwind","floor":45},{"not_picked":["Body Slam","Heavy Blade+1"],"picked":"Flame Barrier+1","floor":47},{"not_picked":["Clash+1","Barricade","Pommel Strike+1"],"picked":"Singing Bowl","floor":49}],"player_experience":107197,"relics_obtained":[{"floor":6,"key":"Blood Vial"},{"floor":7,"key":"Anchor"},{"floor":9,"key":"Singing Bowl"},{"floor":11,"key":"Odd Mushroom"},{"floor":21,"key":"Blue Candle"},{"floor":22,"key":"WingedGreaves"},{"floor":22,"key":"Matryoshka"},{"floor":24,"key":"War Paint"},{"floor":26,"key":"Orichalcum"},{"floor":26,"key":"Meat on the Bone"},{"floor":27,"key":"Nilry\u0027s Codex"},{"floor":36,"key":"Turnip"},{"floor":43,"key":"Dream Catcher"},{"floor":43,"key":"Omamori"}],"event_choices":[{"damage_healed":0,"gold_gain":75,"player_choice":"Gather Gold","damage_taken":11,"max_hp_gain":0,"max_hp_loss":0,"event_name":"World of Goop","floor":3,"gold_loss":0},{"damage_healed":0,"gold_gain":0,"player_choice":"Entered Light","damage_taken":19,"max_hp_gain":0,"max_hp_loss":0,"event_name":"Shining Light","floor":10,"gold_loss":0,"cards_upgraded":["Defend_R","Defend_R"]},{"damage_healed":0,"gold_gain":0,"player_choice":"Fought Mushrooms","damage_taken":0,"max_hp_gain":0,"max_hp_loss":0,"event_name":"Mushrooms","floor":11,"gold_loss":0},{"damage_healed":0,"gold_gain":175,"player_choice":"AGREE","damage_taken":0,"max_hp_gain":0,"max_hp_loss":0,"event_name":"Liars Game","floor":12,"gold_loss":0,"cards_obtained":["Doubt"]},{"cards_removed":["Doubt"],"damage_healed":0,"gold_gain":0,"player_choice":"Elegance","damage_taken":0,"max_hp_gain":0,"max_hp_loss":0,"event_name":"Back to Basics","floor":20,"gold_loss":0},{"damage_healed":0,"gold_gain":0,"player_choice":"Fight","damage_taken":0,"max_hp_gain":0,"max_hp_loss":0,"event_name":"Colosseum","floor":22,"gold_loss":0},{"damage_healed":0,"gold_gain":0,"player_choice":"Fought Nobs","damage_taken":0,"max_hp_gain":0,"max_hp_loss":0,"event_name":"Colosseum","floor":22,"gold_loss":0},{"damage_healed":0,"gold_gain":0,"player_choice":"Obtained Book","damage_taken":16,"max_hp_gain":0,"max_hp_loss":0,"event_name":"Cursed Tome","floor":27,"gold_loss":0},{"damage_healed":0,"gold_gain":0,"player_choice":"Became a vampire (Vial)","damage_taken":0,"max_hp_gain":0,"max_hp_loss":0,"event_name":"Vampires","floor":31,"relics_lost":["Blood Vial"],"gold_loss":0,"cards_obtained":["Bite","Bite","Bite","Bite","Bite"]},{"damage_healed":0,"gold_gain":0,"player_choice":"Fight","damage_taken":0,"max_hp_gain":0,"max_hp_loss":0,"event_name":"MindBloom","floor":36,"gold_loss":0},{"cards_removed":["Demon Form"],"damage_healed":26,"gold_gain":0,"player_choice":"Offered Rare","damage_taken":0,"max_hp_gain":10,"max_hp_loss":0,"event_name":"Bonfire Elementals","floor":38,"gold_loss":0},{"damage_healed":0,"gold_gain":0,"player_choice":"Rummage","damage_taken":0,"relics_obtained":["WarpedTongs"],"max_hp_gain":0,"max_hp_loss":0,"event_name":"Accursed Blacksmith","floor":46,"gold_loss":0,"cards_obtained":["Pain"]}],"is_beta":false,"boss_relics":[{"not_picked":["Pandora\u0027s Box","Orrery"],"picked":"Velvet Choker"},{"not_picked":["Empty Cage","White Beast Statue"],"picked":"Astrolabe"}],"items_purged_floors":[14,28],"is_endless":false,"potions_floor_spawned":[1,5,13,16,22,22,30,33,37,41,44],"ascension_level":0}