{"gold_per_floor":[118,118,118,133,5,30,46,46,46,46,63,98,98,126,126,230,230,248,3,3,3,17,34,109,126,149,182,182,201,213,228,228,228],"floor_reached":33,"playtime":2937,"items_purged":["Strike_B"],"score":407,"play_id":"66e13fae-57db-49f0-8fb5-04d2e741c9c6","local_time":"20190209004744","is_ascension_mode":true,"campfire_choices":[{"data":"Zap","floor":10,"key":"SMITH"},{"floor":13,"key":"REST"},{"data":"Coolheaded","floor":15,"key":"SMITH"},{"floor":28,"key":"REST"},{"floor":32,"key":"REST"}],"neow_cost":"NONE","seed_source_timestamp":2544739910665409,"circlet_count":0,"master_deck":["Defend_B","Defend_B","Defend_B","Zap+1","Dualcast","Ball Lightning","Cold Snap","Leap","Ball Lightning","Compile Driver","Coolheaded+1","Echo Form","Gash+1","All For One","Finesse","Go for the Eyes","Leap","White Noise","White Noise+1","Steam+1","Steam"],"relics":["Cracked Core","Matryoshka","Kunai","Bottled Lightning","Symbiotic Virus","Blood Vial","White Beast Statue","Dodecahedron","Art of War","Bag of Marbles"],"potions_floor_usage":[6,14,18,23,25,27,27,27,30,33,33],"damage_taken":[{"damage":0,"enemies":"Small Slimes","floor":1,"turns":3},{"damage":7,"enemies":"Jaw Worm","floor":3,"turns":2},{"damage":0,"enemies":"Cultist","floor":4,"turns":3},{"damage":0,"enemies":"Gremlin Nob","floor":6,"turns":3},{"damage":3,"enemies":"3 Louse","floor":7,"turns":3},{"damage":14,"enemies":"Gremlin Gang","floor":11,"turns":3},{"damage":13,"enemies":"3 Sentries","floor":12,"turns":6},{"damage":0,"enemies":"Gremlin Nob","floor":14,"turns":3},{"damage":10,"enemies":"The Guardian","floor":16,"turns":14},{"damage":14,"enemies":"3 Byrds","floor":18,"turns":4},{"damage":0,"enemies":"Chosen","floor":22,"turns":3},{"damage":4,"enemies":"Sentry and Sphere","floor":23,"turns":3},{"damage":11,"enemies":"Snake Plant","floor":25,"turns":3},{"damage":48,"enemies":"Book of Stabbing","floor":27,"turns":6},{"damage":0,"enemies":"Chosen and Byrds","floor":29,"turns":5},{"damage":0,"enemies":"Sentry and Sphere","floor":30,"turns":3},{"damage":13,"enemies":"Centurion and Healer","floor":31,"turns":6},{"damage":62,"enemies":"Collector","floor":33,"turns":6}],"seed_played":"-3255266039141107835","potions_obtained":[{"floor":1,"key":"SpeedPotion"},{"floor":3,"key":"FearPotion"},{"floor":4,"key":"FearPotion"},{"floor":16,"key":"FearPotion"},{"floor":18,"key":"Explosive Potion"},{"floor":22,"key":"SpeedPotion"},{"floor":23,"key":"Regen Potion"},{"floor":25,"key":"Weak Potion"},{"floor":27,"key":"Block Potion"},{"floor":29,"key":"Fire Potion"},{"floor":30,"key":"Regen Potion"},{"floor":31,"key":"FearPotion"}],"is_trial":false,"path_per_floor":["M","?","M","M","$","E","M","?","T","R","M","E","R","E","R","B",null,"M","$","?","?","M","M","?","M","T","E","R","M","M","M","R","B"],"character_chosen":"DEFECT","items_purchased":["Ball Lightning","All For One","Finesse"],"campfire_rested":3,"item_purchase_floors":[5,19,19],"current_hp_per_floor":[75,68,61,61,61,61,58,58,58,58,44,31,53,53,53,45,75,61,61,61,61,63,61,54,54,54,8,30,32,34,23,45,0],"gold":228,"neow_bonus":"REMOVE_CARD","is_prod":false,"is_daily":false,"chose_seed":false,"campfire_upgraded":2,"win_rate":0,"timestamp":1549691264,"path_taken":["M","?","M","M","$","E","M","?","T","R","M","E","R","E","R","BOSS","M","$","?","?","M","M","?","M","T","E","R","M","M","?","R","BOSS"],"build_version":"2019-01-23","purchased_purges":1,"victory":false,"max_hp_per_floor":[75,75,75,75,75,75,75,75,75,75,75,75,75,75,75,75,75,75,75,75,75,75,75,75,75,75,75,75,75,75,75,75,75],"card_choices":[{"not_picked":["Loop","Cold Snap"],"picked":"Ball Lightning","floor":1},{"not_picked":["Chaos","Reinforced Body"],"picked":"Cold Snap","floor":3},{"not_picked":["Turbo","Hello World"],"picked":"Leap","floor":4},{"not_picked":["Rebound","Sweeping Beam","Amplify"],"picked":"SKIP","floor":6},{"not_picked":["Stack","Rebound"],"picked":"Compile Driver","floor":7},{"not_picked":["Ball Lightning","Stack"],"picked":"Coolheaded","floor":11},{"not_picked":["Rainbow","FTL","Cold Snap"],"picked":"SKIP","floor":12},{"not_picked":["Redo","Rip and Tear","Aggregate"],"picked":"SKIP","floor":14},{"not_picked":["Multi-Cast","Meteor Strike"],"picked":"Echo Form","floor":16},{"not_picked":["Barrage","Force Field"],"picked":"Gash+1","floor":18},{"not_picked":["Rebound+1","Echo Form"],"picked":"Leap","floor":22},{"not_picked":["Static Discharge","Sweeping Beam"],"picked":"White Noise","floor":23},{"not_picked":["Redo","Coolheaded"],"picked":"White Noise+1","floor":25},{"not_picked":["Double Energy+1","Conserve Battery"],"picked":"Steam+1","floor":27},{"not_picked":["Coolheaded","Sweeping Beam+1","Fusion"],"picked":"SKIP","floor":29},{"not_picked":["Rebound","Streamline","Tempest"],"picked":"SKIP","floor":30},{"not_picked":["Conserve Battery+1","Stack"],"picked":"Steam","floor":31}],"player_experience":176998,"relics_obtained":[{"floor":6,"key":"Matryoshka"},{"floor":9,"key":"Kunai"},{"floor":9,"key":"Bottled Lightning"},{"floor":12,"key":"Symbiotic Virus"},{"floor":14,"key":"Blood Vial"},{"floor":26,"key":"Dodecahedron"},{"floor":26,"key":"Art of War"},{"floor":27,"key":"Bag of Marbles"}],"event_choices":[{"cards_removed":["Strike_B"],"damage_healed":0,"gold_gain":0,"player_choice":"Card Removal","damage_taken":7,"max_hp_gain":0,"max_hp_loss":0,"event_name":"Golden Wing","floor":2,"gold_loss":0},{"cards_removed":["Strike_B"],"damage_healed":0,"gold_gain":0,"player_choice":"Forget","damage_taken":0,"max_hp_gain":0,"max_hp_loss":0,"event_name":"Living Wall","floor":8,"gold_loss":0},{"damage_healed":0,"gold_gain":0,"player_choice":"Read","damage_taken":0,"max_hp_gain":0,"max_hp_loss":0,"event_name":"The Library","floor":20,"gold_loss":0,"cards_obtained":["Go for the Eyes"]},{"cards_removed":["Defend_B"],"damage_healed":0,"gold_gain":0,"player_choice":"Elegance","damage_taken":0,"max_hp_gain":0,"max_hp_loss":0,"event_name":"Back to Basics","floor":21,"gold_loss":0},{"damage_healed":0,"gold_gain":75,"player_choice":"Touch","damage_taken":7,"max_hp_gain":0,"max_hp_loss":0,"event_name":"FaceTrader","floor":24,"gold_loss":0}],"is_beta":false,"boss_relics":[{"not_picked":["Busted Crown","Snecko Eye"],"picked":"White Beast Statue"}],"items_purged_floors":[5],"is_endless":false,"potions_floor_spawned":[1,3,4,16,18,22,23,25,27,29,30,31],"killed_by":"Collector","ascension_level":4}