{"gold_per_floor":[114,114,132,132,82,82,7,7,7,20,20,53,64,64,64,161,161,173,173,192,205,205,240,259,259,335,335,90,100,100,118,118,214,214,230,230,242,242,261,261,275,275,275,289,289,18,31,44,44,44],"floor_reached":51,"playtime":2305,"items_purged":["Strike_B","Defend_B"],"score":844,"play_id":"d047fdc8-d3a2-4d11-945e-d39f1f4ab3a1","local_time":"20180715201802","is_ascension_mode":false,"campfire_choices":[{"data":"Zap","floor":6,"key":"SMITH"},{"data":"White Noise","floor":11,"key":"SMITH"},{"data":"Hologram","floor":15,"key":"SMITH"},{"data":"Dualcast","floor":25,"key":"SMITH"},{"data":"Core Surge","floor":27,"key":"SMITH"},{"data":"Consume","floor":30,"key":"SMITH"},{"floor":32,"key":"REST"},{"data":"Apotheosis","floor":40,"key":"SMITH"},{"data":"BootSequence","floor":42,"key":"SMITH"},{"data":"Buffer","floor":49,"key":"SMITH"}],"neow_cost":"","seed_source_timestamp":256391125553707,"circlet_count":0,"master_deck":["Strike_B","Defend_B","Zap+1","Dualcast+1","Hologram+1","Gash","White Noise+1","Chill","Glacier","Core Surge+1","Gash+1","Barrage","White Noise+1","Chaos+1","BootSequence+1","Reboot","Conserve Battery+1","Consume+1","Hologram+1","Defragment+1","Redo+1","Electrodynamics","Hologram+1","Apotheosis+1","Dramatic Entrance","Bandage Up","Capacitor+1","Go for the Eyes","Redo+1","Coolheaded+1","Buffer+1","White Noise+1","Blizzard","Finesse","FTL"],"relics":["Cracked Core","Mercury Hourglass","Sundial","Prayer Wheel","Nuclear Battery","Enchiridion","Unceasing Top","Matryoshka","Mummified Hand","Inserter","Turnip","Pear","Ginger"],"potions_floor_usage":[16,16,29,33,50,50,50],"damage_taken":[{"damage":0,"enemies":"Small Slimes","floor":1,"turns":3},{"damage":5,"enemies":"Cultist","floor":3,"turns":4},{"damage":1,"enemies":"Jaw Worm","floor":10,"turns":2},{"damage":11,"enemies":"3 Sentries","floor":12,"turns":4},{"damage":6,"enemies":"3 Louse","floor":13,"turns":2},{"damage":25,"enemies":"Slime Boss","floor":16,"turns":4},{"damage":0,"enemies":"Spheric Guardian","floor":18,"turns":3},{"damage":2,"enemies":"3 Byrds","floor":20,"turns":5},{"damage":21,"enemies":"Snecko","floor":21,"turns":4},{"damage":23,"enemies":"Book of Stabbing","floor":23,"turns":6},{"damage":0,"enemies":"Centurion and Healer","floor":24,"turns":7},{"damage":0,"enemies":"Snake Plant","floor":29,"turns":2},{"damage":0,"enemies":"Chosen and Byrds","floor":31,"turns":4},{"damage":0,"enemies":"Champ","floor":33,"turns":7},{"damage":0,"enemies":"3 Darklings","floor":35,"turns":2},{"damage":3,"enemies":"3 Shapes","floor":37,"turns":3},{"damage":0,"floor":38,"turns":3},{"damage":0,"enemies":"Transient","floor":39,"turns":5},{"damage":0,"enemies":"Maw","floor":41,"turns":4},{"damage":0,"enemies":"Spire Growth","floor":44,"turns":2},{"damage":0,"enemies":"3 Darklings","floor":47,"turns":2},{"damage":9,"enemies":"Maw","floor":48,"turns":4},{"damage":0,"enemies":"Donu and Deca","floor":50,"turns":4}],"seed_played":"5221233461339878902","potions_obtained":[{"floor":1,"key":"Fire Potion"},{"floor":10,"key":"FocusPotion"},{"floor":21,"key":"AttackPotion"},{"floor":23,"key":"SpeedPotion"},{"floor":24,"key":"FearPotion"},{"floor":29,"key":"Swift Potion"},{"floor":38,"key":"Ancient Potion"},{"floor":39,"key":"AttackPotion"},{"floor":48,"key":"FocusPotion"}],"is_trial":false,"path_per_floor":["M","?","M","T","?","R","$","?","T","M","R","E","M","?","R","B",null,"M","?","M","M","?","E","M","R","T","R","$","M","R","M","R","B",null,"M","?","M","?","M","R","M","R","T","M","?","$","M","M","R","B"],"character_chosen":"DEFECT","items_purchased":["Mummified Hand","Blizzard","Finesse"],"campfire_rested":1,"item_purchase_floors":[28,46,46],"current_hp_per_floor":[75,75,70,70,70,70,70,75,75,74,74,63,57,50,50,25,80,80,80,78,57,41,25,25,25,25,25,25,25,25,25,49,49,80,80,70,71,75,79,79,80,80,90,90,90,90,90,87,87,90],"gold":44,"neow_bonus":"","is_prod":false,"is_daily":false,"chose_seed":false,"campfire_upgraded":9,"win_rate":0,"timestamp":1531653482,"path_taken":["M","?","M","?","?","R","$","?","T","M","R","E","?","?","R","BOSS","M","?","M","M","?","E","M","R","T","R","$","M","R","?","R","BOSS","M","?","M","?","M","R","M","R","T","?","?","$","M","M","R","BOSS"],"build_version":"2018-07-12","purchased_purges":2,"victory":true,"max_hp_per_floor":[75,75,75,75,75,75,75,80,80,80,80,80,80,80,80,80,80,80,80,80,80,80,80,80,80,80,80,80,80,80,80,80,80,80,80,80,80,80,80,80,80,80,90,90,90,90,90,90,90,90],"card_choices":[{"not_picked":["Aggregate","Redo"],"picked":"Hologram","floor":1},{"not_picked":["Steam","Consume"],"picked":"Gash","floor":3},{"not_picked":["Streamline","Auto Shields"],"picked":"White Noise","floor":10},{"not_picked":["Force Field","Stack","Sweeping Beam"],"picked":"SKIP","floor":12},{"not_picked":["Steam","Leap"],"picked":"Chill","floor":13},{"not_picked":["Barrage","Tempest"],"picked":"Glacier","floor":13},{"not_picked":["Fission","Thunder Strike"],"picked":"Core Surge","floor":16},{"not_picked":["Sweeping Beam","Steam"],"picked":"Rebound","floor":18},{"not_picked":["Hologram","Rebound"],"picked":"Gash+1","floor":18},{"not_picked":["Aggregate","Recycle"],"picked":"Barrage","floor":20},{"not_picked":["Go for the Eyes+1","Streamline"],"picked":"White Noise+1","floor":20},{"not_picked":["Reinforced Body","Go for the Eyes"],"picked":"Chaos+1","floor":21},{"not_picked":["Ball Lightning","Static Discharge","Streamline"],"picked":"SKIP","floor":21},{"not_picked":["Chaos","White Noise"],"picked":"BootSequence","floor":23},{"not_picked":["Go for the Eyes","Hologram"],"picked":"Reboot","floor":24},{"not_picked":["Hologram","Sweeping Beam+1"],"picked":"Conserve Battery+1","floor":24},{"not_picked":["Rebound","Skim"],"picked":"Consume","floor":29},{"not_picked":["Steam+1","Conserve Battery"],"picked":"Hologram+1","floor":29},{"not_picked":["Coolheaded","Sweeping Beam"],"picked":"Defragment+1","floor":31},{"not_picked":["Blizzard+1","Stack"],"picked":"Redo+1","floor":31},{"not_picked":["Multi-Cast","Thunder Strike"],"picked":"Electrodynamics","floor":33},{"not_picked":["Conserve Battery","Stack"],"picked":"Hologram+1","floor":35},{"not_picked":["Ball Lightning","Undo","Stack"],"picked":"SKIP","floor":35},{"not_picked":["Dark Shackles","Finesse"],"picked":"Apotheosis","floor":36},{"not_picked":["Trip","Sadistic Nature"],"picked":"Dramatic Entrance","floor":36},{"not_picked":["Trip","Flash of Steel"],"picked":"Bandage Up","floor":36},{"not_picked":["Hologram","Sweeping Beam"],"picked":"Capacitor+1","floor":37},{"not_picked":["Steam Power+1","Consume","Beam Cell"],"picked":"SKIP","floor":37},{"not_picked":["Consume","BootSequence"],"picked":"Go for the Eyes","floor":38},{"not_picked":["Storm+1","Hologram+1"],"picked":"Redo+1","floor":39},{"not_picked":["Stack","Conserve Battery+1"],"picked":"Coolheaded+1","floor":39},{"not_picked":["Streamline+1","Turbo","Stack+1"],"picked":"SKIP","floor":41},{"not_picked":["Rip and Tear","Storm+1","Hologram"],"picked":"SKIP","floor":41},{"not_picked":["Rebound+1","Redo"],"picked":"Buffer","floor":44},{"not_picked":["Compile Driver","Turbo"],"picked":"White Noise+1","floor":44},{"not_picked":["Genetic Algorithm+1","Beam Cell","Steam Power+1"],"picked":"SKIP","floor":47},{"not_picked":["Ball Lightning+1","Beam Cell","Thunder Strike"],"picked":"SKIP","floor":47},{"not_picked":["Fusion","Hologram+1"],"picked":"FTL","floor":48},{"not_picked":["Barrage","Heatsinks","Go for the Eyes"],"picked":"SKIP","floor":48}],"player_experience":178591,"relics_obtained":[{"floor":4,"key":"Mercury Hourglass"},{"floor":9,"key":"Sundial"},{"floor":12,"key":"Prayer Wheel"},{"floor":22,"key":"Enchiridion"},{"floor":23,"key":"Unceasing Top"},{"floor":26,"key":"Matryoshka"},{"floor":38,"key":"Turnip"},{"floor":43,"key":"Pear"},{"floor":43,"key":"Ginger"}],"event_choices":[{"event_name":"Purifier","player_choice":"One Purge","floor":2,"damage_taken":0},{"event_name":"The Cleric","player_choice":"Card Removal","floor":5,"damage_taken":0},{"event_name":"Big Fish","player_choice":"Donut","floor":8,"damage_taken":0},{"event_name":"Golden Wing","player_choice":"Card Removal","floor":14,"damage_taken":0},{"event_name":"Back to Basics","player_choice":"Elegance","floor":19,"damage_taken":0},{"event_name":"Cursed Tome","player_choice":"Obtained Book","floor":22,"damage_taken":0},{"event_name":"SensoryStone","player_choice":"Memory 3","floor":36,"damage_taken":0},{"event_name":"MindBloom","player_choice":"Fight","floor":38,"damage_taken":0},{"event_name":"Falling","player_choice":"Removed Attack","floor":45,"damage_taken":0}],"boss_relics":[{"not_picked":["Runic Pyramid","Fusion Hammer"],"picked":"Nuclear Battery"},{"not_picked":["Lizard Tail","Snecko Eye"],"picked":"Inserter"}],"items_purged_floors":[7,46],"is_endless":false,"potions_floor_spawned":[1,10,21,23,24,29,38,39,41,48],"ascension_level":0}