{"gold_per_floor":[118,118,118,129,41,41,70,82,107,94,94,114,114,39,39,143,143,132,32,44,44,44,58,58,75,99,99,118,33,33,45,45,45],"floor_reached":33,"playtime":1741,"items_purged":["Strike_B","Aggregate"],"score":435,"play_id":"cc9327d6-570d-4eb8-aac9-8b7105a35981","local_time":"20190511214728","is_ascension_mode":true,"campfire_choices":[{"data":"Madness","floor":6,"key":"SMITH"},{"floor":11,"key":"REST"},{"data":"Dualcast","floor":15,"key":"SMITH"},{"floor":24,"key":"REST"},{"floor":32,"key":"REST"}],"neow_cost":"NONE","seed_source_timestamp":508897156918605,"circlet_count":0,"master_deck":["AscendersBane","Zap","Dualcast+1","Madness+1","Creative AI","Conserve Battery","Conserve Battery","Meteor Strike","Fission","Self Repair","Glacier","Fission","Sweeping Beam","Ball Lightning","Melter+1","Coolheaded"],"relics":["Cracked Core","NeowsBlessing","Boot","Lantern","Pandora\u0027s Box","Bronze Scales","Bag of Marbles"],"potions_floor_usage":[20,25,31,33],"damage_taken":[{"damage":0,"enemies":"2 Louse","floor":1,"turns":1},{"damage":0,"enemies":"Small Slimes","floor":4,"turns":1},{"damage":0,"enemies":"3 Sentries","floor":7,"turns":1},{"damage":10,"enemies":"Cultist","floor":8,"turns":5},{"damage":7,"enemies":"Exordium Thugs","floor":10,"turns":4},{"damage":1,"enemies":"Blue Slaver","floor":12,"turns":3},{"damage":26,"enemies":"Slime Boss","floor":16,"turns":8},{"damage":23,"enemies":"2 Thieves","floor":18,"turns":4},{"damage":29,"enemies":"3 Byrds","floor":20,"turns":3},{"damage":13,"enemies":"Snake Plant","floor":23,"turns":4},{"damage":3,"enemies":"Centurion and Healer","floor":25,"turns":3},{"damage":13,"enemies":"Shelled Parasite and Fungi","floor":28,"turns":3},{"damage":0,"enemies":"Cultist and Chosen","floor":31,"turns":6},{"damage":91,"enemies":"Champ","floor":33,"turns":12}],"seed_played":"-7733297686151032010","potions_obtained":[{"floor":10,"key":"Ancient Potion"},{"floor":18,"key":"LiquidBronze"},{"floor":22,"key":"EssenceOfSteel"},{"floor":25,"key":"Weak Potion"},{"floor":31,"key":"SteroidPotion"}],"is_trial":false,"path_per_floor":["M","?","?","M","$","R","E","M","T","M","R","M","?","$","R","B",null,"M","$","M","$","?","M","R","M","T","$","M","?","$","M","R","B"],"character_chosen":"DEFECT","items_purchased":["Madness"],"campfire_rested":3,"item_purchase_floors":[5],"current_hp_per_floor":[68,68,68,68,68,68,68,58,58,51,73,72,72,72,72,46,68,52,52,30,30,30,24,46,50,50,50,44,44,44,51,73,0],"gold":45,"neow_bonus":"THREE_ENEMY_KILL","is_prod":false,"is_daily":false,"chose_seed":false,"campfire_upgraded":2,"win_rate":0,"timestamp":1557636448,"path_taken":["M","?","?","M","$","R","E","M","T","M","R","M","?","$","R","BOSS","M","$","M","$","?","M","R","M","T","?","M","?","?","?","R","BOSS"],"build_version":"2019-01-23","purchased_purges":2,"victory":false,"max_hp_per_floor":[75,75,75,75,75,75,75,75,75,75,75,75,75,75,75,75,75,75,75,75,75,75,75,75,75,75,75,75,75,75,75,75,75],"card_choices":[{"not_picked":["Cold Snap","Ball Lightning","White Noise"],"picked":"SKIP","floor":1},{"not_picked":["Steam","Barrage","Lockon"],"picked":"SKIP","floor":4},{"not_picked":["Steam","Sweeping Beam"],"picked":"Creative AI","floor":7},{"not_picked":["Self Repair","Cold Snap"],"picked":"Conserve Battery","floor":8},{"not_picked":["Aggregate","Auto Shields"],"picked":"Conserve Battery","floor":10},{"not_picked":["Sweeping Beam","Reprogram"],"picked":"Aggregate","floor":12},{"not_picked":["All For One","Hyperbeam"],"picked":"Fission","floor":16},{"not_picked":["Streamline+1","Conserve Battery"],"picked":"Melter+1","floor":18},{"not_picked":["Hologram","Beam Cell","Sweeping Beam"],"picked":"SKIP","floor":20},{"not_picked":["Tempest","Rebound","Scrape"],"picked":"SKIP","floor":23},{"not_picked":["Capacitor+1","Go for the Eyes"],"picked":"Coolheaded","floor":25},{"not_picked":["Rebound","Hello World+1","Doom and Gloom"],"picked":"SKIP","floor":28},{"not_picked":["Streamline","Stack","Consume"],"picked":"SKIP","floor":31}],"player_experience":476292,"relics_obtained":[{"floor":7,"key":"Boot"},{"floor":9,"key":"Lantern"},{"floor":26,"key":"Bronze Scales"}],"event_choices":[{"cards_removed":["Strike_B"],"damage_healed":0,"gold_gain":0,"player_choice":"Forget","damage_taken":0,"max_hp_gain":0,"max_hp_loss":0,"event_name":"Living Wall","floor":2,"gold_loss":0},{"damage_healed":0,"gold_gain":0,"player_choice":"Ignored","damage_taken":0,"max_hp_gain":0,"max_hp_loss":0,"event_name":"Liars Game","floor":3,"gold_loss":0},{"damage_healed":0,"gold_gain":0,"cards_transformed":["Strike_B"],"player_choice":"Transformed","damage_taken":0,"max_hp_gain":0,"max_hp_loss":0,"event_name":"Transmorgrifier","floor":13,"gold_loss":0,"cards_obtained":["Meteor Strike"]},{"damage_healed":0,"gold_gain":0,"player_choice":"Got Potions","damage_taken":0,"max_hp_gain":0,"max_hp_loss":0,"event_name":"Lab","floor":22,"gold_loss":0},{"damage_healed":0,"gold_gain":0,"player_choice":"Obtained Relic","damage_taken":0,"relics_obtained":["Bag of Marbles"],"max_hp_gain":0,"max_hp_loss":0,"event_name":"Addict","floor":29,"gold_loss":85}],"is_beta":false,"boss_relics":[{"not_picked":["Ectoplasm","Sozu"],"picked":"Pandora\u0027s Box"}],"items_purged_floors":[14,19],"is_endless":false,"potions_floor_spawned":[10,18,25,31],"killed_by":"Champ","ascension_level":12}