{"gold_per_floor":[116,130,2,2,2,30,30,30,30,46,46,71,92,92,92,188,188,201,251,270,270],"floor_reached":21,"playtime":1481,"items_purged":["Strike_B"],"score":313,"play_id":"ee202ee3-5f1a-43e7-8ae6-84fc732854e9","local_time":"20190522222545","is_ascension_mode":true,"campfire_choices":[{"floor":7,"key":"REST"},{"floor":15,"key":"REST"}],"neow_cost":"NONE","seed_source_timestamp":101855321187657,"circlet_count":0,"master_deck":["AscendersBane","Strike_B","Strike_B","Defend_B","Defend_B","Defend_B","Defend_B","Zap","Dualcast","Biased Cognition","Doom and Gloom+1","Genetic Algorithm+1","Leap","Machine Learning","Cold Snap","Compile Driver","FTL","Echo Form","BootSequence","Defragment"],"relics":["Cracked Core","WingedGreaves","DataDisk","Golden Idol","Bottled Tornado","Nuclear Battery"],"potions_floor_usage":[6,16,20],"damage_taken":[{"damage":3,"enemies":"2 Louse","floor":1,"turns":2},{"damage":0,"enemies":"Small Slimes","floor":2,"turns":2},{"damage":26,"enemies":"Gremlin Nob","floor":6,"turns":5},{"damage":6,"enemies":"Jaw Worm","floor":10,"turns":3},{"damage":12,"enemies":"Lots of Slimes","floor":12,"turns":2},{"damage":6,"enemies":"Looter","floor":13,"turns":4},{"damage":18,"enemies":"Slime Boss","floor":16,"turns":10},{"damage":12,"enemies":"Spheric Guardian","floor":18,"turns":4},{"damage":7,"enemies":"3 Byrds","floor":20,"turns":5},{"damage":35,"enemies":"Masked Bandits","floor":21,"turns":3}],"seed_played":"1148628784348064573","potions_obtained":[{"floor":2,"key":"Weak Potion"},{"floor":13,"key":"FearPotion"},{"floor":18,"key":"Swift Potion"},{"floor":20,"key":"FearPotion"}],"is_trial":false,"path_per_floor":["M","M","$","?","?","E","R","?","T","M","$","M","M","?","R","B",null,"M","?","M","?"],"character_chosen":"DEFECT","items_purchased":["Leap"],"campfire_rested":2,"item_purchase_floors":[3],"current_hp_per_floor":[61,61,61,40,35,9,30,30,30,24,24,12,6,6,25,7,50,38,38,31,0],"gold":270,"neow_bonus":"ONE_RANDOM_RARE_CARD","is_prod":false,"is_daily":false,"chose_seed":false,"campfire_upgraded":0,"win_rate":0,"timestamp":1558589145,"path_taken":["M","M","$","?","?","E","R","?","T","M","$","?","?","?","R","BOSS","M","?","M","?"],"build_version":"2019-01-23","purchased_purges":1,"victory":false,"max_hp_per_floor":[71,71,71,71,71,71,71,64,64,64,64,64,64,64,64,64,64,64,64,64,64],"card_choices":[{"not_picked":["Rebound","Stack"],"picked":"Doom and Gloom","floor":1},{"not_picked":["Steam","Compile Driver"],"picked":"Genetic Algorithm","floor":2},{"not_picked":["Beam Cell","Stack"],"picked":"Machine Learning","floor":6},{"not_picked":["Redo","Darkness"],"picked":"Cold Snap","floor":10},{"not_picked":["Streamline","Rebound","Chaos"],"picked":"SKIP","floor":12},{"not_picked":["Scrape","Static Discharge"],"picked":"Compile Driver","floor":13},{"not_picked":["Hyperbeam","Electrodynamics"],"picked":"Echo Form","floor":16},{"not_picked":["Chill+1","White Noise"],"picked":"BootSequence","floor":18},{"not_picked":["Barrage","Leap"],"picked":"Defragment","floor":20}],"player_experience":702243,"relics_obtained":[{"floor":6,"key":"DataDisk"},{"floor":9,"key":"Bottled Tornado"}],"event_choices":[{"damage_healed":0,"gold_gain":0,"player_choice":"Entered Light","damage_taken":21,"max_hp_gain":0,"max_hp_loss":0,"event_name":"Shining Light","floor":4,"gold_loss":0,"cards_upgraded":["Genetic Algorithm","Doom and Gloom"]},{"damage_healed":0,"gold_gain":0,"player_choice":"Success","damage_taken":5,"relics_obtained":["WingedGreaves"],"max_hp_gain":0,"max_hp_loss":0,"event_name":"Scrap Ooze","floor":5,"gold_loss":0},{"damage_healed":0,"gold_gain":0,"player_choice":"Lose Max HP","damage_taken":0,"relics_obtained":["Golden Idol"],"max_hp_gain":0,"max_hp_loss":7,"event_name":"Golden Idol","floor":8,"gold_loss":0},{"damage_healed":0,"gold_gain":0,"cards_transformed":["Strike_B"],"player_choice":"Transformed","damage_taken":0,"max_hp_gain":0,"max_hp_loss":0,"event_name":"Transmorgrifier","floor":14,"gold_loss":0,"cards_obtained":["FTL"]},{"damage_healed":0,"gold_gain":50,"player_choice":"Stole From Cult","damage_taken":0,"max_hp_gain":0,"max_hp_loss":0,"event_name":"Nest","floor":19,"gold_loss":0},{"damage_healed":0,"gold_gain":0,"player_choice":"Fought Bandits","damage_taken":0,"max_hp_gain":0,"max_hp_loss":0,"event_name":"Masked Bandits","floor":21,"gold_loss":0}],"is_beta":false,"boss_relics":[{"not_picked":["Coffee Dripper","Runic Dome"],"picked":"Nuclear Battery"}],"items_purged_floors":[3],"is_endless":false,"potions_floor_spawned":[2,13,18,20],"killed_by":"Masked Bandits","ascension_level":15}