{"gold_per_floor":[110,130,140,140,155,155,188,188,215,215,225,71,85,105,105,208,208,221,237,237,152,152,152,170,270,293,319,334,352,352,368,368,368],"floor_reached":33,"playtime":1249,"items_purged":[],"score":251,"play_id":"af3d3b92-6605-4280-9e8d-b1a9fc8ec3ec","local_time":"20190327215151","is_ascension_mode":false,"campfire_choices":[{"data":"Night Terror","floor":6,"key":"SMITH"},{"data":"Panacea","floor":8,"key":"SMITH"},{"data":"Riddle With Holes","floor":10,"key":"SMITH"},{"floor":15,"key":"REST"},{"data":"Adrenaline","floor":23,"key":"SMITH"},{"data":"Bouncing Flask","floor":30,"key":"SMITH"},{"floor":32,"key":"REST"}],"neow_cost":"TEN_PERCENT_HP_LOSS","seed_source_timestamp":519943043077936,"circlet_count":0,"master_deck":["Defend_G+1","Defend_G+1","Defend_G+1","Defend_G+1","Strike_G+1","Strike_G+1","Strike_G+1","Strike_G+1","Survivor","Neutralize","Well Laid Plans","Riddle With Holes+1","Backflip","Panacea+1","Neutralize","Night Terror+1","Crippling Poison","Die Die Die","Bouncing Flask+1","Blur","Deadly Poison","Adrenaline+1","Deflect+1","Escape Plan+1","Flechettes+1"],"special_seed":0,"relics":["Ring of the Snake","Regal Pillow","PreservedInsect","Pen Nib","Runic Pyramid","Juzu Bracelet","Sundial","Happy Flower","Blood Vial"],"potions_floor_usage":[7,16,16,16,33,33],"damage_taken":[{"damage":0.0,"enemies":"2 Louse","floor":1.0,"turns":4.0},{"damage":1.0,"enemies":"Cultist","floor":2.0,"turns":4.0},{"damage":0.0,"enemies":"Small Slimes","floor":3.0,"turns":3.0},{"damage":0,"enemies":"Blue Slaver","floor":5,"turns":5},{"damage":31,"enemies":"3 Sentries","floor":7,"turns":11},{"damage":0,"enemies":"Gremlin Gang","floor":11,"turns":3},{"damage":0,"enemies":"Exordium Thugs","floor":13,"turns":3},{"damage":0,"enemies":"3 Louse","floor":14,"turns":1},{"damage":17,"enemies":"The Guardian","floor":16,"turns":14},{"damage":0,"enemies":"Spheric Guardian","floor":18,"turns":4},{"damage":8,"enemies":"Chosen","floor":19,"turns":5},{"damage":3,"enemies":"Sentry and Sphere","floor":24,"turns":5},{"damage":7,"enemies":"Snake Plant","floor":28,"turns":4},{"damage":6,"enemies":"Cultist and Chosen","floor":29,"turns":4},{"damage":16,"enemies":"Snecko","floor":31,"turns":4},{"damage":71,"enemies":"Collector","floor":33,"turns":6}],"seed_played":"-7292526740809520852","potions_obtained":[{"floor":2.0,"key":"FearPotion"},{"floor":3.0,"key":"AttackPotion"},{"floor":5,"key":"EntropicBrew"},{"floor":11,"key":"PowerPotion"},{"floor":18,"key":"GamblersBrew"}],"is_trial":false,"path_per_floor":["M","M","M","?","M","R","E","R","T","R","M","$","M","M","R","B",null,"M","M","?","?","T","R","M","?","T","T","M","M","R","M","R","B"],"character_chosen":"THE_SILENT","items_purchased":["Pen Nib"],"campfire_rested":2,"item_purchase_floors":[12],"current_hp_per_floor":[63,62,62,62,62,62,31,31,31,31,31,31,31,31,63,46,63,63,55,55,55,55,55,52,52,52,52,47,43,43,29,62,0],"gold":368,"neow_bonus":"REMOVE_TWO","is_prod":false,"is_daily":false,"chose_seed":false,"campfire_upgraded":5,"win_rate":0,"timestamp":1553691111,"path_taken":["M","M","M","?","M","R","E","R","T","R","M","$","M","?","R","BOSS","M","M","?","?","?","R","M","?","T","?","M","M","R","M","R","BOSS"],"build_version":"2019-01-23","purchased_purges":0,"victory":false,"max_hp_per_floor":[63,63,63,63,63,63,63,63,63,63,63,63,63,63,63,63,63,63,63,63,63,63,63,63,63,63,63,63,63,63,63,63,63],"card_choices":[{"not_picked":["Acrobatics","Prepared"],"picked":"Well Laid Plans","floor":1.0},{"not_picked":["Slice","Flying Knee"],"picked":"Riddle With Holes","floor":2.0},{"not_picked":["Quick Slash","Distraction"],"picked":"Backflip","floor":3.0},{"not_picked":["Quick Slash","Acrobatics"],"picked":"Crippling Poison","floor":5},{"not_picked":["Poisoned Stab","PiercingWail"],"picked":"Die Die Die","floor":7},{"not_picked":["Quick Slash","Outmaneuver"],"picked":"Bouncing Flask","floor":11},{"not_picked":["Reflex","Quick Slash"],"picked":"Blur","floor":13},{"not_picked":["Acrobatics","Riddle With Holes"],"picked":"Deadly Poison","floor":14},{"not_picked":["After Image","Burst"],"picked":"Adrenaline","floor":16},{"not_picked":["Crippling Poison","Flying Knee"],"picked":"Deflect+1","floor":18},{"not_picked":["Eviscerate","PiercingWail"],"picked":"Escape Plan+1","floor":19},{"not_picked":["Underhanded Strike","Reflex","Bane"],"picked":"SKIP","floor":24},{"not_picked":["Prepared","Blade Dance"],"picked":"Flechettes+1","floor":28},{"not_picked":["Tactician","Prepared","Deadly Poison"],"picked":"SKIP","floor":29},{"not_picked":["Slice","Quick Slash","Sucker Punch"],"picked":"SKIP","floor":31}],"player_experience":367990,"relics_obtained":[{"floor":7,"key":"Regal Pillow"},{"floor":9,"key":"PreservedInsect"},{"floor":22,"key":"Sundial"},{"floor":26,"key":"Happy Flower"},{"floor":27,"key":"Blood Vial"}],"event_choices":[{"damage_healed":0,"gold_gain":0,"player_choice":"3 cards matched","damage_taken":0,"max_hp_gain":0,"max_hp_loss":0,"event_name":"Match and Keep!","floor":4,"gold_loss":0,"cards_obtained":["Panacea","Neutralize","Night Terror"]},{"damage_healed":0,"gold_gain":0,"player_choice":"Simplicity","damage_taken":0,"max_hp_gain":0,"max_hp_loss":0,"event_name":"Back to Basics","floor":20,"gold_loss":0,"cards_upgraded":["Defend_G","Defend_G","Defend_G","Defend_G","Strike_G","Strike_G","Strike_G","Strike_G"]},{"damage_healed":0,"gold_gain":0,"player_choice":"Obtained Relic","damage_taken":0,"relics_obtained":["Juzu Bracelet"],"max_hp_gain":0,"max_hp_loss":0,"event_name":"Addict","floor":21,"gold_loss":85},{"damage_healed":0,"gold_gain":100,"player_choice":"Pray","damage_taken":0,"max_hp_gain":0,"max_hp_loss":0,"event_name":"Golden Shrine","floor":25,"gold_loss":0}],"is_beta":false,"boss_relics":[{"not_picked":["Snecko Eye","Runic Dome"],"picked":"Runic Pyramid"}],"items_purged_floors":[],"is_endless":false,"potions_floor_spawned":[2,3,5,11,14,18,28,29],"killed_by":"Collector","ascension_level":0}