{"gold_per_floor":[114,132,146,161,161,161,178,23,23,39,39],"floor_reached":11,"playtime":265,"items_purged":[],"score":67,"play_id":"4ed67d88-9b6c-443c-927c-5a0b7f6c4388","local_time":"20180716225404","is_ascension_mode":false,"campfire_choices":[{"data":"Zap","floor":6,"key":"SMITH"}],"neow_cost":"NONE","seed_source_timestamp":14353558441624,"circlet_count":0,"master_deck":["Strike_B+1","Strike_B","Strike_B+1","Strike_B","Defend_B","Defend_B","Defend_B","Defend_B","Zap+1","Dualcast","Fission","Rip and Tear","Cold Snap","Compile Driver","Rip and Tear","Gash","Barrage"],"relics":["Cracked Core","Dream Catcher","Whetstone","Bottled Flame"],"potions_floor_usage":[11],"damage_taken":[{"damage":5,"enemies":"Cultist","floor":1,"turns":4},{"damage":9,"enemies":"2 Louse","floor":2,"turns":2},{"damage":7,"enemies":"Small Slimes","floor":3,"turns":2},{"damage":17,"enemies":"3 Louse","floor":4,"turns":3},{"damage":21,"enemies":"Exordium Thugs","floor":7,"turns":4},{"damage":12,"enemies":"Blue Slaver","floor":10,"turns":2},{"damage":5,"enemies":"3 Louse","floor":11,"turns":1}],"seed_played":"-3249880699902847951","potions_obtained":[{"floor":2,"key":"SteroidPotion"},{"floor":4,"key":"EssenceOfSteel"},{"floor":10,"key":"Poison Potion"}],"is_trial":false,"path_per_floor":["M","M","M","M","?","R","M","$","T","M"],"character_chosen":"DEFECT","items_purchased":["Whetstone"],"campfire_rested":0,"item_purchase_floors":[8],"current_hp_per_floor":[70,61,54,37,37,37,16,16,16,4,0],"gold":39,"neow_bonus":"ONE_RANDOM_RARE_CARD","is_prod":false,"is_daily":false,"chose_seed":false,"campfire_upgraded":1,"win_rate":0,"timestamp":1531749244,"path_taken":["M","M","?","M","?","R","?","$","T","M","M"],"build_version":"2018-07-12","purchased_purges":0,"victory":false,"max_hp_per_floor":[75,75,75,75,75,75,75,75,75,75,75],"card_choices":[{"not_picked":["Go for the Eyes","Leap"],"picked":"Rip and Tear","floor":1},{"not_picked":["Steam","Rebound"],"picked":"Cold Snap","floor":2},{"not_picked":["Auto Shields","All For One"],"picked":"Compile Driver","floor":3},{"not_picked":["Storm","Beam Cell"],"picked":"Rip and Tear","floor":4},{"not_picked":["Leap","Rebound"],"picked":"Gash","floor":7},{"not_picked":["Reprogram","Lockon"],"picked":"Barrage","floor":10}],"player_experience":186581,"relics_obtained":[{"floor":9,"key":"Bottled Flame"}],"event_choices":[{"event_name":"Wheel of Change","player_choice":"Relic","floor":5,"damage_taken":0}],"boss_relics":[],"items_purged_floors":[],"is_endless":false,"potions_floor_spawned":[2,4,10],"killed_by":"3 Louse","ascension_level":0}