{"gold_per_floor":[119,119,69,82,95,160,160,188,188,206,206,221,221,231,231,332,332,352,352,382,402,250,285,285,200,290,332,344,367,379,264,264,363,363,378,600,611,631,643,643,660,660,712,729,729,746,401,432,432,432],"floor_reached":51,"playtime":2332,"items_purged":["Phantasmal Killer","Envenom","Corpse Explosion"],"score":952,"play_id":"6d730a9b-2823-4b2f-aa76-62d782398f29","local_time":"20180806203508","daily_mods":["Diverse","Heirloom","Insanity","Time Dilation","Vintage"],"is_ascension_mode":false,"campfire_choices":[{"data":"After Image","floor":7.0,"key":"SMITH"},{"data":"After Image","floor":11.0,"key":"SMITH"},{"data":"Dash","floor":15.0,"key":"SMITH"},{"data":"Chill","floor":28.0,"key":"SMITH"},{"data":"Metallicize","floor":30.0,"key":"SMITH"},{"data":"Corruption","floor":32.0,"key":"SMITH"},{"data":"Die Die Die","floor":40,"key":"SMITH"},{"data":"Adrenaline","floor":42,"key":"SMITH"},{"data":"Accuracy","floor":45,"key":"SMITH"},{"data":"Buffer","floor":49,"key":"SMITH"}],"neow_cost":"","seed_source_timestamp":18297248781226,"circlet_count":0,"master_deck":["Predator","Infinite Blades","Heel Hook","Dash+1","Bouncing Flask","Dodge and Roll+1","Sucker Punch","Dodge and Roll","Glass Knife","Bouncing Flask","All Out Attack","Survivor","Well Laid Plans","Bullet Time","Masterful Stab","Doppelganger","Defend_G","Calculated Gamble","After Image+1","Masterful Stab","All Out Attack","Crippling Poison","Skewer","Accuracy+1","Crippling Poison+1","Expertise","Bane","Burst","After Image+1","Corpse Explosion","Finisher","Endless Agony+1","Backstab+1","Footwork","Corpse Explosion","Reflex","Storm of Steel","Survivor","Die Die Die+1","Cloak And Dagger","Dagger Spray","Finisher","Tactician","Reflex","Steam","Buffer+1","Metallicize+1","Adrenaline+1","Chill+1","Corruption+1","Conserve Battery","Havoc","Anger"],"special_seed":0,"relics":["Unceasing Top","Bird Faced Urn","Snake Skull","NlothsMask","Art of War","Paper Crane","Tiny Chest","Potion Belt","Dream Catcher","Shuriken","Whetstone","Orichalcum","WristBlade","Turnip","Red Mask","Anchor","War Paint","Nilry\u0027s Codex","MawBank","Ornamental Fan","Pen Nib","Smiling Mask","Kunai","Orrery","Mercury Hourglass","Bottled Lightning","Oddly Smooth Stone","Bottled Flame","Lantern","Bag of Marbles","Ninja Scroll","Singing Bowl","Tingsha","Toxic Egg 2"],"potions_floor_usage":[50,50],"damage_taken":[{"damage":8.0,"enemies":"Jaw Worm","floor":1.0,"turns":2.0},{"damage":0.0,"enemies":"Cultist","floor":4.0,"turns":3.0},{"damage":0.0,"enemies":"2 Louse","floor":5.0,"turns":1.0},{"damage":9.0,"enemies":"Lagavulin","floor":6.0,"turns":3.0},{"damage":12.0,"enemies":"Gremlin Nob","floor":8.0,"turns":5.0},{"damage":7.0,"enemies":"Looter","floor":10.0,"turns":4.0},{"damage":7.0,"enemies":"Lots of Slimes","floor":12.0,"turns":3.0},{"damage":0.0,"enemies":"2 Fungi Beasts","floor":14.0,"turns":3.0},{"damage":8.0,"enemies":"The Guardian","floor":16.0,"turns":7.0},{"damage":23.0,"enemies":"Spheric Guardian","floor":18.0,"turns":6.0},{"damage":0.0,"floor":20.0,"turns":2.0},{"damage":0.0,"enemies":"Shell Parasite","floor":21.0,"turns":3.0},{"damage":15.0,"enemies":"Book of Stabbing","floor":23.0,"turns":6.0},{"damage":0.0,"enemies":"Slavers","floor":27.0,"turns":4.0},{"damage":0.0,"enemies":"Sentry and Sphere","floor":29.0,"turns":6.0},{"damage":11.0,"enemies":"Champ","floor":33.0,"turns":9.0},{"damage":26.0,"enemies":"3 Darklings","floor":35.0,"turns":3.0},{"damage":3.0,"enemies":"Orb Walker","floor":37.0,"turns":3.0},{"damage":3,"enemies":"4 Shapes","floor":38,"turns":3},{"damage":0,"enemies":"Maw","floor":39,"turns":6},{"damage":18,"enemies":"3 Darklings","floor":41,"turns":4},{"damage":0,"enemies":"Spire Growth","floor":44,"turns":4},{"damage":0,"enemies":"Transient","floor":46,"turns":5},{"damage":0,"enemies":"Giant Head","floor":48,"turns":6},{"damage":0,"enemies":"Time Eater","floor":50,"turns":9}],"seed_played":"8503979581077481878","potions_obtained":[{"floor":5.0,"key":"Poison Potion"},{"floor":6.0,"key":"SpeedPotion"},{"floor":10.0,"key":"Swift Potion"},{"floor":12.0,"key":"SpeedPotion"},{"floor":18.0,"key":"Ancient Potion"},{"floor":23.0,"key":"Regen Potion"},{"floor":27.0,"key":"Ancient Potion"},{"floor":33.0,"key":"Poison Potion"},{"floor":48,"key":"PowerPotion"}],"is_trial":true,"path_per_floor":["M","?","?","M","M","E","R","E","T","M","R","M","?","M","R","B",null,"M","?","?","M","$","E","?","?","T","E","R","M","R","$","R","B",null,"M","?","M","M","M","R","M","R","T","M","R","M","$","E","R","B"],"character_chosen":"THE_SILENT","items_purchased":["Metallicize","Corruption","Tingsha"],"campfire_rested":0,"item_purchase_floors":[22,31,47],"current_hp_per_floor":[62,62,62,64,64,57,57,51,51,52,52,51,44,48,48,46,70,49,49,55,65,65,57,41,41,41,63,63,70,70,70,70,70,70,44,44,45,50,62,62,58,58,58,66,66,70,70,72,72,72],"gold":432,"neow_bonus":"","is_prod":false,"is_daily":false,"chose_seed":false,"campfire_upgraded":10,"win_rate":0,"timestamp":1533555308,"path_taken":["M","?","?","?","M","E","R","E","T","M","R","M","?","M","R","BOSS","M","?","?","?","$","E","?","?","T","E","R","M","R","?","R","BOSS","M","?","M","M","M","R","M","R","T","M","R","?","?","E","R","BOSS"],"build_version":"2018-08-02","purchased_purges":3,"victory":true,"max_hp_per_floor":[70,70,70,70,70,70,70,70,70,70,70,70,70,70,70,70,70,70,70,70,70,70,70,70,70,70,70,70,70,70,70,70,70,70,70,70,70,70,70,70,70,70,70,70,70,70,70,72,72,72],"card_choices":[{"not_picked":["Doom and Gloom","Endless Agony","Sunder"],"picked":"SKIP","floor":6.0},{"not_picked":["Burning Pact","Caltrops"],"picked":"Steam","floor":8.0},{"not_picked":["Venomology","Corpse Explosion"],"picked":"Buffer","floor":16.0},{"not_picked":["Pummel","Ball Lightning"],"picked":"Adrenaline","floor":23.0},{"not_picked":["Loop","Leap"],"picked":"Chill","floor":27.0},{"not_picked":["Capacitor","Coolheaded"],"picked":"Conserve Battery","floor":34.0},{"not_picked":["Wild Strike","Warcry"],"picked":"Havoc","floor":34.0},{"not_picked":["Deadly Poison","Prepared+1"],"picked":"Anger","floor":34.0},{"not_picked":["Grand Finale","Poisoned Stab+1","Prepared"],"picked":"Singing Bowl","floor":48}],"player_experience":261997,"relics_obtained":[{"floor":1.0,"key":"Snake Skull"},{"floor":4.0,"key":"Art of War"},{"floor":5.0,"key":"Paper Crane"},{"floor":6.0,"key":"Tiny Chest"},{"floor":8.0,"key":"Potion Belt"},{"floor":10.0,"key":"Dream Catcher"},{"floor":12.0,"key":"Shuriken"},{"floor":14.0,"key":"Whetstone"},{"floor":16.0,"key":"Orichalcum"},{"floor":18.0,"key":"Turnip"},{"floor":20.0,"key":"Red Mask"},{"floor":21.0,"key":"Anchor"},{"floor":23.0,"key":"War Paint"},{"floor":24.0,"key":"Nilry\u0027s Codex"},{"floor":26.0,"key":"Ornamental Fan"},{"floor":27.0,"key":"Pen Nib"},{"floor":29.0,"key":"Smiling Mask"},{"floor":33.0,"key":"Kunai"},{"floor":35.0,"key":"Mercury Hourglass"},{"floor":37,"key":"Bottled Lightning"},{"floor":38,"key":"Oddly Smooth Stone"},{"floor":39,"key":"Bottled Flame"},{"floor":41,"key":"Lantern"},{"floor":43,"key":"Bag of Marbles"},{"floor":44,"key":"Ninja Scroll"},{"floor":46,"key":"Singing Bowl"},{"floor":48,"key":"Toxic Egg 2"}],"event_choices":[{"event_name":"FaceTrader","player_choice":"Trade","floor":2.0,"damage_taken":0.0},{"event_name":"The Cleric","player_choice":"Card Removal","floor":3.0,"damage_taken":0.0},{"event_name":"Golden Wing","player_choice":"Card Removal","floor":13.0,"damage_taken":0.0},{"event_name":"Back to Basics","player_choice":"Elegance","floor":19.0,"damage_taken":0.0},{"event_name":"Masked Bandits","player_choice":"Fought over 352 gold","floor":20.0,"damage_taken":0.0},{"event_name":"Cursed Tome","player_choice":"Obtained Book","floor":24.0,"damage_taken":0.0},{"event_name":"Addict","player_choice":"Obtained Relic","floor":25.0,"damage_taken":0.0},{"event_name":"Tomb of Lord Red Mask","player_choice":"Wore Mask","floor":36.0,"damage_taken":0.0}],"is_beta":false,"boss_relics":[{"not_picked":["HoveringKite","Astrolabe"],"picked":"WristBlade"},{"not_picked":["Lizard Tail","Philosopher\u0027s Stone"],"picked":"Orrery"}],"items_purged_floors":[22,31,47],"is_endless":false,"potions_floor_spawned":[5,6,10,12,18,23,27,33,37,39,48],"ascension_level":0}