{"gold_per_floor":[115,132,9,9,9,9,27,27,27,27,61,85,104,54,54,177,177,191,191,191,101,125,163,163,201,201,0,0,13,33,57,57,57],"floor_reached":33,"playtime":898,"items_purged":[],"score":285,"play_id":"e16a3966-a3ec-4f39-a347-1ec30d4c42e5","local_time":"20181203191012","is_ascension_mode":false,"campfire_choices":[{"data":"Inflame","floor":8,"key":"SMITH"},{"data":"Rage","floor":15,"key":"SMITH"},{"floor":24,"key":"REST"},{"data":"Heavy Blade","floor":28,"key":"SMITH"},{"floor":32,"key":"REST"}],"neow_cost":"TEN_PERCENT_HP_LOSS","seed_source_timestamp":280004305613393,"circlet_count":0,"master_deck":["Strike_R","Strike_R","Strike_R","Defend_R+1","Defend_R+1","Defend_R","Sword Boomerang","Inflame+1","Inflame","Thunderclap","Cleave+1","Rage+1","Twin Strike","Double Tap","Inflame","Armaments","Demon Form","Heavy Blade+1","Shrug It Off","Armaments+1","Flex+1"],"relics":["Burning Blood","Boot","Golden Idol","Pear","Letter Opener","Nunchaku","Runic Cube","War Paint","Enchiridion","Blood Vial","Charon\u0027s Ashes","Self Forming Clay","Happy Flower"],"potions_floor_usage":[7,12,16,25,25,29],"damage_taken":[{"damage":5,"enemies":"Cultist","floor":1,"turns":4},{"damage":0,"enemies":"Small Slimes","floor":2,"turns":4},{"damage":0,"enemies":"2 Louse","floor":7,"turns":1},{"damage":14,"enemies":"Gremlin Nob","floor":11,"turns":3},{"damage":3,"enemies":"Exordium Thugs","floor":12,"turns":2},{"damage":16,"enemies":"Exordium Wildlife","floor":13,"turns":3},{"damage":37,"enemies":"The Guardian","floor":16,"turns":12},{"damage":20,"enemies":"Shell Parasite","floor":18,"turns":4},{"damage":7,"enemies":"Chosen","floor":22,"turns":4},{"damage":14,"enemies":"Gremlin Leader","floor":23,"turns":6},{"damage":57,"enemies":"Book of Stabbing","floor":25,"turns":7},{"damage":5,"enemies":"Sentry and Sphere","floor":29,"turns":4},{"damage":5,"enemies":"Snecko","floor":30,"turns":5},{"damage":10,"enemies":"Shelled Parasite and Fungi","floor":31,"turns":4},{"damage":56,"enemies":"Automaton","floor":33,"turns":6}],"seed_played":"-7639171549661272684","potions_obtained":[{"floor":2,"key":"Explosive Potion"},{"floor":7,"key":"SkillPotion"},{"floor":12,"key":"GamblersBrew"},{"floor":13,"key":"Dexterity Potion"},{"floor":16,"key":"Ancient Potion"},{"floor":22,"key":"Weak Potion"},{"floor":25,"key":"Swift Potion"}],"is_trial":false,"path_per_floor":["M","M","$","?","?","?","M","R","T","T","E","M","M","?","R","B",null,"M","?","?","?","M","E","R","E","T","$","R","M","M","M","R","B"],"character_chosen":"IRONCLAD","items_purchased":["Inflame","Thunderclap","Happy Flower","Shrug It Off"],"campfire_rested":2,"item_purchase_floors":[3,3,27,27],"current_hp_per_floor":[72,72,72,69,51,44,50,50,60,60,52,55,45,45,45,14,82,68,68,52,52,51,43,67,18,18,18,18,21,24,22,46,0],"gold":57,"neow_bonus":"REMOVE_TWO","is_prod":false,"is_daily":false,"chose_seed":false,"campfire_upgraded":3,"win_rate":0,"timestamp":1543860612,"path_taken":["M","M","$","?","?","?","M","R","T","?","E","?","M","?","R","BOSS","M","?","?","?","M","E","R","E","T","$","R","?","M","M","R","BOSS"],"build_version":"2018-11-15","purchased_purges":0,"victory":false,"max_hp_per_floor":[72,72,72,72,72,72,72,72,82,82,82,82,82,82,82,82,82,82,82,82,82,82,82,82,82,82,82,82,82,82,82,82,82],"card_choices":[{"not_picked":["Hemokinesis","Shrug It Off"],"picked":"Sword Boomerang","floor":1},{"not_picked":["Iron Wave","Clash"],"picked":"Inflame","floor":2},{"not_picked":["Wild Strike","Clothesline"],"picked":"Cleave","floor":7},{"not_picked":["Anger","Clothesline","Corruption"],"picked":"SKIP","floor":11},{"not_picked":["Headbutt","Body Slam"],"picked":"Rage","floor":12},{"not_picked":["Pommel Strike","Corruption"],"picked":"Twin Strike","floor":13},{"not_picked":["Brutality","Immolate"],"picked":"Double Tap","floor":16},{"not_picked":["Flex","Entrench"],"picked":"Inflame","floor":18},{"not_picked":["Anger","Uppercut"],"picked":"Armaments","floor":22},{"not_picked":["Searing Blow+1","Sword Boomerang"],"picked":"Demon Form","floor":23},{"not_picked":["Headbutt","Anger+1"],"picked":"Heavy Blade","floor":25},{"not_picked":["Second Wind","Feel No Pain+1"],"picked":"Armaments+1","floor":29},{"not_picked":["Heavy Blade","Sentinel+1"],"picked":"Flex+1","floor":30},{"not_picked":["Havoc+1","True Grit","Pommel Strike"],"picked":"SKIP","floor":31}],"player_experience":174078,"relics_obtained":[{"floor":9,"key":"Pear"},{"floor":10,"key":"Letter Opener"},{"floor":11,"key":"Nunchaku"},{"floor":20,"key":"Enchiridion"},{"floor":23,"key":"Blood Vial"},{"floor":25,"key":"Charon\u0027s Ashes"},{"floor":26,"key":"Self Forming Clay"}],"event_choices":[{"damage_healed":0,"gold_gain":0,"player_choice":"Success","damage_taken":3,"relics_obtained":["Boot"],"max_hp_gain":0,"max_hp_loss":0,"event_name":"Scrap Ooze","floor":4,"gold_loss":0},{"damage_healed":0,"gold_gain":0,"player_choice":"Take Damage","damage_taken":18,"relics_obtained":["Golden Idol"],"max_hp_gain":0,"max_hp_loss":0,"event_name":"Golden Idol","floor":5,"gold_loss":0},{"cards_removed":["Bash"],"damage_healed":0,"gold_gain":0,"player_choice":"Card Removal","damage_taken":7,"max_hp_gain":0,"max_hp_loss":0,"event_name":"Golden Wing","floor":6,"gold_loss":0},{"cards_removed":["Strike_R"],"damage_healed":0,"gold_gain":0,"player_choice":"Card Removal","damage_taken":0,"max_hp_gain":0,"max_hp_loss":0,"event_name":"The Cleric","floor":14,"gold_loss":50},{"damage_healed":0,"gold_gain":0,"player_choice":"Opened","damage_taken":0,"relics_obtained":["War Paint"],"max_hp_gain":0,"max_hp_loss":0,"event_name":"The Mausoleum","floor":19,"gold_loss":0,"cards_obtained":["Writhe"]},{"damage_healed":0,"gold_gain":0,"player_choice":"Obtained Book","damage_taken":16,"max_hp_gain":0,"max_hp_loss":0,"event_name":"Cursed Tome","floor":20,"gold_loss":0},{"cards_removed":["Writhe"],"damage_healed":0,"gold_gain":0,"player_choice":"Upgrade and Remove","damage_taken":0,"max_hp_gain":0,"max_hp_loss":0,"event_name":"Designer","floor":21,"gold_loss":90,"cards_upgraded":["Cleave"]}],"is_beta":false,"boss_relics":[{"not_picked":["Runic Dome","Mark of Pain"],"picked":"Runic Cube"}],"items_purged_floors":[],"is_endless":false,"potions_floor_spawned":[2,7,12,13,16,22,25],"killed_by":"Automaton","ascension_level":0}