{"path_per_floor":["M","M","?","M","$","R","M","R","T","M","?","R","?","E","R","B",null,"M","M","$","?","M","E","$","?","T","?","M","R","M","?","R","B",null,"M","M","?","$","?","E","?","R","T","R","M","$","M","$","R","B"],"character_chosen":"IRONCLAD","items_purchased":["Dead Branch","Corruption","Evolve","Matryoshka","Flash of Steel","Jack Of All Trades","Flash of Steel","Oddly Smooth Stone"],"gold_per_floor":[361,374,374,389,58,58,69,69,95,114,114,114,114,145,145,274,274,298,311,25,25,46,77,77,77,158,158,174,174,199,199,199,323,323,346,369,369,272,272,305,305,305,305,305,319,228,251,4,4,4],"floor_reached":51,"campfire_rested":2,"playtime":2309,"current_hp_per_floor":[44,44,44,50,50,50,53,53,53,58,58,58,58,62,62,35,80,62,59,59,59,65,51,51,51,51,51,50,50,27,27,52,53,86,72,73,73,73,73,73,73,73,73,73,44,44,31,31,56,59],"items_purged":[],"gold":4,"score":967,"play_id":"81e366d5-ec94-43fb-a261-70e8cc55d018","local_time":"20180501115704","is_prod":false,"is_daily":false,"chose_seed":true,"is_ascension_mode":true,"campfire_upgraded":7,"timestamp":1525143424,"path_taken":["M","M","?","M","$","R","M","R","T","M","?","R","?","E","R","BOSS","M","M","$","?","M","E","?","?","T","?","?","R","M","?","R","BOSS","M","M","?","$","?","E","?","R","T","R","M","$","M","$","R","BOSS"],"build_version":"2018-04-28v2","seed_source_timestamp":1163160312640400,"purchased_purges":0,"victory":true,"master_deck":["Strike_R","Strike_R","Strike_R","Defend_R","Defend_R","Defend_R","Defend_R","Bash","Whirlwind","Flex","Wild Strike","Corruption+1","Reckless Charge+1","Havoc","Berserk+1","Injury","Feel No Pain+1","Fiend Fire+1","Battle Trance","Metallicize","Pommel Strike","Sword Boomerang+1","True Grit","Burning Pact","Evolve","Demon Form+1","Havoc+1","True Grit+1","Flex","Barricade+1","Fiend Fire+1","Second Wind+1","Infernal Blade+1","Flash of Steel","Injury","True Grit+1","Jack Of All Trades","Seeing Red+1","Flash of Steel"],"max_hp_per_floor":[80,80,80,80,80,80,80,80,80,80,80,80,80,80,80,80,80,80,80,80,80,80,83,83,83,83,83,83,83,86,86,86,86,86,86,86,86,86,86,86,86,86,86,86,86,86,86,86,86,86],"relics":["Burning Blood","Dead Branch","Anchor","Golden Idol","Art of War","Orrery","Matryoshka","Bottled Flame","Vajra","Question Card","Mark of Pain","Red Skull","Prayer Wheel","Pantograph","Oddly Smooth Stone"],"card_choices":[{"not_picked":["Sword Boomerang","Clash"],"picked":"Whirlwind","floor":1.0},{"not_picked":["Clothesline","Havoc"],"picked":"Flex","floor":2.0},{"not_picked":["Anger","Thunderclap"],"picked":"Wild Strike","floor":4.0},{"not_picked":["Berserk","Iron Wave"],"picked":"Reckless Charge","floor":7.0},{"not_picked":["Rage","Combust"],"picked":"Havoc","floor":10.0},{"not_picked":["Cleave","Flex"],"picked":"Feel No Pain","floor":14.0},{"not_picked":["Dark Embrace","Exhume"],"picked":"Fiend Fire","floor":16.0},{"not_picked":["Havoc","Twin Strike"],"picked":"Body Slam","floor":17.0},{"not_picked":["Twin Strike","Combust"],"picked":"Battle Trance","floor":17.0},{"not_picked":["Second Wind","Heavy Blade"],"picked":"Metallicize","floor":17.0},{"not_picked":["Twin Strike","Wild Strike"],"picked":"Pommel Strike","floor":17.0},{"not_picked":["Fire Breathing","Headbutt"],"picked":"Sword Boomerang","floor":17.0},{"not_picked":["Rage","Thunderclap"],"picked":"True Grit","floor":18.0},{"not_picked":["Pommel Strike","Heavy Blade"],"picked":"Burning Pact","floor":19.0},{"not_picked":["Reckless Charge","Entrench"],"picked":"Demon Form","floor":22.0},{"not_picked":["Body Slam","Berserk"],"picked":"Havoc","floor":23.0},{"not_picked":["Armaments","Twin Strike","Iron Wave"],"picked":"True Grit","floor":28.0},{"not_picked":["Thunderclap","Perfected Strike","Evolve"],"picked":"Flex","floor":30.0},{"not_picked":["Dark Embrace","Limit Break","Impervious"],"picked":"Fiend Fire","floor":33},{"not_picked":["Hemokinesis","Battle Trance","Pommel Strike"],"picked":"Second Wind","floor":35},{"not_picked":["Havoc","Anger","Perfected Strike"],"picked":"Infernal Blade","floor":36},{"not_picked":["Double Tap","Iron Wave","Pommel Strike"],"picked":"True Grit","floor":45},{"not_picked":["Uppercut","Pummel","Clash"],"picked":"Seeing Red","floor":47}],"player_experience":143672,"potions_floor_usage":[50,50],"damage_taken":[{"damage":2.0,"enemies":"2 Louse","floor":1.0,"turns":2.0},{"damage":6.0,"enemies":"Cultist","floor":2.0,"turns":3.0},{"damage":0.0,"enemies":"Small Slimes","floor":4.0,"turns":3.0},{"damage":3.0,"enemies":"Looter","floor":7.0,"turns":3.0},{"damage":1.0,"enemies":"Large Slime","floor":10.0,"turns":4.0},{"damage":2.0,"enemies":"Lagavulin","floor":14.0,"turns":7.0},{"damage":33.0,"enemies":"Hexaghost","floor":16.0,"turns":5.0},{"damage":24.0,"enemies":"Spheric Guardian","floor":18.0,"turns":5.0},{"damage":9.0,"enemies":"3 Byrds","floor":19.0,"turns":8.0},{"damage":0.0,"enemies":"Snecko","floor":22.0,"turns":3.0},{"damage":23.0,"enemies":"Gremlin Leader","floor":23.0,"turns":5.0},{"damage":7.0,"enemies":"Centurion and Healer","floor":28.0,"turns":5.0},{"damage":32.0,"enemies":"Slaver and Parasite","floor":30.0,"turns":5.0},{"damage":5,"enemies":"Collector","floor":33,"turns":5},{"damage":40,"enemies":"3 Darklings","floor":35,"turns":3},{"damage":5,"enemies":"3 Shapes","floor":36,"turns":3},{"damage":6,"enemies":"Giant Head","floor":40,"turns":8},{"damage":35,"enemies":"Maw","floor":45,"turns":6},{"damage":19,"enemies":"4 Shapes","floor":47,"turns":2},{"damage":28,"enemies":"Donu and Deca","floor":50,"turns":4}],"event_choices":[{"event_name":"Purifier","player_choice":"One Purge","floor":3.0,"damage_taken":0.0},{"event_name":"Living Wall","player_choice":"Change","floor":11.0,"damage_taken":0.0},{"event_name":"Golden Idol","player_choice":"Take Wound","floor":13.0,"damage_taken":0.0},{"event_name":"Drug Dealer","player_choice":"Ignored","floor":21.0,"damage_taken":0.0},{"event_name":"Upgrade Shrine","player_choice":"Upgraded","floor":25.0,"damage_taken":0.0},{"event_name":"Vampires","player_choice":"Ignored","floor":27.0,"damage_taken":0.0},{"event_name":"Match and Keep!","player_choice":"1 cards matched","floor":31,"damage_taken":0},{"event_name":"Tomb of Lord Red Mask","player_choice":"Ignored","floor":39,"damage_taken":0},{"event_name":"Accursed Blacksmith","player_choice":"Forge","floor":41,"damage_taken":0}],"boss_relics":[{"not_picked":["Sozu","Eternal Feather"],"picked":"Mark of Pain"}],"potions_floor_spawned":[1,22,35,45,47],"seed_played":"8762657302750960836","ascension_level":4,"is_trial":false}