{"gold_per_floor":[117,117,133,133,133,133,152,196,196,236,411,184,197,132,132,252,252,177,196,3,23,23,23,23],"floor_reached":24,"playtime":1969,"items_purged":["Doubt"],"score":261,"play_id":"83608452-c08c-40b4-8460-44ae4f4dbead","local_time":"20190202035706","is_ascension_mode":true,"campfire_choices":[{"floor":6,"key":"REST"},{"data":"Creative AI","floor":15,"key":"SMITH"},{"floor":23,"key":"REST"}],"neow_cost":"NONE","seed_source_timestamp":1952274533111859,"circlet_count":0,"master_deck":["Strike_B","Strike_B+1","Strike_B","Strike_B","Defend_B","Defend_B","Defend_B","Defend_B","Zap","Dualcast+1","Glacier+1","Cold Snap","Coolheaded","Leap","Redo","Creative AI+1","Sweeping Beam","Machine Learning","Streamline+1","Blizzard","Writhe"],"relics":["Sozu","Golden Idol","Cables","Potion Belt","Lantern","Anchor","Cursed Key","Membership Card","Vajra"],"potions_floor_usage":[],"damage_taken":[{"damage":3,"enemies":"2 Louse","floor":1,"turns":3},{"damage":0,"enemies":"Small Slimes","floor":3,"turns":4},{"damage":0,"enemies":"Cultist","floor":7,"turns":4},{"damage":15,"enemies":"3 Sentries","floor":8,"turns":10},{"damage":0,"enemies":"Lagavulin","floor":10,"turns":9},{"damage":0,"enemies":"Looter","floor":13,"turns":4},{"damage":17,"enemies":"The Guardian","floor":16,"turns":12},{"damage":11,"enemies":"2 Thieves","floor":18,"turns":5},{"damage":11,"enemies":"Spheric Guardian","floor":19,"turns":6},{"damage":35,"enemies":"Cultist and Chosen","floor":21,"turns":9},{"damage":41,"enemies":"Book of Stabbing","floor":24,"turns":4}],"seed_played":"-5519298816060705380","potions_obtained":[],"is_trial":false,"path_per_floor":["M","?","M","?","?","R","M","E","T","E","?","$","M","?","R","B",null,"M","M","$","M","?","R","E"],"character_chosen":"DEFECT","items_purchased":["Creative AI","Membership Card"],"campfire_rested":2,"item_purchase_floors":[12,20],"current_hp_per_floor":[72,72,72,54,39,61,61,46,46,46,46,46,46,46,46,29,75,64,53,53,18,18,40,0],"gold":23,"neow_bonus":"BOSS_RELIC","is_prod":false,"is_daily":false,"chose_seed":false,"campfire_upgraded":1,"win_rate":0,"timestamp":1549097826,"path_taken":["M","?","M","?","?","R","M","E","T","E","?","?","?","?","R","BOSS","M","M","$","M","?","R","E"],"build_version":"2019-01-23","purchased_purges":1,"victory":false,"max_hp_per_floor":[75,75,75,75,75,75,75,75,75,75,75,75,75,75,75,75,75,75,75,75,75,75,75,75],"card_choices":[{"not_picked":["Auto Shields","Defragment"],"picked":"Glacier","floor":1},{"not_picked":["Rebound","Barrage"],"picked":"Cold Snap","floor":3},{"not_picked":["Genetic Algorithm","Auto Shields"],"picked":"Coolheaded","floor":7},{"not_picked":["Hologram","Reprogram"],"picked":"Leap","floor":8},{"not_picked":["Barrage","Turbo"],"picked":"Redo","floor":10},{"not_picked":["Genetic Algorithm","Rebound"],"picked":"Sweeping Beam","floor":13},{"not_picked":["Fission","Core Surge"],"picked":"Machine Learning","floor":16},{"not_picked":["Leap","Turbo","Go for the Eyes"],"picked":"SKIP","floor":18},{"not_picked":["Hologram","Conserve Battery"],"picked":"Streamline+1","floor":19},{"not_picked":["Beam Cell+1","Barrage"],"picked":"Blizzard","floor":21}],"player_experience":132828,"relics_obtained":[{"floor":8,"key":"Cables"},{"floor":9,"key":"Potion Belt"},{"floor":10,"key":"Lantern"}],"event_choices":[{"damage_healed":0,"gold_gain":0,"player_choice":"Grow","damage_taken":0,"max_hp_gain":0,"max_hp_loss":0,"event_name":"Living Wall","floor":2,"gold_loss":0,"cards_upgraded":["Glacier"]},{"damage_healed":0,"gold_gain":0,"player_choice":"Take Damage","damage_taken":18,"relics_obtained":["Golden Idol"],"max_hp_gain":0,"max_hp_loss":0,"event_name":"Golden Idol","floor":4,"gold_loss":0},{"damage_healed":0,"gold_gain":0,"player_choice":"Entered Light","damage_taken":15,"max_hp_gain":0,"max_hp_loss":0,"event_name":"Shining Light","floor":5,"gold_loss":0,"cards_upgraded":["Dualcast","Strike_B"]},{"damage_healed":0,"gold_gain":175,"player_choice":"AGREE","damage_taken":0,"max_hp_gain":0,"max_hp_loss":0,"event_name":"Liars Game","floor":11,"gold_loss":0,"cards_obtained":["Doubt"]},{"damage_healed":0,"gold_gain":0,"player_choice":"Paid Gold","damage_taken":0,"relics_obtained":["Anchor"],"max_hp_gain":0,"max_hp_loss":0,"event_name":"WeMeetAgain","floor":14,"gold_loss":65},{"damage_healed":0,"gold_gain":0,"player_choice":"Opened","damage_taken":0,"relics_obtained":["Vajra"],"max_hp_gain":0,"max_hp_loss":0,"event_name":"The Mausoleum","floor":22,"gold_loss":0,"cards_obtained":["Writhe"]}],"is_beta":false,"boss_relics":[{"not_picked":["Runic Dome","Runic Pyramid"],"picked":"Cursed Key"}],"items_purged_floors":[12],"is_endless":false,"potions_floor_spawned":[1,3,13,16],"killed_by":"Book of Stabbing","ascension_level":3}