{"path_per_floor":["M","M","M","M","M","E","R","E","T","M","$","?","?","?","R","B",null,"M","M","M","$","?","R","$","M","T","?"],"character_chosen":"THE_SILENT","items_purchased":["Panache","Pen Nib","Accuracy","Deflect","Molten Egg 2"],"gold_per_floor":[114,124,138,108,119,154,154,181,481,491,127,202,202,302,302,426,426,440,459,478,377,377,377,128,151,174,174,174],"floor_reached":28,"campfire_rested":3,"playtime":1058,"current_hp_per_floor":[70,70,70,70,67,30,51,47,47,47,47,36,19,19,40,29,70,55,36,2,2,2,12,12,10,10,10,0],"items_purged":[],"gold":174,"score":290,"play_id":"7b6b8f08-0fbb-4961-8233-916e9b5f2083","local_time":"20180406000313","is_prod":false,"is_daily":false,"is_ascension_mode":true,"campfire_upgraded":0,"timestamp":1522940593,"path_taken":["M","M","M","M","M","E","R","E","T","M","$","?","?","?","R","BOSS","M","M","M","$","?","R","$","?","T","?","?"],"build_version":"2018-03-29v2","purchased_purges":1,"victory":false,"master_deck":["Defend_G","Defend_G","Defend_G","Defend_G","Defend_G","Strike_G","Strike_G","Strike_G","Strike_G","Strike_G","Survivor","Neutralize","Venomology","Catalyst","Dagger Throw","Malaise","Deflect","Bouncing Flask","PiercingWail","Noxious Fumes","Dodge and Roll","Panache","Tactician","Slice+1","Backflip","Blade Dance+1","Accuracy","Deflect","Ghostly","Ghostly","Ghostly","Ghostly","Ghostly","Noxious Fumes+1","Burst"],"max_hp_per_floor":[70,70,70,70,70,70,70,70,70,70,70,70,70,70,70,70,70,70,70,70,70,35,35,35,35,35,35,35],"relics":["Ring of the Snake","Ornamental Fan","Bag of Marbles","Old Coin","Pen Nib","Golden Idol","The Specimen","Molten Egg 2","Vajra"],"card_choices":[{"not_picked":["Acrobatics","Calculated Gamble"],"picked":"Catalyst","floor":1},{"not_picked":["Dodge and Roll","Prepared"],"picked":"Dagger Throw","floor":2},{"not_picked":["Slice","Acrobatics"],"picked":"Malaise","floor":3},{"not_picked":["Prepared","Blade Dance"],"picked":"Deflect","floor":4},{"not_picked":["Tools of the Trade","Blade Dance"],"picked":"Bouncing Flask","floor":5},{"not_picked":["Outmaneuver","Masterful Stab"],"picked":"PiercingWail","floor":6},{"not_picked":["Dodge and Roll","Tactician"],"picked":"Noxious Fumes","floor":8},{"not_picked":["Setup","Caltrops"],"picked":"Dodge and Roll","floor":10},{"not_picked":["Phantasmal Killer","Tools of the Trade"],"picked":"Tactician","floor":16},{"not_picked":["PiercingWail","Quick Slash"],"picked":"Slice","floor":18},{"not_picked":["Underhanded Strike","Well Laid Plans"],"picked":"Backflip","floor":19},{"not_picked":["Flying Knee","Leg Sweep"],"picked":"Blade Dance","floor":20},{"not_picked":["Malaise","Quick Slash"],"picked":"Noxious Fumes","floor":25}],"player_experience":115203,"potions_floor_usage":[1,2,3,5,6,8,10,10,16,19,20,25,28],"damage_taken":[{"damage":0,"enemies":"Small Slimes","floor":1,"turns":3},{"damage":0,"enemies":"2 Louse","floor":2,"turns":2},{"damage":0,"enemies":"Jaw Worm","floor":3,"turns":5},{"damage":0,"enemies":"Looter","floor":4,"turns":4},{"damage":3,"enemies":"2 Fungi Beasts","floor":5,"turns":5},{"damage":37,"enemies":"Gremlin Nob","floor":6,"turns":5},{"damage":4,"enemies":"Lagavulin","floor":8,"turns":5},{"damage":9,"enemies":"Red Slaver","floor":10,"turns":3},{"damage":11,"enemies":"Hexaghost","floor":16,"turns":11},{"damage":15,"enemies":"Chosen","floor":18,"turns":5},{"damage":19,"enemies":"2 Thieves","floor":19,"turns":3},{"damage":34,"enemies":"Cultist and Chosen","floor":20,"turns":7},{"damage":2,"enemies":"Centurion and Healer","floor":25,"turns":10},{"damage":10,"enemies":"Snake Plant","floor":28,"turns":3}],"event_choices":[{"event_name":"World of Goop","player_choice":"Gather Gold","floor":12,"damage_taken":0},{"event_name":"Golden Idol","player_choice":"Take Damage","floor":13,"damage_taken":0},{"event_name":"Golden Shrine","player_choice":"Pray","floor":14,"damage_taken":0},{"event_name":"Ghosts","player_choice":"Became a Ghost","floor":22,"damage_taken":0},{"event_name":"The Library","player_choice":"Read","floor":27,"damage_taken":0}],"boss_relics":[{"not_picked":["White Beast Statue","Runic Dome"],"picked":"The Specimen"}],"potions_floor_spawned":[2,3,8,16,19,25],"seed_played":"-4282977454497318014","killed_by":"Snake Plant","ascension_level":1,"is_trial":false}