{"gold_per_floor":[115,190,210,225,225,225,79,79,79,61,61,72,72,72,72,72],"floor_reached":16,"playtime":436,"items_purged":["Strike_B"],"score":153,"play_id":"d865d073-4ced-4496-a469-dbe1574dc203","local_time":"20190520191553","is_ascension_mode":true,"campfire_choices":[{"data":"Fission","floor":6,"key":"SMITH"},{"data":"Go for the Eyes","floor":8,"key":"SMITH"},{"floor":13,"key":"REST"},{"data":"Zap","floor":15,"key":"SMITH"}],"neow_cost":"NONE","seed_source_timestamp":43704640412674,"circlet_count":0,"master_deck":["AscendersBane","Strike_B","Strike_B","Strike_B","Defend_B","Defend_B","Defend_B","Defend_B","Zap+1","Dualcast","Go for the Eyes+1","Fission+1","Leap","Defragment"],"relics":["Cracked Core","NeowsBlessing","Meat on the Bone","Ancient Tea Set","Unceasing Top"],"potions_floor_usage":[16],"damage_taken":[{"damage":0,"enemies":"Small Slimes","floor":1,"turns":1},{"damage":0,"enemies":"Jaw Worm","floor":3,"turns":1},{"damage":0,"enemies":"2 Louse","floor":4,"turns":1},{"damage":19,"enemies":"Exordium Thugs","floor":10,"turns":4},{"damage":0,"enemies":"Exordium Wildlife","floor":12,"turns":4},{"damage":73,"enemies":"Hexaghost","floor":16,"turns":14}],"seed_played":"-8234946264359608695","potions_obtained":[{"floor":4,"key":"GamblersBrew"}],"is_trial":false,"path_per_floor":["M","?","M","M","?","R","$","R","T","M","?","M","R","T","R","B"],"character_chosen":"DEFECT","items_purchased":["Defragment"],"campfire_rested":1,"item_purchase_floors":[7],"current_hp_per_floor":[64,53,53,53,53,53,53,53,53,46,46,46,67,67,67,0],"gold":72,"neow_bonus":"THREE_ENEMY_KILL","is_prod":false,"is_daily":false,"chose_seed":false,"campfire_upgraded":3,"win_rate":0,"timestamp":1558404953,"path_taken":["M","?","M","M","?","R","$","R","T","M","?","?","R","?","R","BOSS"],"build_version":"2019-01-23","purchased_purges":1,"victory":false,"max_hp_per_floor":[71,71,71,71,71,71,71,71,71,71,71,71,71,71,71,71],"card_choices":[{"not_picked":["Conserve Battery","Sweeping Beam"],"picked":"Go for the Eyes","floor":1},{"not_picked":["Steam","Consume"],"picked":"Fission","floor":3},{"not_picked":["Turbo","Recycle"],"picked":"Leap","floor":4},{"not_picked":["Hologram","Ball Lightning","Heatsinks"],"picked":"SKIP","floor":10},{"not_picked":["Steam","Barrage","Storm"],"picked":"SKIP","floor":12}],"player_experience":646099,"relics_obtained":[{"floor":9,"key":"Meat on the Bone"},{"floor":11,"key":"Ancient Tea Set"},{"floor":14,"key":"Unceasing Top"}],"event_choices":[{"damage_healed":0,"gold_gain":75,"player_choice":"Gather Gold","damage_taken":11,"max_hp_gain":0,"max_hp_loss":0,"event_name":"World of Goop","floor":2,"gold_loss":0},{"damage_healed":0,"gold_gain":0,"player_choice":"Ignored","damage_taken":0,"max_hp_gain":0,"max_hp_loss":0,"event_name":"Liars Game","floor":5,"gold_loss":0},{"damage_healed":0,"gold_gain":0,"player_choice":"Relic","damage_taken":0,"max_hp_gain":0,"max_hp_loss":0,"event_name":"Wheel of Change","floor":11,"gold_loss":0}],"is_beta":false,"boss_relics":[],"items_purged_floors":[7],"is_endless":false,"potions_floor_spawned":[4],"killed_by":"Hexaghost","ascension_level":14}