{"gold_per_floor":[213,232,0,150,50,50,64,394,394,394,469,496,496,507,507,507],"floor_reached":16,"playtime":496,"items_purged":["Doubt"],"score":216,"play_id":"e95a4a6a-29ea-4cb1-b23b-82c5d16bb177","local_time":"20190603114951","is_ascension_mode":true,"campfire_choices":[{"data":"Bash","floor":6,"key":"SMITH"},{"data":"Corruption","floor":10,"key":"SMITH"},{"data":"Spot Weakness","floor":15,"key":"SMITH"}],"neow_cost":"NONE","seed_source_timestamp":232314185399106,"circlet_count":0,"master_deck":["AscendersBane","Strike_R","Strike_R","Strike_R","Strike_R","Defend_R","Defend_R","Defend_R","Defend_R","Bash+1","Iron Wave","Shrug It Off","Immolate","Corruption+1","Armaments","Battle Trance","Flame Barrier","Spot Weakness+1","Havoc"],"relics":["Burning Blood","Old Coin","Ginger","Question Card"],"potions_floor_usage":[8,12,12,16],"damage_taken":[{"damage":6,"enemies":"Cultist","floor":1,"turns":3},{"damage":9,"enemies":"Small Slimes","floor":2,"turns":7},{"damage":2,"enemies":"Jaw Worm","floor":7,"turns":4},{"damage":21,"enemies":"Gremlin Nob","floor":8,"turns":4},{"damage":13,"enemies":"3 Sentries","floor":12,"turns":5},{"damage":0,"enemies":"Looter","floor":14,"turns":3},{"damage":45,"enemies":"Hexaghost","floor":16,"turns":7}],"seed_played":"1151773032835689461","potions_obtained":[{"floor":1,"key":"SkillPotion"},{"floor":2,"key":"EntropicBrew"},{"floor":12,"key":"LiquidBronze"}],"is_trial":false,"path_per_floor":["M","M","$","?","$","R","M","E","T","R","?","E","?","M","R","B"],"character_chosen":"IRONCLAD","items_purchased":["Immolate","Corruption","Armaments"],"campfire_rested":0,"item_purchase_floors":[3,3,5],"current_hp_per_floor":[68,65,65,65,65,65,69,54,54,54,43,36,36,42,42,0],"gold":507,"neow_bonus":"HUNDRED_GOLD","is_prod":false,"is_daily":false,"chose_seed":false,"campfire_upgraded":3,"win_rate":0,"timestamp":1559537391,"path_taken":["M","M","?","?","$","R","M","E","T","R","?","E","?","M","R","BOSS"],"build_version":"2019-01-23","purchased_purges":1,"victory":false,"max_hp_per_floor":[75,75,75,75,75,75,75,75,75,75,75,75,75,75,75,75],"card_choices":[{"not_picked":["Combust","Cleave"],"picked":"Iron Wave","floor":1},{"not_picked":["Ghostly Armor","Body Slam"],"picked":"Shrug It Off","floor":2},{"not_picked":["Feel No Pain","Ghostly Armor"],"picked":"Battle Trance","floor":7},{"not_picked":["Anger","Clothesline"],"picked":"Flame Barrier","floor":8},{"not_picked":["Bloodletting","Clash"],"picked":"Spot Weakness","floor":12},{"not_picked":["Warcry","Iron Wave","Sentinel"],"picked":"Havoc","floor":14}],"player_experience":540340,"relics_obtained":[{"floor":8,"key":"Old Coin"},{"floor":9,"key":"Ginger"},{"floor":12,"key":"Question Card"}],"event_choices":[{"damage_healed":0,"gold_gain":150,"player_choice":"AGREE","damage_taken":0,"max_hp_gain":0,"max_hp_loss":0,"event_name":"Liars Game","floor":4,"gold_loss":0,"cards_obtained":["Doubt"]},{"damage_healed":0,"gold_gain":75,"player_choice":"Gather Gold","damage_taken":11,"max_hp_gain":0,"max_hp_loss":0,"event_name":"World of Goop","floor":11,"gold_loss":0},{"cards_removed":["Strike_R"],"damage_healed":0,"gold_gain":0,"player_choice":"Forget","damage_taken":0,"max_hp_gain":0,"max_hp_loss":0,"event_name":"Living Wall","floor":13,"gold_loss":0}],"is_beta":false,"boss_relics":[],"items_purged_floors":[5],"is_endless":false,"potions_floor_spawned":[1,2,12],"killed_by":"Hexaghost","ascension_level":20}