{"gold_per_floor":[119,4,15,25,38,38,63,63,142,161,161,177,212,49,49,49],"floor_reached":16,"playtime":484,"items_purged":["Strike_R"],"score":218,"play_id":"4b772ec4-f097-49d8-bab7-019cf5179f0f","local_time":"20190424114125","is_ascension_mode":true,"campfire_choices":[{"data":"Bash","floor":6.0,"key":"SMITH"},{"data":"Body Slam","floor":11,"key":"SMITH"},{"data":"True Grit","floor":15,"key":"SMITH"}],"neow_cost":"NONE","seed_source_timestamp":129730387632621,"circlet_count":0,"master_deck":["AscendersBane","Strike_R","Strike_R","Strike_R","Defend_R","Defend_R","Defend_R","Defend_R","Bash+1","Carnage","Whirlwind","Armaments","True Grit+1","Body Slam+1","Shrug It Off","Iron Wave","Disarm","Spot Weakness"],"special_seed":0,"relics":["Burning Blood","NeowsBlessing","Pocketwatch","Frozen Egg 2","Dream Catcher"],"potions_floor_usage":[7,16,16],"damage_taken":[{"damage":0.0,"enemies":"Small Slimes","floor":1.0,"turns":1.0},{"damage":0.0,"enemies":"Cultist","floor":3.0,"turns":1.0},{"damage":0.0,"enemies":"Jaw Worm","floor":4.0,"turns":1.0},{"damage":7.0,"enemies":"Looter","floor":5.0,"turns":4.0},{"damage":24,"enemies":"Lagavulin","floor":7,"turns":6},{"damage":3,"enemies":"Blue Slaver","floor":10,"turns":5},{"damage":20,"enemies":"Lots of Slimes","floor":12,"turns":5},{"damage":24,"enemies":"Gremlin Nob","floor":13,"turns":4},{"damage":36,"enemies":"Slime Boss","floor":16,"turns":6}],"seed_played":"-1225994675417489285","potions_obtained":[{"floor":1.0,"key":"PowerPotion"},{"floor":3.0,"key":"Strength Potion"},{"floor":13,"key":"BloodPotion"}],"is_trial":false,"path_per_floor":["M","$","M","M","M","R","E","?","T","M","R","M","E","$","R","B"],"character_chosen":"IRONCLAD","items_purchased":["Whirlwind","Armaments","Spot Weakness"],"campfire_rested":0,"item_purchase_floors":[2,2,14],"current_hp_per_floor":[74,74,75,75,74,74,56,56,56,59,59,45,27,27,27,0],"gold":49,"neow_bonus":"THREE_ENEMY_KILL","is_prod":false,"is_daily":false,"chose_seed":false,"campfire_upgraded":3,"win_rate":0,"timestamp":1556080885,"path_taken":["M","$","M","M","M","R","E","?","T","M","R","M","E","$","R","BOSS"],"build_version":"2019-01-23","purchased_purges":1,"victory":false,"max_hp_per_floor":[75,75,75,75,75,75,75,75,75,75,75,75,75,75,75,75],"card_choices":[{"not_picked":["Havoc","Shrug It Off"],"picked":"Carnage","floor":1.0},{"not_picked":["Clash","Dropkick"],"picked":"True Grit","floor":3.0},{"not_picked":["Cleave","Brutality"],"picked":"Body Slam","floor":4.0},{"not_picked":["Twin Strike","Armaments"],"picked":"Shrug It Off","floor":5.0},{"not_picked":["Blood for Blood","Clash","Thunderclap"],"picked":"SKIP","floor":7},{"not_picked":["Cleave","Twin Strike"],"picked":"Iron Wave","floor":10},{"not_picked":["Clothesline","Reckless Charge"],"picked":"Disarm","floor":12},{"not_picked":["Hemokinesis","Cleave","Rupture+1"],"picked":"SKIP","floor":13}],"player_experience":433371,"relics_obtained":[{"floor":7,"key":"Pocketwatch"},{"floor":9,"key":"Frozen Egg 2"},{"floor":13,"key":"Dream Catcher"}],"event_choices":[{"cards_removed":["Strike_R"],"damage_healed":0,"gold_gain":0,"player_choice":"Card Removal","damage_taken":0,"max_hp_gain":0,"max_hp_loss":0,"event_name":"Wheel of Change","floor":8,"gold_loss":0}],"is_beta":false,"boss_relics":[],"items_purged_floors":[14],"is_endless":false,"potions_floor_spawned":[1,3,13],"killed_by":"Slime Boss","ascension_level":19}