{"gold_per_floor":[119,132,144,154,167,167,198,198,198,213,233,233],"floor_reached":12,"playtime":670,"items_purged":[],"score":84,"play_id":"363febf2-b599-4676-a770-64b46f3b0e04","local_time":"20180624104424","is_ascension_mode":false,"campfire_choices":[{"floor":6,"key":"REST"}],"neow_cost":"TEN_PERCENT_HP_LOSS","seed_source_timestamp":165318299572424,"circlet_count":0,"master_deck":["Strike_B","Strike_B","Strike_B","Strike_B","Defend_B","Defend_B","Defend_B","Defend_B","Zap","Dualcast","Loop","Redo","Ball Lightning","Static Discharge","Streamline","Regret","Lockon","Hologram"],"relics":["Cracked Core","Ginger","Bird Faced Urn","Bag of Marbles","Boot"],"potions_floor_usage":[7,11],"damage_taken":[{"damage":1,"enemies":"Cultist","floor":1,"turns":3},{"damage":1,"enemies":"Jaw Worm","floor":2,"turns":3},{"damage":3,"enemies":"Small Slimes","floor":3,"turns":2},{"damage":27,"enemies":"Exordium Thugs","floor":4,"turns":4},{"damage":19,"enemies":"Blue Slaver","floor":5,"turns":3},{"damage":21,"enemies":"Lagavulin","floor":7,"turns":4},{"damage":4,"enemies":"Large Slime","floor":10,"turns":5},{"damage":13,"enemies":"Looter","floor":11,"turns":2},{"damage":7,"enemies":"Gremlin Gang","floor":12,"turns":2}],"seed_played":"9085841034710962600","potions_obtained":[{"floor":1,"key":"FocusPotion"},{"floor":2,"key":"Dexterity Potion"}],"is_trial":false,"path_per_floor":["M","M","M","M","M","R","E","?","T","M","M"],"character_chosen":"DEFECT","items_purchased":[],"campfire_rested":1,"item_purchase_floors":[],"current_hp_per_floor":[67,66,63,36,17,37,16,16,16,16,3,0],"gold":233,"neow_bonus":"ONE_RARE_RELIC","is_prod":false,"is_daily":false,"chose_seed":false,"campfire_upgraded":0,"win_rate":0.0,"timestamp":1529829864,"path_taken":["M","M","M","M","?","R","E","?","T","M","M","M"],"build_version":"2018-06-21v2","purchased_purges":0,"victory":false,"max_hp_per_floor":[68,68,68,68,68,68,68,68,68,68,68,68],"card_choices":[{"not_picked":["Go for the Eyes","Steam"],"picked":"Loop","floor":1},{"not_picked":["Sweeping Beam","Go for the Eyes"],"picked":"Redo","floor":2},{"not_picked":["Genetic Algorithm","Leap"],"picked":"Ball Lightning","floor":3},{"not_picked":["Genetic Algorithm","Storm"],"picked":"Static Discharge","floor":4},{"not_picked":["Consume","Coolheaded"],"picked":"Streamline","floor":5},{"not_picked":["Reboot","Reprogram","Scrape"],"picked":"SKIP","floor":7},{"not_picked":["Coolheaded","Cold Snap"],"picked":"Lockon","floor":10},{"not_picked":["Barrage","Redo"],"picked":"Hologram","floor":11}],"player_experience":38001,"relics_obtained":[{"floor":7,"key":"Bird Faced Urn"},{"floor":9,"key":"Boot"}],"event_choices":[{"event_name":"Big Fish","player_choice":"Box","floor":8,"damage_taken":0}],"boss_relics":[],"items_purged_floors":[],"is_endless":false,"potions_floor_spawned":[1,2],"killed_by":"Gremlin Gang","ascension_level":0}