{"gold_per_floor":[111,123,137,155,171,171,185,185,208,236,255,255,310,275,275,376,376,393,393,33,33,46,46,73,73,73,103,103,123,123,29,29,129,129,140,152,172,17,17],"floor_reached":39,"playtime":2417,"items_purged":[],"score":614,"play_id":"7542f177-d0e4-4523-b940-1dd2481be7e9","local_time":"20190602235812","is_ascension_mode":true,"campfire_choices":[{"data":"Defragment","floor":6.0,"key":"SMITH"},{"data":"Conserve Battery","floor":8.0,"key":"SMITH"},{"floor":12.0,"key":"REST"},{"floor":15.0,"key":"REST"},{"data":"Chill","floor":23.0,"key":"SMITH"},{"data":"Capacitor","floor":25.0,"key":"SMITH"},{"floor":30.0,"key":"REST"},{"data":"Auto Shields","floor":32.0,"key":"SMITH"}],"neow_cost":"NONE","seed_source_timestamp":60017468474200,"circlet_count":0,"master_deck":["Strike_B","Strike_B","Strike_B","Strike_B","Defend_B","Defend_B","Defend_B","Zap","Dualcast","Redo","Hologram","FTL","Ball Lightning","Conserve Battery+1","Defragment+1","Leap","Sunder","Core Surge","Core Surge","Go for the Eyes+1","Capacitor+1","Chill+1","Cold Snap","Gash+1","Turbo+1","Sweeping Beam","Cold Snap","Auto Shields+1","Hologram+1","Barrage+1","Coolheaded","Undo+1","Stack","Gash+1","Storm+1","Conserve Battery+1"],"special_seed":0,"relics":["Cracked Core","Oddly Smooth Stone","Darkstone Periapt","Lizard Tail","ClockworkSouvenir","DataDisk","Letter Opener","Strawberry","Orrery","Pen Nib"],"potions_floor_usage":[37],"damage_taken":[{"damage":0.0,"enemies":"2 Louse","floor":1.0,"turns":3.0},{"damage":1.0,"enemies":"Cultist","floor":2.0,"turns":3.0},{"damage":0.0,"enemies":"Small Slimes","floor":3.0,"turns":3.0},{"damage":15.0,"enemies":"2 Fungi Beasts","floor":4.0,"turns":3.0},{"damage":18.0,"enemies":"Exordium Wildlife","floor":5.0,"turns":3.0},{"damage":7.0,"enemies":"Red Slaver","floor":7.0,"turns":2.0},{"damage":14.0,"enemies":"Gremlin Nob","floor":10.0,"turns":5.0},{"damage":0.0,"enemies":"Exordium Thugs","floor":11.0,"turns":4.0},{"damage":13.0,"enemies":"The Guardian","floor":16.0,"turns":13.0},{"damage":15.0,"enemies":"Shell Parasite","floor":18.0,"turns":11.0},{"damage":14.0,"enemies":"3 Byrds","floor":22.0,"turns":7.0},{"damage":3.0,"enemies":"Slavers","floor":24.0,"turns":9.0},{"damage":32.0,"enemies":"Book of Stabbing","floor":27.0,"turns":7.0},{"damage":2.0,"enemies":"Cultist and Chosen","floor":29.0,"turns":6.0},{"damage":104.0,"enemies":"Champ","floor":33.0,"turns":23.0},{"damage":24.0,"enemies":"3 Darklings","floor":35.0,"turns":9.0},{"damage":0.0,"enemies":"Orb Walker","floor":36.0,"turns":4.0},{"damage":22,"enemies":"3 Darklings","floor":37,"turns":6},{"damage":38,"enemies":"Transient","floor":39,"turns":3}],"seed_played":"8587014068500468880","potions_obtained":[{"floor":3.0,"key":"FocusPotion"},{"floor":5.0,"key":"Block Potion"},{"floor":10.0,"key":"SkillPotion"},{"floor":16.0,"key":"Explosive Potion"},{"floor":18.0,"key":"AttackPotion"},{"floor":24.0,"key":"SkillPotion"},{"floor":33.0,"key":"LiquidBronze"},{"floor":36.0,"key":"Ancient Potion"}],"is_trial":false,"path_per_floor":["M","M","M","M","M","R","M","R","T","E","M","R","?","?","R","B",null,"M","?","$","?","M","R","E","R","T","E","?","M","R","$","R","B",null,"M","M","M","$","M"],"character_chosen":"DEFECT","items_purchased":["ClockworkSouvenir","Capacitor","Chill","Cold Snap","Auto Shields","Pen Nib"],"campfire_rested":3,"item_purchase_floors":[20,20,20,31,31,38],"current_hp_per_floor":[68,67,67,52,34,34,27,27,27,13,13,35,35,53,75,62,72,57,57,57,57,43,43,40,40,40,15,42,40,64,64,64,32,70,46,46,24,24,0],"gold":17,"neow_bonus":"THREE_CARDS","is_prod":false,"is_daily":false,"chose_seed":false,"campfire_upgraded":5,"win_rate":0,"timestamp":1559545092,"path_taken":["M","M","M","M","M","R","M","R","T","E","M","R","?","?","R","BOSS","M","?","?","?","M","R","E","R","T","E","?","M","R","$","R","BOSS","M","M","M","$","M"],"build_version":"2019-01-23","purchased_purges":0,"victory":false,"max_hp_per_floor":[75,75,75,75,75,75,75,75,75,75,75,75,75,75,75,75,75,75,75,75,75,75,75,75,75,75,82,82,82,82,82,82,82,82,82,82,82,82,82],"card_choices":[{"not_picked":["Go for the Eyes","Skim"],"picked":"Redo","floor":0.0},{"not_picked":["Leap","Double Energy"],"picked":"Hologram","floor":1.0},{"not_picked":["Hologram","Rebound"],"picked":"FTL","floor":2.0},{"not_picked":["Hologram","Beam Cell"],"picked":"Ball Lightning","floor":3.0},{"not_picked":["Streamline","Redo"],"picked":"Conserve Battery","floor":4.0},{"not_picked":["Compile Driver","Auto Shields"],"picked":"Defragment","floor":5.0},{"not_picked":["Undo","Barrage"],"picked":"Leap","floor":7.0},{"not_picked":["Stack","Reprogram"],"picked":"Sunder","floor":10.0},{"not_picked":["Beam Cell","Tempest"],"picked":"Core Surge","floor":11.0},{"not_picked":["Multi-Cast","Hyperbeam"],"picked":"Core Surge","floor":16.0},{"not_picked":["Streamline","Steam+1"],"picked":"Go for the Eyes+1","floor":18.0},{"not_picked":["Heatsinks","Leap"],"picked":"Cold Snap","floor":22.0},{"not_picked":["Rebound+1","Beam Cell+1"],"picked":"Gash+1","floor":24.0},{"not_picked":["Creative AI","Steam+1"],"picked":"Turbo+1","floor":27.0},{"not_picked":["Conserve Battery","Storm+1"],"picked":"Sweeping Beam","floor":29.0},{"not_picked":["Fusion","Lockon"],"picked":"Hologram+1","floor":34.0},{"not_picked":["Gash","Chaos"],"picked":"Barrage+1","floor":34.0},{"not_picked":["Fusion","Undo"],"picked":"Coolheaded","floor":34.0},{"not_picked":["Beam Cell","Capacitor"],"picked":"Undo+1","floor":34.0},{"not_picked":["Steam+1","Rebound"],"picked":"Stack","floor":34.0},{"not_picked":["Echo Form","Auto Shields"],"picked":"Gash+1","floor":35.0},{"not_picked":["Turbo","Sweeping Beam"],"picked":"Storm+1","floor":36.0},{"not_picked":["Rebound+1","Go for the Eyes+1"],"picked":"Conserve Battery+1","floor":37}],"player_experience":214704,"relics_obtained":[{"floor":9.0,"key":"Oddly Smooth Stone"},{"floor":10.0,"key":"Darkstone Periapt"},{"floor":24.0,"key":"DataDisk"},{"floor":26.0,"key":"Letter Opener"},{"floor":27.0,"key":"Strawberry"}],"event_choices":[{"damage_healed":0.0,"max_hp_gain":0.0,"max_hp_loss":0.0,"gold_gain":55.0,"event_name":"Golden Wing","player_choice":"Gained Gold","floor":13.0,"gold_loss":0.0,"damage_taken":0.0},{"damage_healed":18.0,"max_hp_gain":0.0,"max_hp_loss":0.0,"gold_gain":0.0,"event_name":"The Cleric","player_choice":"Healed","floor":14.0,"gold_loss":35.0,"damage_taken":0.0},{"cards_removed":["Defend_B"],"damage_healed":0.0,"max_hp_gain":0.0,"max_hp_loss":0.0,"gold_gain":0.0,"event_name":"Purifier","player_choice":"Purged","floor":19.0,"gold_loss":0.0,"damage_taken":0.0},{"damage_healed":0.0,"max_hp_gain":0.0,"max_hp_loss":0.0,"gold_gain":0.0,"event_name":"Vampires","player_choice":"Ignored","floor":21.0,"gold_loss":0.0,"damage_taken":0.0},{"damage_healed":27.0,"max_hp_gain":0.0,"max_hp_loss":0.0,"gold_gain":0.0,"event_name":"The Library","player_choice":"Heal","floor":28.0,"gold_loss":0.0,"damage_taken":0.0}],"is_beta":false,"boss_relics":[{"not_picked":["Empty Cage","Snecko Eye"],"picked":"Lizard Tail"},{"not_picked":["Philosopher\u0027s Stone","Velvet Choker"],"picked":"Orrery"}],"items_purged_floors":[],"is_endless":false,"potions_floor_spawned":[3,5,10,16,18,24,33,36],"killed_by":"Transient","ascension_level":8}