{"gold_per_floor":[115,115,115,115,132,132,182,209,209,228,244,259,209,228,228,300,300,300],"floor_reached":18,"playtime":851,"items_purged":[],"score":300,"play_id":"325e4d64-9934-4fa3-a937-ed00aa9c5822","local_time":"20190605061305","is_ascension_mode":true,"campfire_choices":[{"data":"Footwork","floor":6,"key":"SMITH"},{"floor":15,"key":"REST"}],"neow_cost":"NONE","seed_source_timestamp":287306000631612,"circlet_count":0,"master_deck":["AscendersBane","Defend_G","Defend_G+1","Defend_G+1","Defend_G","Defend_G","Strike_G","Strike_G","Strike_G","Strike_G","Strike_G","Survivor","Neutralize","Footwork+1","Backflip","Accuracy","Dodge and Roll","Dagger Spray","Leg Sweep","Burst"],"relics":["Ring of the Serpent","Vajra","Orichalcum","Mummified Hand"],"potions_floor_usage":[8,12,16,16,18],"damage_taken":[{"damage":0,"enemies":"Cultist","floor":1,"turns":4},{"damage":0,"enemies":"2 Louse","floor":5,"turns":4},{"damage":14,"enemies":"3 Sentries","floor":8,"turns":11},{"damage":0,"enemies":"Small Slimes","floor":10,"turns":4},{"damage":0,"enemies":"3 Louse","floor":11,"turns":5},{"damage":7,"enemies":"Gremlin Gang","floor":12,"turns":5},{"damage":4,"enemies":"2 Fungi Beasts","floor":14,"turns":4},{"damage":23,"enemies":"Slime Boss","floor":16,"turns":19},{"damage":63,"enemies":"Chosen","floor":18,"turns":11}],"seed_played":"-1062602036250364110","potions_obtained":[{"floor":1,"key":"AttackPotion"},{"floor":10,"key":"GhostInAJar"},{"floor":11,"key":"SkillPotion"},{"floor":14,"key":"SteroidPotion"},{"floor":16,"key":"SteroidPotion"}],"is_trial":false,"path_per_floor":["M","?","?","?","M","R","?","E","T","M","M","M","?","M","R","B",null,"M"],"character_chosen":"THE_SILENT","items_purchased":[],"campfire_rested":1,"item_purchase_floors":[],"current_hp_per_floor":[59,64,43,43,43,43,43,29,29,29,29,22,22,18,39,16,57,0],"gold":300,"neow_bonus":"RANDOM_COMMON_RELIC","is_prod":false,"is_daily":false,"chose_seed":false,"campfire_upgraded":1,"win_rate":0,"timestamp":1559686385,"path_taken":["M","?","?","?","M","R","?","E","T","M","?","M","?","M","R","BOSS","M"],"build_version":"2019-01-23","purchased_purges":0,"victory":false,"max_hp_per_floor":[66,71,71,71,71,71,71,71,71,71,71,71,71,71,71,71,71,71],"card_choices":[{"not_picked":["Choke","Bane"],"picked":"Footwork","floor":1},{"not_picked":["Distraction","Deflect"],"picked":"Backflip","floor":5},{"not_picked":["Masterful Stab","Tactician"],"picked":"Accuracy","floor":8},{"not_picked":["Distraction","Outmaneuver"],"picked":"Dodge and Roll","floor":10},{"not_picked":["Poisoned Stab","Deflect","Flying Knee"],"picked":"SKIP","floor":11},{"not_picked":["Prepared","Dodge and Roll"],"picked":"Dagger Spray","floor":12},{"not_picked":["Sucker Punch","Bane"],"picked":"Leg Sweep","floor":14},{"not_picked":["A Thousand Cuts","Phantasmal Killer"],"picked":"Burst","floor":16}],"player_experience":628752,"relics_obtained":[{"floor":8,"key":"Orichalcum"},{"floor":9,"key":"Mummified Hand"}],"event_choices":[{"damage_healed":0,"gold_gain":0,"player_choice":"Donut","damage_taken":0,"max_hp_gain":5,"max_hp_loss":0,"event_name":"Big Fish","floor":2,"gold_loss":0},{"damage_healed":0,"gold_gain":0,"player_choice":"Entered Light","damage_taken":21,"max_hp_gain":0,"max_hp_loss":0,"event_name":"Shining Light","floor":3,"gold_loss":0,"cards_upgraded":["Defend_G","Defend_G"]},{"damage_healed":0,"gold_gain":0,"player_choice":"Ignored","damage_taken":0,"max_hp_gain":0,"max_hp_loss":0,"event_name":"Liars Game","floor":4,"gold_loss":0},{"damage_healed":0,"gold_gain":50,"player_choice":"Pray","damage_taken":0,"max_hp_gain":0,"max_hp_loss":0,"event_name":"Golden Shrine","floor":7,"gold_loss":0},{"damage_healed":0,"gold_gain":0,"player_choice":"Left Gold","damage_taken":0,"max_hp_gain":0,"max_hp_loss":0,"event_name":"World of Goop","floor":13,"gold_loss":50}],"is_beta":false,"boss_relics":[{"not_picked":["Busted Crown","Lizard Tail"],"picked":"Ring of the Serpent"}],"items_purged_floors":[],"is_endless":false,"potions_floor_spawned":[1,10,11,14,16],"killed_by":"Chosen","ascension_level":17}