{"gold_per_floor":[113,113,127,127,140,140,169,134,134,169,169,169,5,20,20,124,124,135,135,153,173,123,151,151,151],"floor_reached":25,"playtime":1472,"items_purged":["Strike_B"],"score":377,"play_id":"8c6af37c-0b7a-4ea2-9704-c4d495bad605","local_time":"20190325031751","is_ascension_mode":true,"campfire_choices":[{"data":"Zap","floor":6,"key":"SMITH"},{"data":"1","floor":12,"key":"LIFT"},{"data":"2","floor":15,"key":"LIFT"},{"floor":24,"key":"REST"}],"neow_cost":"NONE","seed_source_timestamp":185032039585825,"circlet_count":0,"master_deck":["Strike_B","Defend_B","Defend_B","Defend_B","Defend_B","Zap+1","Dualcast","Buffer","Sweeping Beam","Gash","Gash","Heatsinks","FTL","Leap","Ball Lightning","Biased Cognition","Sweeping Beam","Writhe","Storm","Scrape"],"relics":["Cracked Core","Ginger","Nunchaku","Girya","Shovel","Velvet Choker","Orichalcum","Toxic Egg 2"],"potions_floor_usage":[23],"damage_taken":[{"damage":0,"enemies":"2 Louse","floor":1,"turns":2},{"damage":4,"enemies":"Jaw Worm","floor":3,"turns":3},{"damage":0,"enemies":"Small Slimes","floor":5,"turns":3},{"damage":21,"enemies":"Gremlin Nob","floor":7,"turns":5},{"damage":15,"enemies":"Lagavulin","floor":10,"turns":6},{"damage":0,"enemies":"Exordium Thugs","floor":14,"turns":4},{"damage":0,"enemies":"Slime Boss","floor":16,"turns":7},{"damage":0,"enemies":"Shell Parasite","floor":18,"turns":4},{"damage":0,"enemies":"Chosen","floor":20,"turns":4},{"damage":35,"enemies":"Snake Plant","floor":21,"turns":4},{"damage":25,"enemies":"Gremlin Leader","floor":23,"turns":5},{"damage":36,"enemies":"Slavers","floor":25,"turns":2}],"seed_played":"-5583555486445643153","potions_obtained":[{"floor":5,"key":"Ancient Potion"},{"floor":14,"key":"FairyPotion"},{"floor":16,"key":"Strength Potion"},{"floor":20,"key":"FocusPotion"}],"is_trial":false,"path_per_floor":["M","?","M","?","M","R","E","?","T","E","?","R","$","M","R","B",null,"M","?","M","M","?","E","R","E"],"character_chosen":"DEFECT","items_purchased":["FTL","Leap"],"campfire_rested":1,"item_purchase_floors":[13,13],"current_hp_per_floor":[68,61,57,50,50,50,29,47,47,32,32,32,32,32,32,32,64,64,64,64,29,29,4,26,0],"gold":151,"neow_bonus":"ONE_RANDOM_RARE_CARD","is_prod":false,"is_daily":false,"chose_seed":false,"campfire_upgraded":1,"win_rate":0,"timestamp":1553498271,"path_taken":["M","?","M","?","M","R","E","?","T","E","?","R","$","M","R","BOSS","M","?","M","M","?","E","R","E"],"build_version":"2019-01-23","purchased_purges":1,"victory":false,"max_hp_per_floor":[75,75,75,75,75,75,75,75,75,75,75,75,75,75,75,75,75,75,75,75,75,75,75,75,75],"card_choices":[{"not_picked":["Rip and Tear","Redo"],"picked":"Sweeping Beam","floor":1},{"not_picked":["Redo","Stack"],"picked":"Gash","floor":3},{"not_picked":["Redo","BootSequence"],"picked":"Gash","floor":5},{"not_picked":["Loop","Fusion","Aggregate"],"picked":"SKIP","floor":7},{"not_picked":["Capacitor","Turbo"],"picked":"Heatsinks","floor":10},{"not_picked":["Sunder","Leap"],"picked":"Ball Lightning","floor":14},{"not_picked":["Buffer","Amplify"],"picked":"Biased Cognition","floor":16},{"not_picked":["Cold Snap","FTL"],"picked":"Sweeping Beam","floor":18},{"not_picked":["Sunder","Streamline"],"picked":"Storm","floor":20},{"not_picked":["Sweeping Beam+1","Rebound"],"picked":"Scrape","floor":21},{"not_picked":["Ball Lightning","Hello World","Doom and Gloom"],"picked":"SKIP","floor":23}],"player_experience":247122,"relics_obtained":[{"floor":7,"key":"Nunchaku"},{"floor":9,"key":"Girya"},{"floor":10,"key":"Shovel"},{"floor":23,"key":"Toxic Egg 2"}],"event_choices":[{"cards_removed":["Strike_B"],"damage_healed":0,"gold_gain":0,"player_choice":"Card Removal","damage_taken":7,"max_hp_gain":0,"max_hp_loss":0,"event_name":"Golden Wing","floor":2,"gold_loss":0},{"damage_healed":0,"gold_gain":0,"player_choice":"Success","damage_taken":7,"relics_obtained":["Ginger"],"max_hp_gain":0,"max_hp_loss":0,"event_name":"Scrap Ooze","floor":4,"gold_loss":0},{"damage_healed":18,"gold_gain":0,"player_choice":"Healed","damage_taken":0,"max_hp_gain":0,"max_hp_loss":0,"event_name":"The Cleric","floor":8,"gold_loss":35},{"cards_removed":["Strike_B"],"damage_healed":0,"gold_gain":0,"player_choice":"Forget","damage_taken":0,"max_hp_gain":0,"max_hp_loss":0,"event_name":"Living Wall","floor":11,"gold_loss":0},{"damage_healed":0,"gold_gain":0,"player_choice":"Opened","damage_taken":0,"relics_obtained":["Orichalcum"],"max_hp_gain":0,"max_hp_loss":0,"event_name":"The Mausoleum","floor":19,"gold_loss":0,"cards_obtained":["Writhe"]},{"damage_healed":0,"gold_gain":0,"player_choice":"Bet on Owner","damage_taken":0,"max_hp_gain":0,"max_hp_loss":0,"event_name":"The Joust","floor":22,"gold_loss":50}],"is_beta":false,"boss_relics":[{"not_picked":["FrozenCore","Busted Crown"],"picked":"Velvet Choker"}],"items_purged_floors":[13],"is_endless":false,"potions_floor_spawned":[5,14,16,20],"killed_by":"Slavers","ascension_level":7}