{"gold_per_floor":[118,118,118,139,155,155,155,174,201,201,201,217,142,173,173,301,301,316,241,241,265,279,314,314,345,421,421,434,454,369,82,82,211,211,234,4,4,18,74,74,90,90,90,90,103,103,119,138,138,138],"floor_reached":51,"playtime":2327,"items_purged":["Strike_R"],"score":962,"play_id":"a605801f-27f9-4100-9dcc-17a58c1d6cc8","local_time":"20180627231619","is_ascension_mode":false,"campfire_choices":[{"data":"Cleave","floor":6,"key":"SMITH"},{"data":"Feed","floor":11,"key":"SMITH"},{"data":"Iron Wave","floor":15,"key":"SMITH"},{"data":"Thunderclap","floor":24,"key":"SMITH"},{"data":"Shrug It Off","floor":27,"key":"SMITH"},{"floor":32,"key":"REST"},{"data":"1","floor":40,"key":"LIFT"},{"data":"Combust","floor":46,"key":"SMITH"},{"floor":49,"key":"REST"}],"neow_cost":"NONE","seed_source_timestamp":199115126786462,"circlet_count":0,"master_deck":["Strike_R+1","Defend_R+1","Defend_R+1","Defend_R+1","Bash+1","Cleave+1","Iron Wave+1","Pommel Strike","Feed+1","Thunderclap+1","Immolate","Cleave","Cleave+1","Pommel Strike","Shrug It Off+1","Clothesline+1","Cleave","Shrug It Off+1","Reaper","Body Slam+1","Combust+1","Rupture","Spot Weakness+1","Rupture","Metallicize","Shockwave","Body Slam+1","Shockwave+1"],"relics":["Burning Blood","Golden Idol","Gremlin Horn","Vajra","Orichalcum","Empty Cage","Bronze Scales","Juzu Bracelet","Bottled Flame","Mummified Hand","Ice Cream","Sozu","Boot","Girya","Bird Faced Urn","Mercury Hourglass"],"potions_floor_usage":[16,18,21,23,33],"damage_taken":[{"damage":1,"enemies":"Jaw Worm","floor":1,"turns":4},{"damage":6,"enemies":"Small Slimes","floor":4,"turns":3},{"damage":3,"enemies":"2 Louse","floor":5,"turns":3},{"damage":6,"enemies":"Exordium Thugs","floor":8,"turns":4},{"damage":0,"enemies":"Lots of Slimes","floor":12,"turns":1},{"damage":14,"enemies":"3 Sentries","floor":14,"turns":5},{"damage":28,"enemies":"Slime Boss","floor":16,"turns":8},{"damage":12,"enemies":"Shell Parasite","floor":18,"turns":5},{"damage":4,"enemies":"2 Thieves","floor":21,"turns":2},{"damage":5,"enemies":"3 Cultists","floor":22,"turns":5},{"damage":6,"enemies":"Gremlin Leader","floor":23,"turns":5},{"damage":25,"enemies":"Slavers","floor":25,"turns":2},{"damage":21,"enemies":"Snake Plant","floor":28,"turns":3},{"damage":0,"enemies":"Cultist and Chosen","floor":29,"turns":5},{"damage":59,"enemies":"Automaton","floor":33,"turns":10},{"damage":2,"enemies":"Orb Walker","floor":35,"turns":3},{"damage":19,"floor":37,"turns":7},{"damage":19,"enemies":"3 Shapes","floor":38,"turns":3},{"damage":8,"floor":39,"turns":2},{"damage":15,"enemies":"Sphere and 2 Shapes","floor":41,"turns":3},{"damage":22,"enemies":"Maw","floor":45,"turns":7},{"damage":9,"enemies":"4 Shapes","floor":47,"turns":1},{"damage":3,"enemies":"3 Darklings","floor":48,"turns":2},{"damage":89,"enemies":"Awakened One","floor":50,"turns":10}],"seed_played":"-6847966593435344025","potions_obtained":[{"floor":1,"key":"Weak Potion"},{"floor":4,"key":"SteroidPotion"},{"floor":12,"key":"SteroidPotion"},{"floor":14,"key":"Energy Potion"},{"floor":21,"key":"EssenceOfSteel"},{"floor":28,"key":"Strength Potion"}],"is_trial":false,"path_per_floor":["M","?","T","M","M","R","?","M","T","?","R","M","$","E","R","B",null,"M","?","?","M","M","E","R","E","T","R","M","M","?","$","R","B",null,"M","$","?","M","?","R","M","?","T","?","M","R","M","M","R","B"],"character_chosen":"IRONCLAD","items_purchased":["Ice Cream","Combust","Boot"],"campfire_rested":2,"item_purchase_floors":[31,36,36],"current_hp_per_floor":[80,80,80,80,80,80,80,80,80,64,64,70,70,66,66,48,88,86,86,86,92,97,101,101,86,86,86,71,81,81,81,112,59,112,112,112,100,102,100,100,91,91,91,91,87,87,88,93,112,46],"gold":138,"neow_bonus":"UPGRADE_CARD","is_prod":false,"is_daily":false,"chose_seed":false,"campfire_upgraded":6,"win_rate":0,"timestamp":1530134179,"path_taken":["M","?","?","M","?","R","?","M","T","?","R","M","$","E","R","BOSS","M","?","?","M","M","E","R","E","T","R","M","M","?","$","R","BOSS","M","$","?","M","?","R","M","?","T","?","M","R","M","M","R","BOSS"],"build_version":"2018-06-21v2","purchased_purges":1,"victory":true,"max_hp_per_floor":[80,80,80,80,80,80,80,80,80,80,80,80,80,84,84,88,88,92,92,92,96,100,104,104,108,108,108,108,112,112,112,112,112,112,112,112,112,112,112,112,112,112,112,112,112,112,112,112,112,112],"card_choices":[{"not_picked":["Inflame","Clothesline"],"picked":"Cleave","floor":1},{"not_picked":["Headbutt","Battle Trance"],"picked":"Iron Wave","floor":4},{"not_picked":["Dual Wield","Intimidate"],"picked":"Pommel Strike","floor":5},{"not_picked":["Havoc","Warcry"],"picked":"Feed","floor":8},{"not_picked":["Anger","Shockwave","Evolve"],"picked":"SKIP","floor":12},{"not_picked":["Feel No Pain","Reckless Charge"],"picked":"Thunderclap","floor":14},{"not_picked":["Fiend Fire","Dark Embrace"],"picked":"Immolate","floor":16},{"not_picked":["Iron Wave","Feel No Pain"],"picked":"Cleave","floor":18},{"not_picked":["Anger","Twin Strike"],"picked":"Cleave+1","floor":21},{"not_picked":["Searing Blow","Immolate"],"picked":"Pommel Strike","floor":22},{"not_picked":["Entrench","Pommel Strike"],"picked":"Shrug It Off","floor":23},{"not_picked":["Armaments+1","Inflame"],"picked":"Clothesline+1","floor":25},{"not_picked":["Anger","Headbutt"],"picked":"Cleave","floor":28},{"not_picked":["Thunderclap","Headbutt"],"picked":"Shrug It Off+1","floor":29},{"not_picked":["Limit Break","Exhume"],"picked":"Reaper","floor":33},{"not_picked":["Wild Strike+1","Clothesline"],"picked":"Body Slam+1","floor":35},{"not_picked":["True Grit+1","Dual Wield","Evolve"],"picked":"SKIP","floor":38},{"not_picked":["Spot Weakness+1","Wild Strike"],"picked":"Rupture","floor":39},{"not_picked":["Dual Wield+1","Flex+1"],"picked":"Spot Weakness+1","floor":41},{"not_picked":["Armaments+1","Clothesline+1"],"picked":"Shockwave","floor":45},{"not_picked":["Clothesline","Perfected Strike+1"],"picked":"Body Slam+1","floor":47},{"not_picked":["Havoc+1","Iron Wave"],"picked":"Shockwave+1","floor":48}],"player_experience":47825,"relics_obtained":[{"floor":3,"key":"Gremlin Horn"},{"floor":9,"key":"Vajra"},{"floor":14,"key":"Orichalcum"},{"floor":23,"key":"Bronze Scales"},{"floor":25,"key":"Juzu Bracelet"},{"floor":26,"key":"Bottled Flame"},{"floor":37,"key":"Girya"},{"floor":39,"key":"Bird Faced Urn"},{"floor":43,"key":"Mercury Hourglass"}],"event_choices":[{"event_name":"Golden Idol","player_choice":"Take Wound","floor":2,"damage_taken":0},{"event_name":"Living Wall","player_choice":"Forget","floor":7,"damage_taken":0},{"event_name":"Shining Light","player_choice":"Entered Light","floor":10,"damage_taken":0},{"event_name":"Beggar","player_choice":"Gave Gold","floor":19,"damage_taken":0},{"event_name":"Back to Basics","player_choice":"Simplicity","floor":20,"damage_taken":0},{"event_name":"Addict","player_choice":"Obtained Relic","floor":30,"damage_taken":0},{"event_name":"MindBloom","player_choice":"Fight","floor":37,"damage_taken":0},{"event_name":"Mysterious Sphere","player_choice":"Fight","floor":39,"damage_taken":0},{"event_name":"Duplicator","player_choice":"One dupe","floor":42,"damage_taken":0},{"event_name":"Transmorgrifier","player_choice":"Transform","floor":44,"damage_taken":0}],"boss_relics":[{"not_picked":["Black Star","Runic Cube"],"picked":"Empty Cage"},{"not_picked":["Lizard Tail","Coffee Dripper"],"picked":"Sozu"}],"items_purged_floors":[13],"is_endless":false,"potions_floor_spawned":[1,4,12,14,21,28,37,38,45],"ascension_level":0}