{"gold_per_floor":[115,115,115,132,148,174,174,189,240,240,265,292,292,353,353,453,453,466,41,53,71,82,82,82,107,107,107,142,152,167,178,178,178],"floor_reached":33,"playtime":2404,"items_purged":["Strike_R"],"score":400,"play_id":"b35c9a79-316d-45bb-84a1-77d27e466f19","local_time":"20190604153043","is_ascension_mode":true,"campfire_choices":[{"data":"Inflame","floor":7.0,"key":"SMITH"},{"data":"Flex","floor":10.0,"key":"SMITH"},{"data":"Iron Wave","floor":13.0,"key":"SMITH"},{"floor":15.0,"key":"REST"},{"floor":24.0,"key":"REST"},{"floor":27.0,"key":"REST"},{"floor":32.0,"key":"REST"}],"neow_cost":"NONE","seed_source_timestamp":36075996529900,"circlet_count":0,"master_deck":["Strike_R","Strike_R","Strike_R","Strike_R","Defend_R","Defend_R","Defend_R+1","Defend_R","Bash+1","Twin Strike","Inflame+1","Iron Wave+1","Uppercut","Flex+1","Pommel Strike","Shrug It Off","Impervious+1","Iron Wave","Seeing Red","Iron Wave","Limit Break","Sword Boomerang+1","Armaments+1","Shrug It Off","Heavy Blade"],"special_seed":0,"relics":["Black Blood","Shuriken","Spirit Poop","Centennial Puzzle","Pen Nib","Darkstone Periapt","Orichalcum","Vajra","Dream Catcher","Strawberry","War Paint","Question Card","Smiling Mask"],"potions_floor_usage":[33,33],"damage_taken":[{"damage":3.0,"enemies":"Small Slimes","floor":1.0,"turns":3.0},{"damage":1.0,"enemies":"Cultist","floor":4.0,"turns":3.0},{"damage":12.0,"enemies":"Jaw Worm","floor":5.0,"turns":3.0},{"damage":35.0,"enemies":"3 Sentries","floor":6.0,"turns":10.0},{"damage":4.0,"enemies":"Looter","floor":8.0,"turns":3.0},{"damage":12.0,"enemies":"Gremlin Nob","floor":11.0,"turns":3.0},{"damage":10.0,"enemies":"Lagavulin Event","floor":14.0,"turns":3.0},{"damage":6.0,"enemies":"Slime Boss","floor":16.0,"turns":5.0},{"damage":15.0,"enemies":"Shell Parasite","floor":18.0,"turns":4.0},{"damage":14.0,"enemies":"2 Thieves","floor":20.0,"turns":4.0},{"damage":15.0,"enemies":"Centurion and Healer","floor":21.0,"turns":6.0},{"damage":22.0,"enemies":"3 Cultists","floor":22.0,"turns":6.0},{"damage":49.0,"enemies":"Book of Stabbing","floor":25.0,"turns":6.0},{"damage":11.0,"enemies":"Slavers","floor":28.0,"turns":5.0},{"damage":9.0,"enemies":"Cultist and Chosen","floor":29.0,"turns":4.0},{"damage":21.0,"enemies":"Chosen and Byrds","floor":30.0,"turns":7.0},{"damage":18.0,"enemies":"Shelled Parasite and Fungi","floor":31.0,"turns":7.0},{"damage":86,"enemies":"Champ","floor":33,"turns":10}],"seed_played":"-4478412766354756989","potions_obtained":[{"floor":6.0,"key":"BloodPotion"},{"floor":8.0,"key":"PowerPotion"},{"floor":14.0,"key":"AttackPotion"},{"floor":16.0,"key":"PowerPotion"},{"floor":30.0,"key":"Weak Potion"}],"is_trial":false,"path_per_floor":["M","?","?","M","M","E","R","M","T","R","E","T","R","?","R","B",null,"M","$","M","M","M","?","R","E","T","R","E","M","M","M","R","B"],"character_chosen":"IRONCLAD","items_purchased":["Dream Catcher","Strawberry","Fire Potion"],"campfire_rested":4,"item_purchase_floors":[19,19,19],"current_hp_per_floor":[75,75,75,80,74,45,45,47,47,47,41,41,41,37,61,61,75,70,77,73,68,56,56,82,43,43,69,68,69,58,50,76,0],"gold":178,"neow_bonus":"UPGRADE_CARD","is_prod":false,"is_daily":false,"chose_seed":false,"campfire_upgraded":3,"win_rate":0,"timestamp":1559687443,"path_taken":["M","?","?","M","?","E","R","M","T","R","E","?","R","?","R","BOSS","M","$","M","M","M","?","R","E","T","R","E","M","M","M","R","BOSS"],"build_version":"2019-01-23","purchased_purges":1,"victory":false,"max_hp_per_floor":[80,80,80,80,80,80,80,80,80,80,80,80,80,80,80,80,80,80,87,87,87,87,87,87,87,87,87,87,87,87,87,87,87],"card_choices":[{"not_picked":["Pommel Strike","Sword Boomerang"],"picked":"Twin Strike","floor":1.0},{"not_picked":["Twin Strike","Warcry"],"picked":"Inflame","floor":4.0},{"not_picked":["Cleave","Havoc"],"picked":"Iron Wave","floor":5.0},{"not_picked":["Headbutt","Sword Boomerang"],"picked":"Uppercut","floor":6.0},{"not_picked":["Body Slam","Evolve"],"picked":"Flex","floor":8.0},{"not_picked":["Impervious","Searing Blow"],"picked":"Pommel Strike","floor":11.0},{"not_picked":["Dual Wield","Uppercut"],"picked":"Shrug It Off","floor":14.0},{"not_picked":["Offering","Fiend Fire"],"picked":"Impervious","floor":16.0},{"not_picked":["True Grit","Inflame"],"picked":"Iron Wave","floor":18.0},{"not_picked":["Headbutt","Sever Soul","Power Through"],"picked":"SKIP","floor":20.0},{"not_picked":["Clash","Corruption+1","Perfected Strike"],"picked":"SKIP","floor":21.0},{"not_picked":["Carnage","Warcry"],"picked":"Seeing Red","floor":22.0},{"not_picked":["Flex","Rampage"],"picked":"Iron Wave","floor":24.0},{"not_picked":["Bloodletting","True Grit+1"],"picked":"Limit Break","floor":25.0},{"not_picked":["Second Wind","Twin Strike","Clash"],"picked":"Sword Boomerang+1","floor":27.0},{"not_picked":["Flame Barrier","Warcry","Wild Strike+1"],"picked":"Armaments+1","floor":28.0},{"not_picked":["Warcry+1","Sword Boomerang+1","Feed"],"picked":"Shrug It Off","floor":29.0},{"not_picked":["Dropkick","Sever Soul","Combust","Havoc"],"picked":"SKIP","floor":30.0},{"not_picked":["Wild Strike+1","Anger+1","Clash+1"],"picked":"Heavy Blade","floor":31.0}],"player_experience":256576,"relics_obtained":[{"floor":6.0,"key":"Centennial Puzzle"},{"floor":9.0,"key":"Pen Nib"},{"floor":11.0,"key":"Darkstone Periapt"},{"floor":12.0,"key":"Orichalcum"},{"floor":14.0,"key":"Vajra"},{"floor":25.0,"key":"War Paint"},{"floor":26.0,"key":"Question Card"},{"floor":28.0,"key":"Smiling Mask"}],"event_choices":[{"damage_healed":0.0,"max_hp_gain":0.0,"max_hp_loss":0.0,"gold_gain":0.0,"event_name":"Big Fish","player_choice":"Box","floor":2.0,"gold_loss":0.0,"damage_taken":0.0,"relics_obtained":["Shuriken"],"cards_obtained":["Regret"]},{"cards_removed":["Regret"],"damage_healed":0.0,"max_hp_gain":0.0,"max_hp_loss":0.0,"gold_gain":0.0,"event_name":"Bonfire Elementals","player_choice":"Offered Curse","floor":3.0,"gold_loss":0.0,"damage_taken":0.0,"relics_obtained":["Spirit Poop"]},{"damage_healed":0.0,"max_hp_gain":0.0,"max_hp_loss":0.0,"gold_gain":0.0,"event_name":"Dead Adventurer","player_choice":"Searched \u00272\u0027 times","floor":14.0,"gold_loss":0.0,"damage_taken":0.0},{"damage_healed":0.0,"max_hp_gain":0.0,"max_hp_loss":0.0,"gold_gain":0.0,"event_name":"Vampires","player_choice":"Ignored","floor":23.0,"gold_loss":0.0,"damage_taken":0.0}],"is_beta":false,"boss_relics":[{"not_picked":["Black Star","Runic Dome"],"picked":"Black Blood"}],"items_purged_floors":[19],"is_endless":false,"potions_floor_spawned":[6,8,14,16,20,22,30],"killed_by":"Champ","ascension_level":7}