{"gold_per_floor":[119,119,119,137,137,167,167,186,212,231,249,249,269,330,330,430,430,445,296,313,345,356,356,374,374,374,144,244,257,257,267,267,365,365,378,394,447,463,482,482,501,501,501,512,512,211,211,228,228,228],"floor_reached":51,"playtime":1741,"items_purged":["Strike_G","Doubt","Shame"],"score":778,"play_id":"37799ebc-6a20-4950-80fa-644f9d319b65","local_time":"20190605220711","is_ascension_mode":false,"campfire_choices":[{"data":"Envenom","floor":7.0,"key":"SMITH"},{"data":"Survivor","floor":12.0,"key":"SMITH"},{"floor":15.0,"key":"REST"},{"floor":23,"key":"REST"},{"data":"Catalyst","floor":25,"key":"SMITH"},{"floor":30,"key":"REST"},{"floor":32,"key":"REST"},{"floor":40,"key":"REST"},{"floor":45,"key":"REST"},{"floor":49,"key":"REST"}],"neow_cost":"NONE","seed_source_timestamp":46942409507814,"circlet_count":0,"master_deck":["Defend_G","Defend_G","Defend_G","Defend_G","Defend_G","Strike_G+1","Strike_G","Strike_G+1","Strike_G+1","Survivor+1","Neutralize+1","Dagger Spray","Infinite Blades","Purity","Envenom+1","Corpse Explosion","Cloak And Dagger","Leg Sweep","Blade Dance","Noxious Fumes","Envenom","Poisoned Stab","Catalyst+1","Accuracy","Crippling Poison","Footwork","Blade Dance","Dodge and Roll","Cloak And Dagger+1","After Image","Finisher+1","Blade Dance","Accuracy+1","Bouncing Flask+1","Backflip+1","Bouncing Flask+1","Footwork","Secret Technique","Blade Dance+1"],"special_seed":0,"relics":["Ring of the Snake","NeowsBlessing","Whetstone","Mango","Strawberry","Snake Skull","Cursed Key","Red Mask","FossilizedHelix","Turnip","Question Card","Fusion Hammer","Ice Cream","Dodecahedron"],"potions_floor_usage":[21,21,28,33,44,50,50,50],"damage_taken":[{"damage":0.0,"enemies":"Jaw Worm","floor":1.0,"turns":1.0},{"damage":0.0,"enemies":"Cultist","floor":4.0,"turns":1.0},{"damage":0.0,"enemies":"Gremlin Nob","floor":6.0,"turns":1.0},{"damage":3.0,"enemies":"2 Louse","floor":8.0,"turns":3.0},{"damage":4.0,"enemies":"Large Slime","floor":10.0,"turns":5.0},{"damage":16.0,"enemies":"Looter","floor":11.0,"turns":4.0},{"damage":10.0,"enemies":"Exordium Wildlife","floor":13.0,"turns":2.0},{"damage":14.0,"enemies":"Gremlin Nob","floor":14.0,"turns":3.0},{"damage":21.0,"enemies":"Slime Boss","floor":16.0,"turns":6.0},{"damage":1.0,"enemies":"Chosen","floor":18.0,"turns":4.0},{"damage":2.0,"enemies":"3 Byrds","floor":20.0,"turns":4.0},{"damage":19,"enemies":"Masked Bandits","floor":21,"turns":4},{"damage":19,"enemies":"Snake Plant","floor":22,"turns":4},{"damage":6,"enemies":"Chosen and Byrds","floor":24,"turns":5},{"damage":9,"enemies":"Colosseum Slavers","floor":28,"turns":2},{"damage":19,"enemies":"Colosseum Nobs","floor":28,"turns":4},{"damage":4,"enemies":"Centurion and Healer","floor":29,"turns":4},{"damage":11,"enemies":"Sentry and Sphere","floor":31,"turns":5},{"damage":69,"enemies":"Collector","floor":33,"turns":8},{"damage":4,"enemies":"Orb Walker","floor":35,"turns":4},{"damage":4,"enemies":"3 Darklings","floor":36,"turns":7},{"damage":7,"enemies":"2 Orb Walkers","floor":37,"turns":4},{"damage":17,"enemies":"Writhing Mass","floor":38,"turns":6},{"damage":26,"enemies":"Spire Growth","floor":39,"turns":3},{"damage":0,"enemies":"Transient","floor":41,"turns":5},{"damage":8,"enemies":"4 Shapes","floor":44,"turns":3},{"damage":0,"enemies":"Spire Growth","floor":48,"turns":3},{"damage":54,"enemies":"Awakened One","floor":50,"turns":10}],"seed_played":"-2457085541299258571","potions_obtained":[{"floor":4.0,"key":"AttackPotion"},{"floor":6.0,"key":"GhostInAJar"},{"floor":8.0,"key":"GamblersBrew"},{"floor":20.0,"key":"SneckoOil"},{"floor":21,"key":"EssenceOfSteel"},{"floor":31,"key":"SpeedPotion"},{"floor":35,"key":"Energy Potion"},{"floor":36,"key":"Swift Potion"},{"floor":44,"key":"AttackPotion"}],"is_trial":false,"path_per_floor":["M","?","T","M","?","E","R","M","T","M","M","R","M","?","R","B",null,"M","$","M","?","M","R","M","R","T","$","?","M","R","M","R","B",null,"M","M","?","M","M","R","M","?","T","M","R","$","?","M","R","B",null],"character_chosen":"THE_SILENT","items_purchased":["Catalyst","Footwork","Blade Dance","Footwork","Dexterity Potion","Explosive Potion"],"campfire_rested":7,"item_purchase_floors":[19,27,27,46,46,46],"current_hp_per_floor":[70,56,56,56,56,70,70,67,74,70,54,54,44,30,57,36,91,90,90,88,69,50,77,71,71,71,71,43,39,66,55,82,13,91,87,83,76,59,33,60,60,60,60,52,79,79,79,79,91,37],"gold":228,"neow_bonus":"THREE_ENEMY_KILL","is_prod":false,"is_daily":false,"chose_seed":false,"campfire_upgraded":3,"win_rate":0,"timestamp":1559765231,"path_taken":["M","?","?","M","?","E","R","?","T","M","M","R","M","?","R","BOSS","M","$","M","?","M","R","M","R","T","$","?","M","R","M","R","BOSS","M","M","?","M","M","R","M","?","T","?","R","$","?","M","R","BOSS"],"build_version":"2019-01-23","purchased_purges":3,"victory":true,"max_hp_per_floor":[70,70,70,70,70,84,84,84,91,91,91,91,91,91,91,91,91,91,91,91,91,91,91,91,91,91,91,91,91,91,91,91,91,91,91,91,91,91,91,91,91,91,91,91,91,91,91,91,91,91],"card_choices":[{"not_picked":["Sucker Punch","Backflip"],"picked":"Dagger Spray","floor":1.0},{"not_picked":["Deflect","Slice"],"picked":"Infinite Blades","floor":4.0},{"not_picked":["Blade Dance","Bane"],"picked":"Corpse Explosion","floor":6.0},{"not_picked":["Flying Knee","Slice"],"picked":"Cloak And Dagger","floor":8.0},{"not_picked":["Quick Slash","Blur"],"picked":"Leg Sweep","floor":10.0},{"not_picked":["Acrobatics","Venomology","Skewer"],"picked":"SKIP","floor":11.0},{"not_picked":["Tactician","Prepared"],"picked":"Blade Dance","floor":13.0},{"not_picked":["Dagger Spray","Bouncing Flask"],"picked":"Noxious Fumes","floor":14.0},{"not_picked":["Corpse Explosion","Glass Knife"],"picked":"Envenom","floor":16.0},{"not_picked":["Backstab","Eviscerate+1"],"picked":"Poisoned Stab","floor":18.0},{"not_picked":["PiercingWail","Concentrate+1","Masterful Stab"],"picked":"SKIP","floor":20.0},{"not_picked":["Flying Knee","Slice"],"picked":"Accuracy","floor":21},{"not_picked":["Underhanded Strike+1","Sucker Punch"],"picked":"Crippling Poison","floor":22},{"not_picked":["Underhanded Strike","All Out Attack","Blur"],"picked":"SKIP","floor":24},{"not_picked":["PiercingWail","Acrobatics"],"picked":"Dodge and Roll","floor":28},{"not_picked":["Sucker Punch","Choke","Well Laid Plans","Calculated Gamble"],"picked":"SKIP","floor":29},{"not_picked":["Sucker Punch","Deflect","Caltrops+1"],"picked":"Cloak And Dagger+1","floor":31},{"not_picked":["Venomology","Glass Knife","Malaise"],"picked":"After Image","floor":33},{"not_picked":["Flying Knee+1","Accuracy+1","Cloak And Dagger"],"picked":"Finisher+1","floor":35},{"not_picked":["Dagger Spray+1","Prepared+1","Acrobatics+1"],"picked":"Blade Dance","floor":36},{"not_picked":["Heel Hook","Slice+1","Dagger Throw+1"],"picked":"Accuracy+1","floor":37},{"not_picked":["Deadly Poison+1","Eviscerate","Outmaneuver"],"picked":"Bouncing Flask+1","floor":38},{"not_picked":["Bane+1","Underhanded Strike+1","Poisoned Stab+1"],"picked":"Backflip+1","floor":39},{"not_picked":["Underhanded Strike+1","Expertise","Skewer+1"],"picked":"Bouncing Flask+1","floor":41},{"not_picked":["Dodge and Roll","Deadly Poison","Calculated Gamble","Choke"],"picked":"SKIP","floor":44},{"not_picked":["The Bomb","Transmutation","Discovery"],"picked":"Secret Technique","floor":47},{"not_picked":["Slice+1","Outmaneuver","Deadly Poison"],"picked":"Blade Dance+1","floor":48}],"player_experience":318635,"relics_obtained":[{"floor":3.0,"key":"Whetstone"},{"floor":6.0,"key":"Mango"},{"floor":9.0,"key":"Strawberry"},{"floor":14.0,"key":"Snake Skull"},{"floor":21,"key":"Red Mask"},{"floor":26,"key":"FossilizedHelix"},{"floor":28,"key":"Turnip"},{"floor":28,"key":"Question Card"},{"floor":37,"key":"Ice Cream"},{"floor":43,"key":"Dodecahedron"}],"event_choices":[{"damage_healed":0.0,"max_hp_gain":0.0,"max_hp_loss":0.0,"gold_gain":0.0,"event_name":"Shining Light","player_choice":"Entered Light","floor":2.0,"gold_loss":0.0,"damage_taken":14.0,"cards_upgraded":["Neutralize","Strike_G"]},{"damage_healed":0.0,"max_hp_gain":0.0,"max_hp_loss":0.0,"gold_gain":0.0,"event_name":"Match and Keep!","player_choice":"3 cards matched","floor":5.0,"gold_loss":0.0,"damage_taken":0.0,"cards_obtained":["Purity","Envenom","Neutralize"]},{"damage_healed":0.0,"max_hp_gain":0.0,"max_hp_loss":0.0,"gold_gain":30.0,"event_name":"Dead Adventurer","player_choice":"Searched \u00273\u0027 times","floor":14.0,"gold_loss":0.0,"damage_taken":0.0},{"damage_healed":0,"gold_gain":0,"player_choice":"Fought Bandits","damage_taken":0,"max_hp_gain":0,"max_hp_loss":0,"event_name":"Masked Bandits","floor":21,"gold_loss":0},{"damage_healed":0,"gold_gain":0,"player_choice":"Fight","damage_taken":0,"max_hp_gain":0,"max_hp_loss":0,"event_name":"Colosseum","floor":28,"gold_loss":0},{"damage_healed":0,"gold_gain":0,"player_choice":"Fought Nobs","damage_taken":0,"max_hp_gain":0,"max_hp_loss":0,"event_name":"Colosseum","floor":28,"gold_loss":0},{"damage_healed":0,"gold_gain":0,"player_choice":"Fight","damage_taken":0,"max_hp_gain":0,"max_hp_loss":0,"event_name":"Mysterious Sphere","floor":37,"gold_loss":0},{"cards_removed":["Neutralize"],"damage_healed":0,"gold_gain":0,"player_choice":"Removed Attack","damage_taken":0,"max_hp_gain":0,"max_hp_loss":0,"event_name":"Falling","floor":42,"gold_loss":0},{"damage_healed":0,"gold_gain":0,"player_choice":"Memory 1","damage_taken":0,"max_hp_gain":0,"max_hp_loss":0,"event_name":"SensoryStone","floor":47,"gold_loss":0}],"is_beta":false,"boss_relics":[{"not_picked":["Astrolabe","Orrery"],"picked":"Cursed Key"},{"not_picked":["Coffee Dripper","HoveringKite"],"picked":"Fusion Hammer"}],"items_purged_floors":[19,27,46],"is_endless":false,"potions_floor_spawned":[4,6,8,13,20,21,24,31,35,36,44,48],"ascension_level":0}