{"gold_per_floor":[119,10,23,40,50,50,77,77,124,124,138,169,169,169,169,244,244,256,16,32,44,64,64,64,64,90,90,117,42,58,87,87,87],"floor_reached":33,"playtime":1269,"items_purged":["Strike_R"],"score":575,"play_id":"5dd536e8-4c90-4035-9ac9-20f27bd64f4b","local_time":"20190424171318","is_ascension_mode":true,"campfire_choices":[{"data":"Inflame","floor":6.0,"key":"SMITH"},{"data":"Body Slam","floor":8.0,"key":"SMITH"},{"data":"Rampage","floor":10.0,"key":"SMITH"},{"data":"Metallicize","floor":13.0,"key":"SMITH"},{"data":"Warcry","floor":15.0,"key":"SMITH"},{"data":"Uppercut","floor":23.0,"key":"SMITH"},{"data":"Metallicize","floor":25.0,"key":"SMITH"},{"data":"Power Through","floor":27.0,"key":"SMITH"},{"data":"Headbutt","floor":32,"key":"SMITH"}],"neow_cost":"NONE","seed_source_timestamp":0,"circlet_count":0,"master_deck":["AscendersBane","Strike_R","Strike_R","Strike_R","Defend_R","Defend_R","Defend_R","Defend_R","Bash+1","Shrug It Off","Inflame+1","Body Slam+1","Iron Wave","Warcry+1","Anger","Rampage+1","Headbutt+1","Metallicize+1","Impervious","Shrug It Off","Uppercut+1","Power Through+1","Metallicize+1","Ghostly Armor"],"special_seed":0,"relics":["Burning Blood","Bottled Flame","Bag of Preparation","Bag of Marbles","FaceOfCleric","Sozu","Strawberry","Kunai","Lantern"],"potions_floor_usage":[],"damage_taken":[{"damage":1.0,"enemies":"Cultist","floor":1.0,"turns":3.0},{"damage":0.0,"enemies":"Jaw Worm","floor":3.0,"turns":4.0},{"damage":3.0,"enemies":"2 Louse","floor":4.0,"turns":4.0},{"damage":9.0,"enemies":"Looter","floor":5.0,"turns":3.0},{"damage":17.0,"enemies":"3 Sentries","floor":7.0,"turns":7.0},{"damage":13.0,"enemies":"Exordium Wildlife","floor":11.0,"turns":3.0},{"damage":8.0,"enemies":"Gremlin Nob","floor":12.0,"turns":3.0},{"damage":21.0,"enemies":"The Guardian","floor":16.0,"turns":9.0},{"damage":0.0,"enemies":"Chosen","floor":18.0,"turns":4.0},{"damage":3.0,"enemies":"2 Thieves","floor":20.0,"turns":3.0},{"damage":2.0,"enemies":"Chosen and Byrds","floor":21.0,"turns":7.0},{"damage":11.0,"enemies":"Snake Plant","floor":22.0,"turns":3.0},{"damage":5,"enemies":"Gremlin Leader","floor":28,"turns":6},{"damage":19,"enemies":"Centurion and Healer","floor":30,"turns":5},{"damage":15,"enemies":"Slavers","floor":31,"turns":6},{"damage":47,"enemies":"Champ","floor":33,"turns":18}],"seed_played":"7430586311725080785","potions_obtained":[{"floor":3.0,"key":"Swift Potion"},{"floor":5.0,"key":"SteroidPotion"},{"floor":16.0,"key":"SmokeBomb"}],"is_trial":false,"path_per_floor":["M","$","M","M","M","R","E","R","T","R","M","E","R","?","R","B",null,"M","$","M","M","M","R","?","R","T","R","E","?","M","E","R","B"],"character_chosen":"IRONCLAD","items_purchased":["Inflame","Body Slam","Uppercut","Power Through"],"campfire_rested":0,"item_purchase_floors":[2,2,19,19],"current_hp_per_floor":[73,73,75,75,72,72,61,61,61,61,54,52,52,52,52,38,67,74,74,78,79,75,75,75,75,82,82,84,84,72,64,64,17],"gold":87,"neow_bonus":"UPGRADE_CARD","is_prod":false,"is_daily":false,"chose_seed":false,"campfire_upgraded":9,"win_rate":0,"timestamp":1556100798,"path_taken":["M","$","M","?","M","R","E","R","T","R","M","E","R","?","R","BOSS","BOSS","M","?","M","M","M","R","?","R","T","R","E","?","M","E","R","BOSS"],"build_version":"2019-01-23","purchased_purges":1,"victory":false,"max_hp_per_floor":[75,75,75,75,75,75,75,75,75,75,75,75,75,75,75,76,76,77,77,78,79,80,80,80,80,87,87,88,88,89,90,90,90],"card_choices":[{"not_picked":["Iron Wave","Dropkick"],"picked":"Shrug It Off","floor":1.0},{"not_picked":["Havoc","Perfected Strike"],"picked":"Iron Wave","floor":3.0},{"not_picked":["Body Slam","Bludgeon"],"picked":"Warcry","floor":4.0},{"not_picked":["Burning Pact","Hemokinesis"],"picked":"Anger","floor":5.0},{"not_picked":["Thunderclap","Flex"],"picked":"Rampage","floor":7.0},{"not_picked":["Heavy Blade","Thunderclap"],"picked":"Headbutt","floor":11.0},{"not_picked":["Sever Soul","Shrug It Off"],"picked":"Metallicize","floor":12.0},{"not_picked":["Feed","Bludgeon"],"picked":"Impervious","floor":16.0},{"not_picked":["Armaments+1","Body Slam"],"picked":"Shrug It Off","floor":18.0},{"not_picked":["Intimidate+1","Thunderclap"],"picked":"Metallicize","floor":20.0},{"not_picked":["Wild Strike","Carnage","Anger"],"picked":"SKIP","floor":21.0},{"not_picked":["Intimidate","Metallicize","Dark Embrace"],"picked":"SKIP","floor":22.0},{"not_picked":["Body Slam","Clash","Metallicize+1"],"picked":"SKIP","floor":28},{"not_picked":["Iron Wave+1","Body Slam","Wild Strike+1"],"picked":"SKIP","floor":30},{"not_picked":["Blood for Blood","Iron Wave"],"picked":"Ghostly Armor","floor":31}],"player_experience":433855,"relics_obtained":[{"floor":7.0,"key":"Bottled Flame"},{"floor":9.0,"key":"Bag of Preparation"},{"floor":12.0,"key":"Bag of Marbles"},{"floor":26.0,"key":"Strawberry"},{"floor":28,"key":"Kunai"},{"floor":31,"key":"Lantern"}],"event_choices":[{"damage_healed":0.0,"max_hp_gain":0.0,"max_hp_loss":0.0,"gold_gain":0.0,"event_name":"FaceTrader","player_choice":"Trade","floor":14.0,"gold_loss":0.0,"damage_taken":0.0,"relics_obtained":["FaceOfCleric"]},{"damage_healed":0.0,"max_hp_gain":0.0,"max_hp_loss":0.0,"gold_gain":0.0,"event_name":"Ghosts","player_choice":"Ignored","floor":24.0,"gold_loss":0.0,"damage_taken":0.0},{"cards_removed":["Strike_R"],"damage_healed":0,"gold_gain":0,"player_choice":"Gave Gold","damage_taken":0,"max_hp_gain":0,"max_hp_loss":0,"event_name":"Beggar","floor":29,"gold_loss":75}],"is_beta":false,"boss_relics":[{"not_picked":["Eternal Feather","Mark of Pain"],"picked":"Sozu"}],"items_purged_floors":[19],"is_endless":false,"potions_floor_spawned":[3,5,16,18,20,30],"killed_by":"Champ","ascension_level":19}