{"gold_per_floor":[117,132,55,75,92,92,118,131,179,179,193,210,240,1,1,100,100,112,127,12,32,43,43,58,58,81,81,94,9,29,46,46,142,142,155,155,155,155,0,0,12,12,12,12,45,145,163,26,26,26],"floor_reached":51,"playtime":2378,"items_purged":["Strike_G","All Out Attack"],"score":873,"play_id":"d3d9b9d3-4d39-4603-b1f2-3d50149e880e","local_time":"20190405162930","is_ascension_mode":true,"campfire_choices":[{"data":"Noxious Fumes","floor":6.0,"key":"SMITH"},{"data":"Neutralize","floor":10.0,"key":"SMITH"},{"data":"Adrenaline","floor":15.0,"key":"SMITH"},{"data":"Wraith Form v2","floor":23.0,"key":"SMITH"},{"data":"Cloak And Dagger","floor":25.0,"key":"SMITH"},{"data":"Infinite Blades","floor":27.0,"key":"SMITH"},{"data":"Expertise","floor":32.0,"key":"SMITH"},{"data":"After Image","floor":40,"key":"SMITH"},{"data":"Backflip","floor":42,"key":"SMITH"},{"data":"Backstab","floor":44,"key":"SMITH"},{"data":"Footwork","floor":49,"key":"SMITH"}],"neow_cost":"NONE","seed_source_timestamp":45302695002455,"circlet_count":0,"master_deck":["Defend_G","Defend_G","Defend_G","Defend_G","Defend_G","Survivor","Neutralize+1","Poisoned Stab","Noxious Fumes+1","Cloak And Dagger+1","Backflip+1","Infinite Blades+1","Dash","Dagger Throw","Deadly Poison","Adrenaline+1","Wraith Form v2+1","Expertise+1","Cloak And Dagger+1","Backstab+1","Sucker Punch+1","Tactician+1","Catalyst+1","After Image+1","Cloak And Dagger+1","Calculated Gamble+1","Dagger Throw+1","Footwork+1","Well Laid Plans+1","Backflip","Well Laid Plans+1","Footwork+1"],"special_seed":0,"relics":["Ring of the Snake","Ornamental Fan","Snake Skull","Question Card","Lee\u0027s Waffle","Coffee Dripper","Regal Pillow","PreservedInsect","Astrolabe","Red Mask","Molten Egg 2","Bottled Lightning","Ice Cream"],"potions_floor_usage":[50,50,50],"damage_taken":[{"damage":0.0,"enemies":"2 Louse","floor":1.0,"turns":5.0},{"damage":7.0,"enemies":"Jaw Worm","floor":2.0,"turns":4.0},{"damage":0.0,"enemies":"Small Slimes","floor":4.0,"turns":4.0},{"damage":11.0,"enemies":"3 Louse","floor":5.0,"turns":4.0},{"damage":29.0,"enemies":"Gremlin Nob","floor":7.0,"turns":5.0},{"damage":0.0,"enemies":"Looter","floor":8.0,"turns":4.0},{"damage":0.0,"enemies":"Exordium Wildlife","floor":11.0,"turns":4.0},{"damage":9.0,"enemies":"Exordium Thugs","floor":12.0,"turns":3.0},{"damage":10.0,"enemies":"3 Sentries","floor":13.0,"turns":5.0},{"damage":24.0,"enemies":"Slime Boss","floor":16.0,"turns":7.0},{"damage":7.0,"enemies":"Spheric Guardian","floor":18.0,"turns":4.0},{"damage":11.0,"enemies":"2 Thieves","floor":19.0,"turns":4.0},{"damage":0.0,"enemies":"Chosen and Byrds","floor":21.0,"turns":4.0},{"damage":13.0,"enemies":"Snake Plant","floor":22.0,"turns":5.0},{"damage":0.0,"enemies":"Centurion and Healer","floor":24.0,"turns":5.0},{"damage":0.0,"enemies":"3 Cultists","floor":28.0,"turns":5.0},{"damage":0.0,"enemies":"Snecko","floor":30.0,"turns":5.0},{"damage":0.0,"enemies":"Shelled Parasite and Fungi","floor":31.0,"turns":5.0},{"damage":12,"enemies":"Champ","floor":33,"turns":11},{"damage":0,"enemies":"Orb Walker","floor":35,"turns":2},{"damage":0,"enemies":"3 Shapes","floor":41,"turns":4},{"damage":2,"enemies":"Reptomancer","floor":45,"turns":8},{"damage":0,"enemies":"Mind Bloom Boss Battle","floor":46,"turns":7},{"damage":0,"enemies":"Jaw Worm Horde","floor":47,"turns":5},{"damage":0,"enemies":"Donu and Deca","floor":50,"turns":10}],"seed_played":"-8242894172681887518","potions_obtained":[{"floor":4.0,"key":"Regen Potion"},{"floor":5.0,"key":"EssenceOfSteel"},{"floor":7.0,"key":"Fire Potion"},{"floor":13.0,"key":"Weak Potion"},{"floor":16.0,"key":"GamblersBrew"},{"floor":28.0,"key":"Strength Potion"}],"is_trial":false,"path_per_floor":["M","M","$","M","M","R","E","M","T","R","M","M","E","$","R","B",null,"M","M","$","M","M","R","M","R","T","R","M","?","M","M","R","B",null,"M","?","?","$","?","R","M","R","T","R","E","?","M","$","R","B",null],"character_chosen":"THE_SILENT","items_purchased":["Cloak And Dagger","Backflip","Lee\u0027s Waffle","Dexterity Potion","Expertise","Footwork"],"campfire_rested":0,"item_purchase_floors":[3,3,14,14,20,48],"current_hp_per_floor":[70,63,63,63,52,52,37,37,37,37,37,28,18,77,77,53,77,70,59,59,59,46,46,46,46,46,46,46,46,46,46,46,34,77,77,77,77,77,77,77,77,77,77,77,75,75,75,75,75,75],"gold":26,"neow_bonus":"REMOVE_CARD","is_prod":false,"is_daily":false,"chose_seed":false,"campfire_upgraded":11,"win_rate":0,"timestamp":1554456570,"path_taken":["M","M","$","M","M","R","E","M","T","R","M","M","E","$","R","BOSS","M","M","$","M","M","R","M","R","T","R","M","?","M","M","R","BOSS","M","?","?","$","?","R","M","R","T","R","E","?","M","?","R","BOSS"],"build_version":"2019-01-23","purchased_purges":2,"victory":true,"max_hp_per_floor":[70,70,70,70,70,70,70,70,70,70,70,70,70,77,77,77,77,77,77,77,77,77,77,77,77,77,77,77,77,77,77,77,77,77,77,77,77,77,77,77,77,77,77,77,77,77,77,77,77,77],"card_choices":[{"not_picked":["Deflect","Finisher"],"picked":"Poisoned Stab","floor":1.0},{"not_picked":["Dagger Spray","Underhanded Strike"],"picked":"Noxious Fumes","floor":2.0},{"not_picked":["Slice","Quick Slash"],"picked":"Infinite Blades","floor":4.0},{"not_picked":["Deflect","Poisoned Stab"],"picked":"All Out Attack","floor":5.0},{"not_picked":["Noxious Fumes","Outmaneuver"],"picked":"Dash","floor":7.0},{"not_picked":["Flying Knee","Acrobatics"],"picked":"Dagger Throw","floor":8.0},{"not_picked":["Deflect","Poisoned Stab"],"picked":"Deadly Poison","floor":11.0},{"not_picked":["Endless Agony","Underhanded Strike","Flying Knee"],"picked":"SKIP","floor":12.0},{"not_picked":["Backflip","Flying Knee"],"picked":"Adrenaline","floor":13.0},{"not_picked":["Bullet Time","Unload","Envenom"],"picked":"Wraith Form v2","floor":16.0},{"not_picked":["Setup","Distraction","Flying Knee","Dagger Spray+1"],"picked":"SKIP","floor":18.0},{"not_picked":["Bane","Slice","Accuracy","Heel Hook"],"picked":"SKIP","floor":19.0},{"not_picked":["Slice+1","Noxious Fumes","Acrobatics"],"picked":"Cloak And Dagger+1","floor":21.0},{"not_picked":["Sucker Punch","Eviscerate","Outmaneuver"],"picked":"Backstab","floor":22.0},{"not_picked":["Underhanded Strike","Bane","Dodge and Roll"],"picked":"Sucker Punch+1","floor":24.0},{"not_picked":["Deflect","Flying Knee","Poisoned Stab"],"picked":"Tactician+1","floor":28.0},{"not_picked":["Prepared+1","Riddle With Holes","Distraction"],"picked":"Catalyst+1","floor":30.0},{"not_picked":["Prepared","Sucker Punch","Grand Finale","Underhanded Strike"],"picked":"SKIP","floor":31.0},{"not_picked":["Adrenaline","Unload","Die Die Die"],"picked":"After Image","floor":33},{"not_picked":["Backflip","Dodge and Roll+1","Acrobatics"],"picked":"Footwork+1","floor":35},{"not_picked":["Underhanded Strike","Concentrate+1","Deflect+1","Quick Slash+1"],"picked":"SKIP","floor":41},{"not_picked":["Blade Dance+1","Endless Agony+1","Dagger Throw+1"],"picked":"Well Laid Plans+1","floor":45},{"not_picked":["Slice+1","Setup","Distraction"],"picked":"Backflip","floor":46},{"not_picked":["Dagger Spray+1","Glass Knife+1","Deflect+1"],"picked":"Well Laid Plans+1","floor":47}],"player_experience":418010,"relics_obtained":[{"floor":7.0,"key":"Ornamental Fan"},{"floor":9.0,"key":"Snake Skull"},{"floor":13.0,"key":"Question Card"},{"floor":26.0,"key":"Regal Pillow"},{"floor":43,"key":"Molten Egg 2"},{"floor":45,"key":"Bottled Lightning"},{"floor":46,"key":"Ice Cream"}],"event_choices":[{"damage_healed":0.0,"max_hp_gain":0.0,"max_hp_loss":0.0,"gold_gain":0.0,"event_name":"Addict","player_choice":"Obtained Relic","floor":29.0,"gold_loss":85.0,"damage_taken":0.0,"relics_obtained":["PreservedInsect"]},{"damage_healed":0,"gold_gain":0,"player_choice":"Memory 1","damage_taken":0,"max_hp_gain":0,"max_hp_loss":0,"event_name":"SensoryStone","floor":36,"gold_loss":0},{"damage_healed":0,"gold_gain":0,"player_choice":"Ignored","damage_taken":0,"max_hp_gain":0,"max_hp_loss":0,"event_name":"Mysterious Sphere","floor":37,"gold_loss":0},{"damage_healed":0,"gold_gain":0,"player_choice":"Paid","damage_taken":0,"relics_obtained":["Red Mask"],"max_hp_gain":0,"max_hp_loss":0,"event_name":"Tomb of Lord Red Mask","floor":39,"gold_loss":155},{"damage_healed":0,"gold_gain":0,"player_choice":"Fight","damage_taken":0,"max_hp_gain":0,"max_hp_loss":0,"event_name":"MindBloom","floor":46,"gold_loss":0}],"is_beta":false,"boss_relics":[{"not_picked":["Cursed Key","Fusion Hammer"],"picked":"Coffee Dripper"},{"not_picked":["Eternal Feather","Pandora\u0027s Box"],"picked":"Astrolabe"}],"items_purged_floors":[20,48],"is_endless":false,"potions_floor_spawned":[4,5,7,13,16,18,28,31,41,46,47],"ascension_level":3}