{"gold_per_floor":[115,115,135,150,165,196,196,196,196,196,196,207,207,207],"floor_reached":14,"playtime":590,"items_purged":[],"score":90,"play_id":"a4d8708c-fe23-48eb-8397-c955e38fa180","local_time":"20180624080210","is_ascension_mode":false,"campfire_choices":[{"data":"Infinite Blades","floor":7.0,"key":"SMITH"},{"floor":13.0,"key":"REST"}],"neow_cost":"","seed_source_timestamp":0,"circlet_count":0,"master_deck":["Defend_G","Defend_G+1","Defend_G","Defend_G+1","Defend_G","Strike_G","Strike_G","Strike_G","Strike_G","Strike_G","Survivor","Neutralize","Cloak And Dagger+1","Regret","Accuracy+1","Infinite Blades+1","Terror","Footwork","Dodge and Roll"],"special_seed":17705,"relics":["Ring of the Snake","War Paint","Mummified Hand","Bag of Marbles","Toolbox"],"potions_floor_usage":[],"damage_taken":[{"damage":0.0,"enemies":"Small Slimes","floor":1.0,"turns":3.0},{"damage":5.0,"enemies":"Cultist","floor":3.0,"turns":4.0},{"damage":0.0,"enemies":"2 Louse","floor":4.0,"turns":3.0},{"damage":1.0,"enemies":"Blue Slaver","floor":5.0,"turns":5.0},{"damage":16.0,"enemies":"3 Sentries","floor":6.0,"turns":9.0},{"damage":17.0,"enemies":"2 Fungi Beasts","floor":12.0,"turns":4.0},{"damage":5,"enemies":"Exordium Thugs","floor":14,"turns":3}],"seed_played":"-6976896986924356498","potions_obtained":[{"floor":3.0,"key":"Fire Potion"},{"floor":6.0,"key":"Weak Potion"}],"is_trial":false,"path_per_floor":["M","?","M","M","M","E","R","?","T","?","?","M","R"],"character_chosen":"THE_SILENT","items_purchased":[],"campfire_rested":1,"item_purchase_floors":[],"current_hp_per_floor":[70,70,65,65,64,48,48,48,48,48,48,31,52,47],"gold":207,"neow_bonus":"","is_prod":false,"is_daily":false,"chose_seed":false,"campfire_upgraded":1,"win_rate":0,"timestamp":1529820130,"path_taken":["M","?","M","M","M","E","R","?","T","?","?","M","R","M"],"build_version":"2018-06-21v2","purchased_purges":0,"victory":false,"max_hp_per_floor":[70,70,70,70,70,70,70,70,70,70,70,70,70,70],"card_choices":[{"not_picked":["Slice","Quick Slash"],"picked":"Cloak And Dagger","floor":1.0},{"not_picked":["Crippling Poison","Outmaneuver"],"picked":"Accuracy","floor":3.0},{"not_picked":["Finisher","Dagger Spray"],"picked":"Infinite Blades","floor":4.0},{"not_picked":["Poisoned Stab","Dagger Throw"],"picked":"Terror","floor":5.0},{"not_picked":["Catalyst","Acrobatics"],"picked":"Footwork","floor":6.0},{"not_picked":["Poisoned Stab","PiercingWail"],"picked":"Dodge and Roll","floor":12.0}],"player_experience":28655,"relics_obtained":[{"floor":6.0,"key":"Bag of Marbles"},{"floor":9.0,"key":"Toolbox"}],"event_choices":[{"event_name":"Big Fish","player_choice":"Box","floor":2.0,"damage_taken":0.0},{"event_name":"Living Wall","player_choice":"Grow","floor":8.0,"damage_taken":0.0},{"event_name":"Upgrade Shrine","player_choice":"Upgraded","floor":10.0,"damage_taken":0.0},{"event_name":"Golden Idol","player_choice":"Ignored","floor":11.0,"damage_taken":0.0}],"boss_relics":[],"items_purged_floors":[],"is_endless":false,"potions_floor_spawned":[3,6],"killed_by":"Exordium Thugs","ascension_level":0}