{"gold_per_floor":[209,225,225,240,260,260,271,271,271,271,16,36,16,16,16,116,116,128,128,142,84,97,97,97,97,123,140,80,97,116,116,116,215,215,232,142,3,18,37,37,37],"floor_reached":41,"playtime":1711,"items_purged":["Strike_G"],"score":443,"play_id":"dd046e9f-4ed8-4e6a-a120-dc9debaab5ce","local_time":"20190528235238","is_ascension_mode":true,"campfire_choices":[{"data":"Poisoned Stab","floor":6.0,"key":"SMITH"},{"data":"Leg Sweep","floor":8.0,"key":"SMITH"},{"data":"PiercingWail","floor":10.0,"key":"SMITH"},{"floor":15.0,"key":"REST"},{"data":"Noxious Fumes","floor":23.0,"key":"SMITH"},{"data":"Venomology","floor":25.0,"key":"SMITH"},{"floor":32.0,"key":"REST"},{"floor":40.0,"key":"REST"}],"neow_cost":"NONE","seed_source_timestamp":91894085789500,"circlet_count":0,"master_deck":["Defend_G+1","Defend_G+1","Defend_G+1","Defend_G+1","Defend_G+1","Strike_G+1","Strike_G+1","Strike_G+1","Survivor+1","Neutralize+1","PiercingWail+1","Poisoned Stab+1","Bane","Leg Sweep+1","Backstab+1","Poisoned Stab+1","Crippling Poison","After Image","Dagger Throw+1","Quick Slash+1","Noxious Fumes+1","Dagger Throw+1","Outmaneuver+1","Corpse Explosion","Bane+1","Catalyst","Burst","Well Laid Plans","Dagger Throw+1"],"special_seed":0,"relics":["Ring of the Snake","The Courier","Molten Egg 2","White Beast Statue","Ornamental Fan","Omamori","Sozu"],"potions_floor_usage":[],"damage_taken":[{"damage":0.0,"enemies":"Small Slimes","floor":1.0,"turns":4.0},{"damage":4.0,"enemies":"Cultist","floor":2.0,"turns":5.0},{"damage":7.0,"enemies":"2 Louse","floor":4.0,"turns":4.0},{"damage":12.0,"enemies":"Red Slaver","floor":5.0,"turns":5.0},{"damage":5.0,"enemies":"Large Slime","floor":7.0,"turns":6.0},{"damage":0.0,"enemies":"Exordium Thugs","floor":12.0,"turns":4.0},{"damage":28.0,"enemies":"Slime Boss","floor":16.0,"turns":15.0},{"damage":19.0,"enemies":"3 Byrds","floor":18.0,"turns":5.0},{"damage":4.0,"enemies":"Shell Parasite","floor":20.0,"turns":7.0},{"damage":15.0,"enemies":"Snake Plant","floor":22.0,"turns":4.0},{"damage":29.0,"enemies":"3 Cultists","floor":27.0,"turns":8.0},{"damage":22.0,"enemies":"Shelled Parasite and Fungi","floor":29.0,"turns":6.0},{"damage":4.0,"enemies":"Snake Plant","floor":30.0,"turns":3.0},{"damage":15.0,"enemies":"Automaton","floor":33.0,"turns":8.0},{"damage":11.0,"enemies":"3 Shapes","floor":35.0,"turns":6.0},{"damage":3.0,"enemies":"3 Darklings","floor":38.0,"turns":2.0},{"damage":24.0,"enemies":"Jaw Worm Horde","floor":39.0,"turns":3.0},{"damage":69,"enemies":"Giant Head","floor":41,"turns":8}],"seed_played":"5987507217931979612","potions_obtained":[{"floor":1.0,"key":"Poison Potion"},{"floor":5.0,"key":"Explosive Potion"},{"floor":16.0,"key":"Regen Potion"},{"floor":18.0,"key":"Block Potion"},{"floor":22.0,"key":"Block Potion"},{"floor":27.0,"key":"Poison Potion"},{"floor":29.0,"key":"SpeedPotion"},{"floor":30.0,"key":"Block Potion"},{"floor":33.0,"key":"LiquidBronze"}],"is_trial":false,"path_per_floor":["M","M","?","M","M","R","M","R","T","R","$","M","$","?","R","B",null,"M","T","M","$","M","R","?","R","T","M","$","M","M","?","R","B",null,"M","?","$","M","M","R","E"],"character_chosen":"THE_SILENT","items_purchased":["Molten Egg 2","Backstab+1","Poisoned Stab+1","Noxious Fumes","Burst","Well Laid Plans"],"campfire_rested":3,"item_purchase_floors":[11,11,13,21,37,37],"current_hp_per_floor":[70,66,66,59,47,47,42,42,42,42,42,42,42,42,63,35,70,51,51,61,61,46,46,46,46,46,17,17,10,6,6,27,12,70,59,59,59,56,32,53,0],"gold":37,"neow_bonus":"HUNDRED_GOLD","is_prod":false,"is_daily":false,"chose_seed":false,"campfire_upgraded":5,"win_rate":0,"timestamp":1559112758,"path_taken":["M","M","?","M","M","R","M","R","T","R","?","M","$","?","R","BOSS","M","?","M","$","M","R","?","R","T","M","$","?","M","?","R","BOSS","M","?","$","?","M","R","E"],"build_version":"2019-01-23","purchased_purges":1,"victory":false,"max_hp_per_floor":[70,70,70,70,70,70,70,70,70,70,70,70,70,70,70,70,70,70,70,70,70,70,70,70,70,70,70,70,70,70,70,70,70,70,70,70,70,70,70,70,70],"card_choices":[{"not_picked":["Reflex","Escape Plan"],"picked":"PiercingWail","floor":1.0},{"not_picked":["Terror","Underhanded Strike","Accuracy"],"picked":"SKIP","floor":2.0},{"not_picked":["Skewer","Heel Hook"],"picked":"Poisoned Stab","floor":4.0},{"not_picked":["Quick Slash","Blade Dance"],"picked":"Bane","floor":5.0},{"not_picked":["Dagger Throw","Acrobatics"],"picked":"Leg Sweep","floor":7.0},{"not_picked":["Leg Sweep","Terror"],"picked":"Venomology","floor":12.0},{"not_picked":["Venomology","Phantasmal Killer"],"picked":"After Image","floor":16.0},{"not_picked":["Predator+1","PiercingWail"],"picked":"Dagger Throw+1","floor":18.0},{"not_picked":["Acrobatics","Backstab+1"],"picked":"Quick Slash+1","floor":20.0},{"not_picked":["Tactician","Underhanded Strike+1"],"picked":"Dagger Throw+1","floor":22.0},{"not_picked":["Bane+1","Escape Plan+1"],"picked":"Outmaneuver+1","floor":27.0},{"not_picked":["Dagger Throw+1","Skewer+1"],"picked":"Corpse Explosion","floor":29.0},{"not_picked":["Blade Dance+1","Poisoned Stab+1"],"picked":"Bane+1","floor":30.0},{"not_picked":["Noxious Fumes+1","Deflect"],"picked":"Catalyst","floor":35.0},{"not_picked":["Acrobatics+1","Choke+1"],"picked":"Dagger Throw+1","floor":38.0},{"not_picked":["Expertise+1","Outmaneuver+1","Leg Sweep"],"picked":"SKIP","floor":39.0}],"player_experience":105639,"relics_obtained":[{"floor":9.0,"key":"The Courier"},{"floor":19.0,"key":"Ornamental Fan"},{"floor":26.0,"key":"Omamori"}],"event_choices":[{"damage_healed":0.0,"max_hp_gain":0.0,"max_hp_loss":0.0,"gold_gain":0.0,"event_name":"Upgrade Shrine","player_choice":"Upgraded","floor":3.0,"gold_loss":0.0,"damage_taken":0.0,"cards_upgraded":["Survivor"]},{"damage_healed":0.0,"max_hp_gain":0.0,"max_hp_loss":0.0,"gold_gain":0.0,"cards_transformed":["Strike_G"],"event_name":"Transmorgrifier","player_choice":"Transformed","floor":14.0,"gold_loss":0.0,"damage_taken":0.0,"cards_obtained":["Crippling Poison"]},{"damage_healed":0.0,"max_hp_gain":0.0,"max_hp_loss":0.0,"gold_gain":0.0,"event_name":"Vampires","player_choice":"Ignored","floor":24.0,"gold_loss":0.0,"damage_taken":0.0},{"damage_healed":0.0,"max_hp_gain":0.0,"max_hp_loss":0.0,"gold_gain":0.0,"event_name":"Back to Basics","player_choice":"Simplicity","floor":31.0,"gold_loss":0.0,"damage_taken":0.0,"cards_upgraded":["Defend_G","Defend_G","Defend_G","Defend_G","Defend_G","Strike_G","Strike_G","Strike_G"]},{"cards_removed":["Venomology"],"damage_healed":0.0,"max_hp_gain":0.0,"max_hp_loss":0.0,"gold_gain":0.0,"event_name":"Designer","player_choice":"Upgrade and Remove","floor":36.0,"gold_loss":90.0,"damage_taken":0.0,"cards_upgraded":["Neutralize"]}],"is_beta":false,"boss_relics":[{"not_picked":["Astrolabe","Fusion Hammer"],"picked":"White Beast Statue"},{"not_picked":["Coffee Dripper","Orrery"],"picked":"Sozu"}],"items_purged_floors":[28],"is_endless":false,"potions_floor_spawned":[1,5,16,18,20,22,27,29,30,33,35,38,39],"killed_by":"Giant Head","ascension_level":3}