{"gold_per_floor":[112,124,174,32,46,46,75,75,75,93,93,119,18,30,30,30],"floor_reached":16,"playtime":878,"items_purged":["Strike_R"],"score":198,"play_id":"9f2ecce1-83f1-4a70-a0a5-6b0d7bde7d19","local_time":"20190519001330","is_ascension_mode":true,"campfire_choices":[{"data":"True Grit","floor":6,"key":"SMITH"},{"data":"Bash","floor":8,"key":"SMITH"},{"data":"Feel No Pain","floor":11,"key":"SMITH"},{"floor":15,"key":"REST"}],"neow_cost":"NONE","seed_source_timestamp":315743476870024,"circlet_count":0,"master_deck":["AscendersBane","Strike_R","Strike_R","Strike_R","Strike_R","Defend_R","Defend_R","Defend_R","Defend_R","Bash+1","Hemokinesis","Sword Boomerang","Feel No Pain+1","True Grit+1","Clothesline","Dropkick","Battle Trance","Offering","Body Slam","Rupture"],"relics":["Burning Blood","Ornamental Fan","Bronze Scales","Mummified Hand"],"potions_floor_usage":[7,7,12],"damage_taken":[{"damage":19,"enemies":"Jaw Worm","floor":1,"turns":5},{"damage":4,"enemies":"Cultist","floor":2,"turns":4},{"damage":4,"enemies":"2 Louse","floor":5,"turns":3},{"damage":41,"enemies":"Lagavulin","floor":7,"turns":7},{"damage":0,"enemies":"Large Slime","floor":10,"turns":4},{"damage":22,"enemies":"Gremlin Nob","floor":12,"turns":4},{"damage":5,"enemies":"3 Louse","floor":14,"turns":4},{"damage":50,"enemies":"The Guardian","floor":16,"turns":8}],"seed_played":"8227364617328427348","potions_obtained":[{"floor":1,"key":"Energy Potion"},{"floor":5,"key":"SkillPotion"},{"floor":7,"key":"Ancient Potion"},{"floor":10,"key":"Energy Potion"}],"is_trial":false,"path_per_floor":["M","M","?","$","M","R","E","R","T","M","R","E","$","M","R","B"],"character_chosen":"IRONCLAD","items_purchased":["Feel No Pain","True Grit","Body Slam"],"campfire_rested":1,"item_purchase_floors":[4,4,13],"current_hp_per_floor":[62,64,64,64,66,66,31,31,31,37,37,21,21,22,46,0],"gold":30,"neow_bonus":"TEN_PERCENT_HP_BONUS","is_prod":false,"is_daily":false,"chose_seed":false,"campfire_upgraded":3,"win_rate":0,"timestamp":1558239210,"path_taken":["M","M","?","?","M","R","E","R","T","M","R","E","$","M","R","BOSS"],"build_version":"2019-01-23","purchased_purges":1,"victory":false,"max_hp_per_floor":[82,82,82,82,82,82,82,82,82,82,82,82,82,82,82,82],"card_choices":[{"not_picked":["Evolve","Clothesline"],"picked":"Hemokinesis","floor":1},{"not_picked":["Armaments","Clothesline"],"picked":"Sword Boomerang","floor":2},{"not_picked":["Wild Strike","Rage"],"picked":"Clothesline","floor":5},{"not_picked":["Reckless Charge","Clash"],"picked":"Dropkick","floor":7},{"not_picked":["Shrug It Off","Iron Wave"],"picked":"Battle Trance","floor":10},{"not_picked":["Fire Breathing","Sever Soul"],"picked":"Offering","floor":12},{"not_picked":["Thunderclap","Wild Strike"],"picked":"Rupture","floor":14}],"player_experience":2170266,"relics_obtained":[{"floor":7,"key":"Ornamental Fan"},{"floor":9,"key":"Bronze Scales"},{"floor":12,"key":"Mummified Hand"}],"event_choices":[{"damage_healed":0,"gold_gain":50,"player_choice":"Pray","damage_taken":0,"max_hp_gain":0,"max_hp_loss":0,"event_name":"Golden Shrine","floor":3,"gold_loss":0}],"is_beta":false,"boss_relics":[],"items_purged_floors":[13],"is_endless":false,"potions_floor_spawned":[1,5,7,10],"killed_by":"The Guardian","ascension_level":16}