{"gold_per_floor":[113,126,146,162,162,162,181,181,231,241,261,136,154,170,170,272,272,288,84,44,55,75,103,103,130,130,142,142,161,10,38,50,167,179,201,227,239,266,278,290,335,347,359,388,107,107,117,136,136,136],"floor_reached":51,"playtime":2936,"items_purged":["Strike_G","Defend_G"],"score":834,"play_id":"da36c8b7-67d4-4239-b993-bc5141f812e9","local_time":"20190525161839","is_ascension_mode":true,"campfire_choices":[{"floor":6.0,"key":"REST"},{"data":"Catalyst","floor":8.0,"key":"SMITH"},{"data":"Bouncing Flask","floor":15.0,"key":"SMITH"},{"floor":24.0,"key":"REST"},{"floor":32.0,"key":"REST"},{"floor":40.0,"key":"REST"},{"floor":42.0,"key":"REST"},{"floor":49,"key":"REST"}],"neow_cost":"NONE","seed_source_timestamp":340545138330000,"circlet_count":0,"master_deck":["Defend_G","Defend_G","Defend_G","Defend_G","Strike_G","Strike_G","Strike_G","Survivor","Neutralize","Adrenaline","Deadly Poison+1","Deadly Poison+1","Cloak And Dagger","Catalyst+1","Flechettes","Poisoned Stab","Bouncing Flask+1","Corpse Explosion+1","Bane+1","Bane+1","Backflip","Prepared+1","Skewer+1","Quick Slash+1","Dodge and Roll+1","Finesse","Quick Slash","Poisoned Stab+1"],"special_seed":0,"relics":["Ring of the Snake","PreservedInsect","Black Star","TwistedFunnel","Mercury Hourglass","Lantern","War Paint","Ninja Scroll","Snake Skull","Pocketwatch","Pen Nib","MawBank","Paper Crane","HoveringKite","Nunchaku","Letter Opener","Juzu Bracelet","Toy Ornithopter"],"potions_floor_usage":[48,50,50],"damage_taken":[{"damage":2.0,"enemies":"2 Louse","floor":1.0,"turns":4.0},{"damage":1.0,"enemies":"Cultist","floor":2.0,"turns":3.0},{"damage":11.0,"enemies":"Jaw Worm","floor":3.0,"turns":5.0},{"damage":15.0,"enemies":"Lots of Slimes","floor":4.0,"turns":6.0},{"damage":6.0,"enemies":"Exordium Thugs","floor":7.0,"turns":5.0},{"damage":3.0,"enemies":"3 Louse","floor":10.0,"turns":4.0},{"damage":0.0,"enemies":"Red Slaver","floor":11.0,"turns":4.0},{"damage":4.0,"enemies":"Blue Slaver","floor":13.0,"turns":4.0},{"damage":2.0,"enemies":"Exordium Wildlife","floor":14.0,"turns":3.0},{"damage":17.0,"enemies":"Hexaghost","floor":16.0,"turns":6.0},{"damage":20.0,"enemies":"3 Byrds","floor":18.0,"turns":3.0},{"damage":7.0,"enemies":"Chosen","floor":21.0,"turns":3.0},{"damage":8.0,"enemies":"Snake Plant","floor":22.0,"turns":2.0},{"damage":12.0,"enemies":"Book of Stabbing","floor":23.0,"turns":3.0},{"damage":0.0,"enemies":"Gremlin Leader","floor":25.0,"turns":3.0},{"damage":2.0,"enemies":"Snecko","floor":27.0,"turns":3.0},{"damage":3.0,"enemies":"Centurion and Healer","floor":29.0,"turns":3.0},{"damage":3.0,"enemies":"Book of Stabbing","floor":31.0,"turns":2.0},{"damage":19.0,"enemies":"Champ","floor":33.0,"turns":5.0},{"damage":22.0,"enemies":"3 Darklings","floor":35.0,"turns":2.0},{"damage":2.0,"enemies":"3 Shapes","floor":36.0,"turns":3.0},{"damage":28.0,"enemies":"Transient","floor":38.0,"turns":5.0},{"damage":19.0,"enemies":"Giant Head","floor":41.0,"turns":6.0},{"damage":11.0,"enemies":"3 Darklings","floor":44.0,"turns":3.0},{"damage":3.0,"enemies":"Spire Growth","floor":47.0,"turns":2.0},{"damage":40,"enemies":"Transient","floor":48,"turns":5},{"damage":40,"enemies":"Time Eater","floor":50,"turns":5}],"seed_played":"-5865976879586233592","potions_obtained":[{"floor":3.0,"key":"GhostInAJar"},{"floor":10.0,"key":"FearPotion"},{"floor":13.0,"key":"EssenceOfSteel"},{"floor":16.0,"key":"Block Potion"},{"floor":23.0,"key":"Regen Potion"},{"floor":38.0,"key":"Regen Potion"},{"floor":41.0,"key":"GamblersBrew"},{"floor":48,"key":"EssenceOfSteel"}],"is_trial":false,"path_per_floor":["M","M","M","M","?","R","M","R","T","M","M","$","M","M","R","B",null,"M","$","?","M","M","E","R","E","T","M","?","M","$","E","R","B",null,"M","M","?","M","?","R","E","R","T","M","$","?","M","M","R","B",null],"character_chosen":"THE_SILENT","items_purchased":["Poisoned Stab","TwistedFunnel","Pen Nib","Toy Ornithopter"],"campfire_rested":6,"item_purchase_floors":[12,19,30,45],"current_hp_per_floor":[68,67,56,41,34,55,49,49,49,46,46,46,42,40,40,23,70,50,50,50,43,35,23,44,44,44,42,42,39,39,36,57,38,70,48,46,46,18,18,39,20,41,41,30,30,61,58,28,46,30],"gold":136,"neow_bonus":"ONE_RANDOM_RARE_CARD","is_prod":false,"is_daily":false,"chose_seed":false,"campfire_upgraded":2,"win_rate":0,"timestamp":1558826319,"path_taken":["M","M","M","M","?","R","?","R","T","M","M","$","M","M","R","BOSS","M","$","?","M","M","E","R","E","T","?","?","M","$","E","R","BOSS","M","M","?","?","?","R","E","R","T","M","$","?","M","M","R","BOSS"],"build_version":"2019-01-23","purchased_purges":2,"victory":true,"max_hp_per_floor":[70,70,70,70,70,70,70,70,70,70,70,70,70,70,70,70,70,70,70,70,70,70,70,70,70,70,70,70,70,70,70,70,70,70,70,70,70,70,70,70,70,70,70,70,70,61,61,61,61,61],"card_choices":[{"not_picked":["Outmaneuver","Flechettes"],"picked":"Deadly Poison","floor":1.0},{"not_picked":["Dagger Spray","Outmaneuver"],"picked":"Deadly Poison","floor":2.0},{"not_picked":["Dagger Throw","Distraction"],"picked":"Cloak And Dagger","floor":3.0},{"not_picked":["Dagger Spray","Deadly Poison"],"picked":"Catalyst","floor":4.0},{"not_picked":["Reflex","Dagger Throw","Caltrops"],"picked":"SKIP","floor":7.0},{"not_picked":["Underhanded Strike","PiercingWail","Blade Dance"],"picked":"SKIP","floor":10.0},{"not_picked":["Prepared","Backstab"],"picked":"Flechettes","floor":11.0},{"not_picked":["Caltrops","Choke","PiercingWail"],"picked":"SKIP","floor":13.0},{"not_picked":["Quick Slash","Eviscerate"],"picked":"Bouncing Flask","floor":14.0},{"not_picked":["Bullet Time","Phantasmal Killer"],"picked":"Corpse Explosion","floor":16.0},{"not_picked":["Expertise","Distraction"],"picked":"Bane+1","floor":18.0},{"not_picked":["Slice","Skewer","Riddle With Holes"],"picked":"SKIP","floor":21.0},{"not_picked":["PiercingWail","Dodge and Roll"],"picked":"Bane+1","floor":22.0},{"not_picked":["Underhanded Strike","Dagger Spray","Bane"],"picked":"SKIP","floor":23.0},{"not_picked":["Quick Slash","Tools of the Trade"],"picked":"Backflip","floor":25.0},{"not_picked":["Underhanded Strike","Bane+1"],"picked":"Prepared+1","floor":27.0},{"not_picked":["Dagger Spray","Acrobatics","Outmaneuver"],"picked":"SKIP","floor":29.0},{"not_picked":["Cloak And Dagger","Underhanded Strike","Deadly Poison"],"picked":"SKIP","floor":31.0},{"not_picked":["Eviscerate+1","All Out Attack"],"picked":"Skewer+1","floor":35.0},{"not_picked":["Outmaneuver","Choke"],"picked":"Quick Slash+1","floor":36.0},{"not_picked":["Backstab","Flying Knee+1"],"picked":"Dodge and Roll+1","floor":38.0},{"not_picked":["Purity","Good Instincts"],"picked":"Finesse","floor":39.0},{"not_picked":["Riddle With Holes","Distraction+1"],"picked":"Quick Slash","floor":41.0},{"not_picked":["Quick Slash","Backflip","Reflex"],"picked":"SKIP","floor":44.0},{"not_picked":["Tactician","Endless Agony"],"picked":"Poisoned Stab+1","floor":47.0},{"not_picked":["PiercingWail","Sucker Punch","Blade Dance+1"],"picked":"SKIP","floor":48}],"player_experience":89512,"relics_obtained":[{"floor":9.0,"key":"PreservedInsect"},{"floor":23.0,"key":"Mercury Hourglass"},{"floor":23.0,"key":"Lantern"},{"floor":25.0,"key":"War Paint"},{"floor":25.0,"key":"Ninja Scroll"},{"floor":26.0,"key":"Snake Skull"},{"floor":31.0,"key":"MawBank"},{"floor":31.0,"key":"Paper Crane"},{"floor":41.0,"key":"Nunchaku"},{"floor":41.0,"key":"Letter Opener"},{"floor":43.0,"key":"Juzu Bracelet"}],"event_choices":[{"damage_healed":0.0,"max_hp_gain":0.0,"max_hp_loss":0.0,"gold_gain":0.0,"event_name":"Wheel of Change","player_choice":"Damaged","floor":5.0,"gold_loss":0.0,"damage_taken":7.0},{"damage_healed":0.0,"max_hp_gain":0.0,"max_hp_loss":0.0,"gold_gain":0.0,"event_name":"Designer","player_choice":"Upgrade","floor":20.0,"gold_loss":40.0,"damage_taken":0.0,"cards_upgraded":["Deadly Poison"]},{"damage_healed":0.0,"max_hp_gain":0.0,"max_hp_loss":0.0,"gold_gain":0.0,"event_name":"The Mausoleum","player_choice":"Opened","floor":28.0,"gold_loss":0.0,"damage_taken":0.0,"relics_obtained":["Pocketwatch"]},{"cards_removed":["Strike_G"],"damage_healed":0.0,"max_hp_gain":0.0,"max_hp_loss":0.0,"gold_gain":0.0,"event_name":"Purifier","player_choice":"Purged","floor":37.0,"gold_loss":0.0,"damage_taken":0.0},{"damage_healed":0.0,"max_hp_gain":0.0,"max_hp_loss":0.0,"gold_gain":0.0,"event_name":"SensoryStone","player_choice":"Memory 1","floor":39.0,"gold_loss":0.0,"damage_taken":0.0},{"damage_healed":61.0,"max_hp_gain":0.0,"max_hp_loss":9.0,"gold_gain":0.0,"event_name":"The Moai Head","player_choice":"Heal","floor":46.0,"gold_loss":0.0,"damage_taken":0.0}],"is_beta":false,"boss_relics":[{"not_picked":["White Beast Statue","Busted Crown"],"picked":"Black Star"},{"not_picked":["Calling Bell","Fusion Hammer"],"picked":"HoveringKite"}],"items_purged_floors":[12,45],"is_endless":false,"potions_floor_spawned":[3,10,13,16,18,21,23,27,33,38,41,47,48],"ascension_level":2}