{"gold_per_floor":[116,134,134,84,101,101,130,150,150,150,325,355,369,369,369,369],"floor_reached":16,"playtime":418,"items_purged":[],"score":160,"play_id":"fc352126-f1e9-4946-939b-37d3fab5ee10","local_time":"20190318230942","is_ascension_mode":false,"campfire_choices":[{"data":"Sever Soul","floor":6,"key":"SMITH"},{"data":"Cleave","floor":10,"key":"SMITH"},{"floor":15,"key":"REST"}],"neow_cost":"NONE","seed_source_timestamp":438806329319966,"circlet_count":0,"master_deck":["Strike_R","Strike_R","Strike_R","Strike_R+1","Strike_R","Defend_R","Defend_R","Defend_R","Bash+1","Sever Soul+1","Cleave+1","Headbutt","Metallicize","Doubt","Metallicize+1"],"relics":["Burning Blood","Charon\u0027s Ashes","Frozen Egg 2","The Courier","Gremlin Horn"],"potions_floor_usage":[2,16],"damage_taken":[{"damage":1,"enemies":"2 Louse","floor":1,"turns":5},{"damage":2,"enemies":"Small Slimes","floor":2,"turns":4},{"damage":11,"enemies":"Jaw Worm","floor":5,"turns":2},{"damage":14,"enemies":"Gremlin Nob","floor":7,"turns":3},{"damage":0,"enemies":"Large Slime","floor":8,"turns":3},{"damage":18,"enemies":"3 Sentries","floor":12,"turns":4},{"damage":16,"enemies":"Exordium Thugs","floor":13,"turns":4}],"seed_played":"2655532077263349986","potions_obtained":[{"floor":1,"key":"Fruit Juice"},{"floor":8,"key":"BloodPotion"},{"floor":12,"key":"Poison Potion"}],"is_trial":false,"path_per_floor":["M","M","?","?","M","R","E","M","T","R","?","E","M","T","R","B"],"character_chosen":"IRONCLAD","items_purchased":[],"campfire_rested":1,"item_purchase_floors":[],"current_hp_per_floor":[88,93,74,74,69,69,61,67,67,67,67,55,45,45,72,0],"gold":369,"neow_bonus":"TEN_PERCENT_HP_BONUS","is_prod":false,"is_daily":false,"chose_seed":false,"campfire_upgraded":2,"win_rate":0,"timestamp":1552918182,"path_taken":["M","M","?","?","M","R","E","M","T","R","?","E","M","?","R","BOSS"],"build_version":"2019-01-23","purchased_purges":0,"victory":false,"max_hp_per_floor":[88,93,93,93,93,93,93,93,93,93,93,93,93,93,93,93],"card_choices":[{"not_picked":["Sword Boomerang","Flame Barrier"],"picked":"Sever Soul","floor":1},{"not_picked":["True Grit","Sword Boomerang","Havoc"],"picked":"SKIP","floor":2},{"not_picked":["Sever Soul","Pommel Strike"],"picked":"Cleave","floor":5},{"not_picked":["Evolve","Sword Boomerang"],"picked":"Headbutt","floor":7},{"not_picked":["Second Wind","Rage"],"picked":"Metallicize","floor":8},{"not_picked":["Berserk+1","Power Through"],"picked":"Metallicize+1","floor":12},{"not_picked":["Warcry","Body Slam","Cleave"],"picked":"SKIP","floor":13}],"player_experience":309767,"relics_obtained":[{"floor":7,"key":"Charon\u0027s Ashes"},{"floor":9,"key":"Frozen Egg 2"},{"floor":12,"key":"The Courier"},{"floor":14,"key":"Gremlin Horn"}],"event_choices":[{"damage_healed":0,"gold_gain":0,"player_choice":"Entered Light","damage_taken":19,"max_hp_gain":0,"max_hp_loss":0,"event_name":"Shining Light","floor":3,"gold_loss":0,"cards_upgraded":["Strike_R","Bash"]},{"cards_removed":["Defend_R"],"damage_healed":0,"gold_gain":0,"player_choice":"Card Removal","damage_taken":0,"max_hp_gain":0,"max_hp_loss":0,"event_name":"The Cleric","floor":4,"gold_loss":50},{"damage_healed":0,"gold_gain":175,"player_choice":"AGREE","damage_taken":0,"max_hp_gain":0,"max_hp_loss":0,"event_name":"Liars Game","floor":11,"gold_loss":0,"cards_obtained":["Doubt"]}],"is_beta":false,"boss_relics":[],"items_purged_floors":[],"is_endless":false,"potions_floor_spawned":[1,8,12],"killed_by":"The Guardian","ascension_level":0}