{"gold_per_floor":[116,136,153,62,62,62,90,265,265,265,2,2,23,23,23,127,127,101,101,101],"floor_reached":20,"playtime":1360,"items_purged":["Doubt"],"score":260,"play_id":"31364327-5a8b-49d6-b6e5-d0a2c19edbbd","local_time":"20190506180852","is_ascension_mode":true,"campfire_choices":[{"data":"1","floor":6,"key":"LIFT"},{"floor":12,"key":"REST"},{"floor":15,"key":"REST"}],"neow_cost":"TEN_PERCENT_HP_LOSS","seed_source_timestamp":623060640387701,"circlet_count":0,"master_deck":["AscendersBane","Defend_G","Defend_G","Defend_G","Defend_G","Defend_G","Strike_G","Strike_G","Strike_G","Strike_G","Survivor","Neutralize","Crippling Poison","PiercingWail","Blade Dance","Footwork","PiercingWail","Quick Slash","Footwork","Well Laid Plans","Phantasmal Killer","Backstab"],"relics":["Ring of the Snake","Girya","Shuriken","Regal Pillow","PreservedInsect","Odd Mushroom","The Courier","WristBlade","NlothsMask"],"potions_floor_usage":[],"damage_taken":[{"damage":0,"enemies":"Cultist","floor":1,"turns":5},{"damage":1,"enemies":"2 Louse","floor":2,"turns":4},{"damage":4,"enemies":"Small Slimes","floor":3,"turns":4},{"damage":41,"enemies":"Lagavulin","floor":7,"turns":14},{"damage":21,"enemies":"The Mushroom Lair","floor":13,"turns":5},{"damage":5,"enemies":"Hexaghost","floor":16,"turns":12},{"damage":38,"enemies":"2 Thieves","floor":18,"turns":5},{"damage":25,"enemies":"Shell Parasite","floor":20,"turns":4}],"seed_played":"7827199918104898396","potions_obtained":[{"floor":2,"key":"Dexterity Potion"},{"floor":13,"key":"Block Potion"}],"is_trial":false,"path_per_floor":["M","M","M","$","?","R","E","?","T","?","$","R","?","T","R","B",null,"M","?","M"],"character_chosen":"THE_SILENT","items_purchased":["Footwork","PiercingWail","PreservedInsect","Footwork"],"campfire_rested":2,"item_purchase_floors":[4,4,11,11],"current_hp_per_floor":[63,62,58,58,51,51,10,10,10,10,10,43,22,22,55,50,60,22,22,0],"gold":101,"neow_bonus":"ONE_RARE_RELIC","is_prod":false,"is_daily":false,"chose_seed":false,"campfire_upgraded":0,"win_rate":0,"timestamp":1557180532,"path_taken":["M","M","M","$","?","R","E","?","T","?","$","R","?","?","R","BOSS","M","?","M"],"build_version":"2019-01-23","purchased_purges":1,"victory":false,"max_hp_per_floor":[63,63,63,63,63,63,63,63,63,63,63,63,63,63,63,63,63,63,63,63],"card_choices":[{"not_picked":["Prepared","Concentrate"],"picked":"Crippling Poison","floor":1},{"not_picked":["Riddle With Holes","Backflip"],"picked":"PiercingWail","floor":2},{"not_picked":["Acrobatics","Flechettes"],"picked":"Blade Dance","floor":3},{"not_picked":["Catalyst","Noxious Fumes"],"picked":"Quick Slash","floor":7},{"not_picked":["Blur","Flying Knee"],"picked":"Well Laid Plans","floor":13},{"not_picked":["Die Die Die","Grand Finale"],"picked":"Phantasmal Killer","floor":16},{"not_picked":["Deadly Poison","Skewer+1"],"picked":"Backstab","floor":18}],"player_experience":349507,"relics_obtained":[{"floor":7,"key":"Shuriken"},{"floor":9,"key":"Regal Pillow"},{"floor":13,"key":"Odd Mushroom"},{"floor":14,"key":"The Courier"}],"event_choices":[{"cards_removed":["Strike_G"],"damage_healed":0,"gold_gain":0,"player_choice":"Card Removal","damage_taken":7,"max_hp_gain":0,"max_hp_loss":0,"event_name":"Golden Wing","floor":5,"gold_loss":0},{"damage_healed":0,"gold_gain":175,"player_choice":"AGREE","damage_taken":0,"max_hp_gain":0,"max_hp_loss":0,"event_name":"Liars Game","floor":8,"gold_loss":0,"cards_obtained":["Doubt"]},{"damage_healed":0,"gold_gain":0,"player_choice":"Ignored","damage_taken":0,"max_hp_gain":0,"max_hp_loss":0,"event_name":"Shining Light","floor":10,"gold_loss":0},{"damage_healed":0,"gold_gain":0,"player_choice":"Fought Mushrooms","damage_taken":0,"max_hp_gain":0,"max_hp_loss":0,"event_name":"Mushrooms","floor":13,"gold_loss":0},{"damage_healed":0,"gold_gain":0,"player_choice":"Trade","damage_taken":0,"relics_obtained":["NlothsMask"],"max_hp_gain":0,"max_hp_loss":0,"event_name":"FaceTrader","floor":19,"gold_loss":0}],"is_beta":false,"boss_relics":[{"not_picked":["Calling Bell","Ring of the Serpent"],"picked":"WristBlade"}],"items_purged_floors":[11],"is_endless":false,"potions_floor_spawned":[2,13,18],"killed_by":"Shell Parasite","ascension_level":11}