{"gold_per_floor":[111,128,140,315,334,334,334,353,353,1,26,26,59,79,79,204,204,224,260,250,210,210,210,228,228,228,0,25,45,68,68,68,68],"floor_reached":33,"playtime":2911,"items_purged":["Doubt","Injury"],"score":253,"play_id":"8f9764ef-0ed9-4764-9e2a-2caf1b2e62ab","local_time":"20190523015126","is_ascension_mode":false,"campfire_choices":[{"data":"Bouncing Flask","floor":6.0,"key":"SMITH"},{"data":"Burst","floor":12.0,"key":"SMITH"},{"floor":15.0,"key":"REST"},{"floor":23.0,"key":"REST"},{"floor":25.0,"key":"REST"},{"floor":32.0,"key":"REST"}],"neow_cost":"PERCENT_DAMAGE","seed_source_timestamp":116078914287100,"circlet_count":0,"master_deck":["Defend_G","Defend_G","Defend_G","Defend_G","Defend_G","Strike_G","Strike_G","Strike_G+1","Strike_G","Strike_G","Survivor","Neutralize","Bouncing Flask+1","Acrobatics","Flying Knee","Deadly Poison","Dagger Throw","Burst+1","Prepared","Adrenaline","Backflip+1","Envenom","Dash+1","Sucker Punch+1","Expertise+1","Terror+1","Noxious Fumes","Dodge and Roll","Well Laid Plans+1","Deadly Poison+1"],"special_seed":0,"relics":["Ring of the Snake","Golden Idol","Matryoshka","Lantern","Pocketwatch","HoveringKite","Red Mask","Omamori","FossilizedHelix","Boot"],"potions_floor_usage":[33],"damage_taken":[{"damage":0.0,"enemies":"Small Slimes","floor":1.0,"turns":4.0},{"damage":0.0,"enemies":"Jaw Worm","floor":2.0,"turns":4.0},{"damage":0.0,"enemies":"Cultist","floor":3.0,"turns":3.0},{"damage":2.0,"enemies":"Blue Slaver","floor":5.0,"turns":4.0},{"damage":0.0,"enemies":"Large Slime","floor":8.0,"turns":6.0},{"damage":10.0,"enemies":"Looter","floor":11.0,"turns":3.0},{"damage":13.0,"enemies":"Lagavulin","floor":13.0,"turns":4.0},{"damage":8.0,"enemies":"Lots of Slimes","floor":14.0,"turns":4.0},{"damage":50.0,"enemies":"Slime Boss","floor":16.0,"turns":11.0},{"damage":0.0,"enemies":"Chosen","floor":18.0,"turns":4.0},{"damage":68.0,"enemies":"Masked Bandits","floor":19.0,"turns":6.0},{"damage":6.0,"enemies":"2 Thieves","floor":20.0,"turns":4.0},{"damage":0.0,"enemies":"Sentry and Sphere","floor":22.0,"turns":1.0},{"damage":9.0,"enemies":"Centurion and Healer","floor":24.0,"turns":8.0},{"damage":25.0,"enemies":"3 Cultists","floor":28.0,"turns":6.0},{"damage":0.0,"enemies":"Snake Plant","floor":29.0,"turns":5.0},{"damage":12.0,"enemies":"Sentry and Sphere","floor":30.0,"turns":5.0},{"damage":67,"enemies":"Collector","floor":33,"turns":6}],"seed_played":"-5628297962867612031","potions_obtained":[{"floor":1.0,"key":"SmokeBomb"},{"floor":2.0,"key":"Swift Potion"},{"floor":5.0,"key":"Energy Potion"},{"floor":19.0,"key":"Ancient Potion"},{"floor":24.0,"key":"GamblersBrew"},{"floor":28.0,"key":"Fire Potion"}],"is_trial":false,"path_per_floor":["M","M","M","?","M","R","?","M","T","$","M","R","E","M","R","B",null,"M","?","M","?","M","R","M","R","T","$","M","M","M","?","R","B"],"character_chosen":"THE_SILENT","items_purchased":["Lantern","Burst","Prepared","Noxious Fumes","Dodge and Roll"],"campfire_rested":4,"item_purchase_floors":[10,10,10,27,27],"current_hp_per_floor":[63,63,63,63,61,61,61,61,61,61,51,51,38,30,55,5,84,84,16,10,10,10,35,26,51,51,51,26,26,14,14,39,0],"gold":68,"neow_bonus":"TWENTY_PERCENT_HP_BONUS","is_prod":false,"is_daily":false,"chose_seed":false,"campfire_upgraded":2,"win_rate":0.0,"timestamp":1558601486,"path_taken":["M","M","M","?","M","R","?","M","T","$","M","R","E","M","R","BOSS","M","?","M","?","?","R","M","R","T","$","M","M","M","?","R","BOSS"],"build_version":"2019-01-23","purchased_purges":2,"victory":false,"max_hp_per_floor":[84,84,84,84,84,84,84,84,84,84,84,84,84,84,84,84,84,84,84,84,84,84,84,84,84,84,84,84,84,84,84,84,84],"card_choices":[{"not_picked":["Sucker Punch","Infinite Blades"],"picked":"Bouncing Flask","floor":1.0},{"not_picked":["Sucker Punch","Distraction"],"picked":"Acrobatics","floor":2.0},{"not_picked":["All Out Attack","Deflect"],"picked":"Flying Knee","floor":3.0},{"not_picked":["Underhanded Strike","Dodge and Roll"],"picked":"Deadly Poison","floor":5.0},{"not_picked":["Unload","Sucker Punch"],"picked":"Dagger Throw","floor":8.0},{"not_picked":["Dagger Spray","Reflex","Endless Agony"],"picked":"SKIP","floor":11.0},{"not_picked":["Deflect","Tactician"],"picked":"Adrenaline","floor":13.0},{"not_picked":["Noxious Fumes","Masterful Stab"],"picked":"Backflip","floor":14.0},{"not_picked":["Tools of the Trade","Phantasmal Killer"],"picked":"Envenom","floor":16.0},{"not_picked":["Prepared","Tactician"],"picked":"Dash+1","floor":18.0},{"not_picked":["Acrobatics","Flechettes"],"picked":"Sucker Punch+1","floor":19.0},{"not_picked":["Dagger Spray","Flying Knee"],"picked":"Expertise+1","floor":20.0},{"not_picked":["Prepared","Reflex+1"],"picked":"Terror+1","floor":24.0},{"not_picked":["Dodge and Roll","Dagger Throw"],"picked":"Well Laid Plans+1","floor":28.0},{"not_picked":["Venomology","Underhanded Strike"],"picked":"Deadly Poison+1","floor":29.0},{"not_picked":["Reflex","Footwork+1","Endless Agony"],"picked":"SKIP","floor":30.0}],"player_experience":13826,"relics_obtained":[{"floor":9.0,"key":"Matryoshka"},{"floor":13.0,"key":"Pocketwatch"},{"floor":19.0,"key":"Red Mask"},{"floor":26.0,"key":"Omamori"},{"floor":26.0,"key":"FossilizedHelix"}],"event_choices":[{"damage_healed":0.0,"max_hp_gain":0.0,"max_hp_loss":0.0,"gold_gain":175.0,"event_name":"Liars Game","player_choice":"AGREE","floor":4.0,"gold_loss":0.0,"damage_taken":0.0,"cards_obtained":["Doubt"]},{"damage_healed":0.0,"max_hp_gain":0.0,"max_hp_loss":0.0,"gold_gain":0.0,"event_name":"Golden Idol","player_choice":"Take Wound","floor":7.0,"gold_loss":0.0,"damage_taken":0.0,"relics_obtained":["Golden Idol"],"cards_obtained":["Injury"]},{"damage_healed":0.0,"max_hp_gain":0.0,"max_hp_loss":0.0,"gold_gain":0.0,"event_name":"Masked Bandits","player_choice":"Fought Bandits","floor":19.0,"gold_loss":0.0,"damage_taken":0.0},{"damage_healed":0.0,"max_hp_gain":0.0,"max_hp_loss":0.0,"gold_gain":0.0,"event_name":"Designer","player_choice":"Upgraded Two","floor":21.0,"gold_loss":40.0,"damage_taken":0.0,"cards_upgraded":["Strike_G","Backflip"]},{"damage_healed":0.0,"max_hp_gain":0.0,"max_hp_loss":0.0,"gold_gain":0.0,"event_name":"Addict","player_choice":"Stole Relic","floor":31.0,"gold_loss":0.0,"damage_taken":0.0,"relics_obtained":["Boot"],"cards_obtained":["Shame"]}],"is_beta":false,"boss_relics":[{"not_picked":["Black Star","Empty Cage"],"picked":"HoveringKite"}],"items_purged_floors":[10,27],"is_endless":false,"potions_floor_spawned":[1,2,5,14,19,24,28,30],"killed_by":"Collector","ascension_level":0}