{"gold_per_floor":[116,126,144,96,96,129,129,144,144,144,178,178,178,191,191,291,291,304,338,338,338,338,369,379,379,379,379,410,410,428,447,447,551,551,562,572,624,637,396,429,529,556,556,656,675,708,727,738,738,738],"floor_reached":51,"playtime":3016,"items_purged":[],"score":885,"play_id":"bc63d13d-e496-4fa7-a660-ed2929ae17f6","local_time":"20190602230551","daily_mods":["Diverse"],"is_ascension_mode":false,"campfire_choices":[{"floor":10.0,"key":"REST"},{"data":"Buffer","floor":12.0,"key":"SMITH"},{"data":"Crippling Poison","floor":15.0,"key":"SMITH"},{"data":"Demon Form","floor":27.0,"key":"SMITH"},{"data":"Infernal Blade","floor":29.0,"key":"SMITH"},{"floor":32.0,"key":"REST"},{"data":"Meteor Strike","floor":49,"key":"SMITH"}],"neow_cost":"","seed_source_timestamp":0,"circlet_count":0,"master_deck":["Strike_R+1","Strike_R","Strike_R","Strike_R","Defend_R","Defend_R","Defend_R+1","Defend_R","Bash","Poisoned Stab","Deadly Poison","Cleave","Blade Dance","Buffer+1","Crippling Poison+1","Flying Knee","Bloodletting","Demon Form+1","Clothesline+1","Infernal Blade+1","Deflect+1","Noxious Fumes+1","Anger","Meteor Strike+1","Iron Wave+1","Conserve Battery","Poisoned Stab+1","Auto Shields","Self Repair","Panacea","Chill+1","Blade Dance","Sunder+1","Chaos+1","Caltrops"],"special_seed":0,"relics":["Black Blood","Thread and Needle","FossilizedHelix","Pear","Bag of Preparation","Red Mask","Mummified Hand","Enchiridion","Kunai","Bottled Tornado","Shuriken","Sozu","Incense Burner","Nunchaku","Dead Branch","Pen Nib","Paper Frog","Vajra"],"potions_floor_usage":[50],"damage_taken":[{"damage":6.0,"enemies":"Cultist","floor":1.0,"turns":3.0},{"damage":4.0,"enemies":"2 Louse","floor":2.0,"turns":3.0},{"damage":6.0,"enemies":"Jaw Worm","floor":3.0,"turns":3.0},{"damage":33.0,"enemies":"3 Sentries","floor":6.0,"turns":9.0},{"damage":0.0,"enemies":"Red Slaver","floor":8.0,"turns":3.0},{"damage":3.0,"enemies":"Gremlin Nob","floor":11.0,"turns":5.0},{"damage":0.0,"enemies":"3 Louse","floor":14.0,"turns":3.0},{"damage":75.0,"enemies":"Hexaghost","floor":16.0,"turns":13.0},{"damage":5.0,"enemies":"3 Byrds","floor":18.0,"turns":3.0},{"damage":33.0,"enemies":"Masked Bandits","floor":19.0,"turns":4.0},{"damage":12.0,"enemies":"Book of Stabbing","floor":23.0,"turns":6.0},{"damage":0.0,"enemies":"Chosen","floor":24.0,"turns":4.0},{"damage":13.0,"enemies":"Slavers","floor":28.0,"turns":4.0},{"damage":0.0,"enemies":"Centurion and Healer","floor":30.0,"turns":5.0},{"damage":10.0,"enemies":"Snake Plant","floor":31.0,"turns":3.0},{"damage":18.0,"enemies":"Collector","floor":33.0,"turns":7.0},{"damage":0.0,"enemies":"3 Shapes","floor":35.0,"turns":3.0},{"damage":0.0,"enemies":"3 Darklings","floor":36.0,"turns":4.0},{"damage":25,"enemies":"2 Orb Walkers","floor":37,"turns":5},{"damage":0,"enemies":"4 Shapes","floor":38,"turns":4},{"damage":0,"enemies":"Nemesis","floor":40,"turns":5},{"damage":18,"enemies":"Mind Bloom Boss Battle","floor":41,"turns":6},{"damage":0,"enemies":"Giant Head","floor":42,"turns":7},{"damage":0,"enemies":"Transient","floor":45,"turns":5},{"damage":0,"enemies":"Nemesis","floor":46,"turns":7},{"damage":0,"enemies":"Sphere and 2 Shapes","floor":47,"turns":4},{"damage":1,"enemies":"4 Shapes","floor":48,"turns":4},{"damage":31,"enemies":"Donu and Deca","floor":50,"turns":8}],"seed_played":"5314897154785670604","potions_obtained":[{"floor":1.0,"key":"Dexterity Potion"},{"floor":8.0,"key":"Weak Potion"},{"floor":11.0,"key":"Ancient Potion"},{"floor":24.0,"key":"EntropicBrew"},{"floor":28.0,"key":"FearPotion"}],"is_trial":true,"path_per_floor":["M","M","M","$","?","E","T","M","T","R","E","R","?","M","R","B",null,"M","?","$","T","?","E","M","?","T","R","E","R","M","M","R","B",null,"M","M","?","M","$","E","?","E","T","?","M","E","M","M","R","B",null],"character_chosen":"IRONCLAD","items_purchased":["Blade Dance","Auto Shields","Self Repair","Panacea"],"campfire_rested":2,"item_purchase_floors":[4,39,39,39],"current_hp_per_floor":[80,80,80,80,64,37,37,43,53,80,83,83,83,89,89,20,90,90,67,67,67,51,49,59,59,59,59,56,56,66,66,90,82,90,90,90,75,85,85,90,89,90,90,90,90,90,90,90,90,76],"gold":738,"neow_bonus":"","is_prod":false,"is_daily":false,"chose_seed":false,"campfire_upgraded":5,"win_rate":0,"timestamp":1559509551,"path_taken":["M","?","?","$","?","E","?","?","T","R","E","R","?","?","R","BOSS","M","?","?","?","?","E","M","?","T","R","E","R","M","?","R","BOSS","M","M","?","M","$","E","?","E","T","?","M","E","?","M","R","BOSS"],"build_version":"2019-01-23","purchased_purges":0,"victory":true,"max_hp_per_floor":[80,80,80,80,80,80,80,80,90,90,90,90,90,90,90,90,90,90,90,90,90,90,90,90,90,90,90,90,90,90,90,90,90,90,90,90,90,90,90,90,90,90,90,90,90,90,90,90,90,90],"card_choices":[{"not_picked":["Armaments","Footwork"],"picked":"Poisoned Stab","floor":1.0},{"not_picked":["Sweeping Beam","Escape Plan"],"picked":"Deadly Poison","floor":2.0},{"not_picked":["Beam Cell","Steam"],"picked":"Cleave","floor":3.0},{"not_picked":["Catalyst","Armaments"],"picked":"Buffer","floor":6.0},{"not_picked":["Reprogram","Reckless Charge"],"picked":"Crippling Poison","floor":8.0},{"not_picked":["Shrug It Off","Turbo"],"picked":"Flying Knee","floor":11.0},{"not_picked":["Reflex","Pommel Strike","Dropkick"],"picked":"SKIP","floor":14.0},{"not_picked":["Barricade","A Thousand Cuts"],"picked":"Demon Form","floor":16.0},{"not_picked":["Poisoned Stab","Quick Slash+1"],"picked":"Clothesline+1","floor":18.0},{"not_picked":["Shrug It Off","Havoc"],"picked":"Infernal Blade","floor":19.0},{"not_picked":["Disarm","Skim"],"picked":"Deflect+1","floor":23.0},{"not_picked":["Havoc","Choke+1"],"picked":"Noxious Fumes+1","floor":24.0},{"not_picked":["Uppercut","Storm of Steel","Infernal Blade"],"picked":"SKIP","floor":28.0},{"not_picked":["Warcry","Heatsinks"],"picked":"Anger","floor":30.0},{"not_picked":["Predator","Rebound","Finisher"],"picked":"SKIP","floor":31.0},{"not_picked":["Machine Learning","Dark Embrace"],"picked":"Meteor Strike","floor":33.0},{"not_picked":["Clash+1","Sentinel+1"],"picked":"Iron Wave+1","floor":35.0},{"not_picked":["Choke","Dodge and Roll","Consume"],"picked":"SKIP","floor":36.0},{"not_picked":["Thunderclap","Dodge and Roll+1"],"picked":"Conserve Battery","floor":37},{"not_picked":["Quick Slash","Tactician"],"picked":"Poisoned Stab+1","floor":38},{"not_picked":["Dropkick+1","Rip and Tear"],"picked":"Chill+1","floor":40},{"not_picked":["Concentrate","Prepared"],"picked":"Blade Dance","floor":41},{"not_picked":["Masterful Stab","Caltrops+1"],"picked":"Sunder+1","floor":42},{"not_picked":["Heavy Blade","Uppercut"],"picked":"Chaos+1","floor":45},{"not_picked":["Rebound","Chaos+1"],"picked":"Caltrops","floor":46},{"not_picked":["Clash","Pommel Strike","Unload"],"picked":"SKIP","floor":47},{"not_picked":["Outmaneuver","Endless Agony+1","Burning Pact+1"],"picked":"SKIP","floor":48}],"player_experience":277765,"relics_obtained":[{"floor":6.0,"key":"Thread and Needle"},{"floor":7.0,"key":"FossilizedHelix"},{"floor":9.0,"key":"Pear"},{"floor":11.0,"key":"Bag of Preparation"},{"floor":19.0,"key":"Red Mask"},{"floor":21.0,"key":"Mummified Hand"},{"floor":22.0,"key":"Enchiridion"},{"floor":23.0,"key":"Kunai"},{"floor":26.0,"key":"Bottled Tornado"},{"floor":28.0,"key":"Shuriken"},{"floor":37,"key":"Incense Burner"},{"floor":40,"key":"Nunchaku"},{"floor":41,"key":"Dead Branch"},{"floor":42,"key":"Pen Nib"},{"floor":43,"key":"Paper Frog"},{"floor":46,"key":"Vajra"}],"event_choices":[{"damage_healed":0.0,"max_hp_gain":0.0,"max_hp_loss":0.0,"gold_gain":0.0,"event_name":"Shining Light","player_choice":"Entered Light","floor":5.0,"gold_loss":0.0,"damage_taken":16.0,"cards_upgraded":["Strike_R","Defend_R"]},{"damage_healed":0.0,"max_hp_gain":0.0,"max_hp_loss":0.0,"gold_gain":0.0,"cards_transformed":["Strike_R"],"event_name":"Transmorgrifier","player_choice":"Transformed","floor":13.0,"gold_loss":0.0,"damage_taken":0.0,"cards_obtained":["Bloodletting"]},{"damage_healed":0.0,"max_hp_gain":0.0,"max_hp_loss":0.0,"gold_gain":0.0,"event_name":"Masked Bandits","player_choice":"Fought Bandits","floor":19.0,"gold_loss":0.0,"damage_taken":0.0},{"damage_healed":0.0,"max_hp_gain":0.0,"max_hp_loss":0.0,"gold_gain":0.0,"event_name":"Cursed Tome","player_choice":"Obtained Book","floor":22.0,"gold_loss":0.0,"damage_taken":16.0},{"damage_healed":0.0,"max_hp_gain":0.0,"max_hp_loss":0.0,"gold_gain":0.0,"event_name":"The Woman in Blue","player_choice":"Bought 0 Potions","floor":25.0,"gold_loss":0.0,"damage_taken":0.0},{"damage_healed":0,"gold_gain":0,"player_choice":"Fight","damage_taken":0,"max_hp_gain":0,"max_hp_loss":0,"event_name":"Mysterious Sphere","floor":37,"gold_loss":0},{"damage_healed":0,"gold_gain":0,"player_choice":"Fight","damage_taken":0,"max_hp_gain":0,"max_hp_loss":0,"event_name":"MindBloom","floor":41,"gold_loss":0},{"damage_healed":0,"gold_gain":100,"player_choice":"Pray","damage_taken":0,"max_hp_gain":0,"max_hp_loss":0,"event_name":"Golden Shrine","floor":44,"gold_loss":0}],"is_beta":false,"boss_relics":[{"not_picked":["Runic Pyramid","Snecko Eye"],"picked":"Black Blood"},{"not_picked":["White Beast Statue","Runic Dome"],"picked":"Sozu"}],"items_purged_floors":[],"is_endless":false,"potions_floor_spawned":[1,8,11,14,24,28,31,37,42,45,47,48],"ascension_level":0}