{"gold_per_floor":[113,113,131,131,406,440,459,486,486,486,498,147,166,181,181,277,277,290,302,315,335,335,362,82,82,82,97,97,116,146,56,56,157,157,167,167,182,182,195,195,195],"floor_reached":41,"playtime":6293,"items_purged":["Regret"],"score":601,"play_id":"6db2eab5-6a18-494a-b6a7-782b9f4d18e5","local_time":"20190507150924","is_ascension_mode":true,"campfire_choices":[{"floor":10.0,"key":"REST"},{"data":"Double Energy","floor":15.0,"key":"SMITH"},{"floor":25.0,"key":"REST"},{"floor":28.0,"key":"REST"},{"data":"Chill","floor":32.0,"key":"SMITH"},{"data":"Echo Form","floor":40,"key":"SMITH"}],"neow_cost":"TEN_PERCENT_HP_LOSS","seed_source_timestamp":0,"circlet_count":0,"master_deck":["Strike_B+1","Strike_B+1","Defend_B","Defend_B","Defend_B+1","Defend_B","Zap+1","Dualcast+1","Leap+1","Conserve Battery","Ball Lightning","Echo Form+1","Chill+1","Self Repair","Double Energy+1","Glacier","Tempest+1","Hyperbeam","Leap+1","Defragment+1","BootSequence+1","Fission+1","Electrodynamics+1","Capacitor+1"],"special_seed":0,"relics":["FrozenCore","Ginger","Anchor","Dead Branch","Dodecahedron","ClockworkSouvenir","Nuclear Battery","Whetstone","Toxic Egg 2","Frozen Egg 2","Ornamental Fan","Mercury Hourglass","Pocketwatch"],"potions_floor_usage":[35],"damage_taken":[{"damage":1.0,"enemies":"Cultist","floor":1.0,"turns":4.0},{"damage":0.0,"enemies":"Small Slimes","floor":3.0,"turns":2.0},{"damage":14.0,"enemies":"3 Sentries","floor":6.0,"turns":10.0},{"damage":0.0,"enemies":"2 Louse","floor":7.0,"turns":2.0},{"damage":26.0,"enemies":"Lagavulin","floor":8.0,"turns":7.0},{"damage":0.0,"enemies":"Red Slaver","floor":11.0,"turns":3.0},{"damage":0.0,"enemies":"Lots of Slimes","floor":13.0,"turns":1.0},{"damage":0.0,"enemies":"Exordium Thugs","floor":14.0,"turns":4.0},{"damage":31.0,"enemies":"The Guardian","floor":16.0,"turns":12.0},{"damage":0.0,"enemies":"Chosen","floor":18.0,"turns":5.0},{"damage":0.0,"enemies":"Spheric Guardian","floor":19.0,"turns":5.0},{"damage":42.0,"enemies":"Cultist and Chosen","floor":20.0,"turns":8.0},{"damage":6.0,"enemies":"Snecko","floor":21.0,"turns":4.0},{"damage":26.0,"enemies":"Slavers","floor":23.0,"turns":5.0},{"damage":7.0,"enemies":"Centurion and Healer","floor":27.0,"turns":8.0},{"damage":0.0,"enemies":"Chosen and Byrds","floor":29.0,"turns":6.0},{"damage":2.0,"enemies":"Book of Stabbing","floor":30.0,"turns":5.0},{"damage":28.0,"enemies":"Automaton","floor":33.0,"turns":12.0},{"damage":0,"enemies":"3 Darklings","floor":35,"turns":3},{"damage":0,"enemies":"3 Shapes","floor":37,"turns":6},{"damage":23,"enemies":"Transient","floor":39,"turns":5},{"damage":52,"enemies":"Reptomancer","floor":41,"turns":3}],"seed_played":"-9167209227103139848","potions_obtained":[{"floor":1.0,"key":"SteroidPotion"},{"floor":3.0,"key":"SpeedPotion"},{"floor":14.0,"key":"Block Potion"},{"floor":19.0,"key":"AttackPotion"},{"floor":23.0,"key":"Weak Potion"},{"floor":29.0,"key":"EssenceOfSteel"}],"is_trial":false,"path_per_floor":["M","?","M","?","?","E","M","E","T","R","M","$","M","M","R","B",null,"M","M","M","M","?","E","$","R","T","M","R","M","E","?","R","B",null,"M","?","M","T","M","R","E"],"character_chosen":"DEFECT","items_purchased":["Self Repair","ClockworkSouvenir","Toxic Egg 2","Leap+1"],"campfire_rested":3,"item_purchase_floors":[12,12,24,24],"current_hp_per_floor":[67,67,67,53,53,39,39,13,13,33,33,33,33,40,40,16,55,68,68,33,34,34,8,8,28,28,35,55,55,53,53,53,32,59,59,59,66,66,50,50,0],"gold":195,"neow_bonus":"ONE_RARE_RELIC","is_prod":false,"is_daily":false,"chose_seed":false,"campfire_upgraded":3,"win_rate":0,"timestamp":1557256164,"path_taken":["M","?","M","?","?","E","?","E","T","R","M","$","M","M","R","BOSS","M","M","M","M","?","E","?","R","T","?","R","M","E","?","R","BOSS","M","?","?","?","M","R","E"],"build_version":"2019-01-23","purchased_purges":1,"victory":false,"max_hp_per_floor":[68,68,68,68,68,68,68,68,68,68,68,68,68,68,68,68,68,68,68,68,68,68,68,68,68,68,68,68,68,68,68,68,68,68,68,68,68,68,68,68,68],"card_choices":[{"not_picked":["Melter","Fusion"],"picked":"Leap","floor":1.0},{"not_picked":["Sweeping Beam","Double Energy"],"picked":"Conserve Battery","floor":3.0},{"not_picked":["Force Field","Thunder Strike","Redo"],"picked":"SKIP","floor":6.0},{"not_picked":["Undo","Lockon"],"picked":"Ball Lightning","floor":7.0},{"not_picked":["Darkness","Cold Snap"],"picked":"Echo Form","floor":8.0},{"not_picked":["Barrage","Reprogram"],"picked":"Chill","floor":11.0},{"not_picked":["Leap","Gash"],"picked":"Double Energy","floor":13.0},{"not_picked":["Conserve Battery","Fusion","Steam"],"picked":"SKIP","floor":14.0},{"not_picked":["Go for the Eyes+1","Streamline"],"picked":"Glacier","floor":18.0},{"not_picked":["Cold Snap","Rebound","Tempest"],"picked":"SKIP","floor":19.0},{"not_picked":["Blizzard","Cold Snap"],"picked":"Tempest+1","floor":20.0},{"not_picked":["Streamline","Barrage+1","Rip and Tear"],"picked":"SKIP","floor":21.0},{"not_picked":["Tempest","Turbo","Fusion"],"picked":"SKIP","floor":23.0},{"not_picked":["Lockon","Sunder+1"],"picked":"Defragment+1","floor":27.0},{"not_picked":["Blizzard","Doom and Gloom","Stack+1"],"picked":"SKIP","floor":29.0},{"not_picked":["Ball Lightning","Redo+1"],"picked":"BootSequence+1","floor":30.0},{"not_picked":["Reboot+1","Buffer+1"],"picked":"Fission+1","floor":33.0},{"not_picked":["Steam+1","Streamline","Barrage+1"],"picked":"SKIP","floor":35},{"not_picked":["Ball Lightning","Stack+1"],"picked":"Electrodynamics+1","floor":37},{"not_picked":["Static Discharge+1","Stack+1"],"picked":"Capacitor+1","floor":39}],"player_experience":742695,"relics_obtained":[{"floor":6.0,"key":"Anchor"},{"floor":8.0,"key":"Dead Branch"},{"floor":9.0,"key":"Dodecahedron"},{"floor":23.0,"key":"Whetstone"},{"floor":26.0,"key":"Frozen Egg 2"},{"floor":30.0,"key":"Ornamental Fan"},{"floor":38,"key":"Pocketwatch"}],"event_choices":[{"damage_healed":0.0,"max_hp_gain":0.0,"max_hp_loss":0.0,"gold_gain":0.0,"event_name":"Living Wall","player_choice":"Grow","floor":2.0,"gold_loss":0.0,"damage_taken":0.0,"cards_upgraded":["Zap"]},{"damage_healed":0.0,"max_hp_gain":0.0,"max_hp_loss":0.0,"gold_gain":0.0,"event_name":"Shining Light","player_choice":"Entered Light","floor":4.0,"gold_loss":0.0,"damage_taken":14.0,"cards_upgraded":["Dualcast","Leap"]},{"damage_healed":0.0,"max_hp_gain":0.0,"max_hp_loss":0.0,"gold_gain":275.0,"event_name":"Golden Shrine","player_choice":"Desecrate","floor":5.0,"gold_loss":0.0,"damage_taken":0.0,"cards_obtained":["Regret"]},{"damage_healed":0.0,"max_hp_gain":0.0,"max_hp_loss":0.0,"gold_gain":0.0,"cards_transformed":["Strike_B"],"event_name":"Transmorgrifier","player_choice":"Transformed","floor":22.0,"gold_loss":0.0,"damage_taken":0.0,"cards_obtained":["Hyperbeam"]},{"cards_removed":["Strike_B"],"damage_healed":0.0,"max_hp_gain":0.0,"max_hp_loss":0.0,"gold_gain":0.0,"event_name":"Designer","player_choice":"Upgrade and Remove","floor":31.0,"gold_loss":90.0,"damage_taken":0.0,"cards_upgraded":["Defend_B"]},{"damage_healed":0,"gold_gain":0,"player_choice":"Gave Potion","damage_taken":0,"relics_obtained":["Mercury Hourglass"],"max_hp_gain":0,"max_hp_loss":0,"event_name":"WeMeetAgain","floor":36,"gold_loss":0}],"is_beta":false,"boss_relics":[{"not_picked":["Astrolabe","Orrery"],"picked":"Nuclear Battery"},{"not_picked":["Black Star","Runic Pyramid"],"picked":"FrozenCore"}],"items_purged_floors":[12],"is_endless":false,"potions_floor_spawned":[1,3,14,19,23,29],"killed_by":"Reptomancer","ascension_level":7}