{"gold_per_floor":[109,109,34,46,59,59,91,91,91,266,266,285,285,302,302,398,398,410,424,70,70,70,70,99,119,144,144,158,158,168,181,181,283,283,296,153,153,80,80,80,80],"floor_reached":41,"playtime":1462,"items_purged":["Defend_B","Doubt"],"score":509,"play_id":"eff82886-9f5d-47f8-8dc8-2e9ad120a6b1","local_time":"20180725181640","daily_mods":["Heirloom","Allstar","Time Dilation"],"is_ascension_mode":false,"campfire_choices":[{"data":"Madness","floor":6,"key":"SMITH"},{"data":"Genetic Algorithm","floor":8,"key":"SMITH"},{"data":"Zap","floor":11,"key":"SMITH"},{"data":"Dualcast","floor":15,"key":"SMITH"},{"data":"Consume","floor":23,"key":"SMITH"},{"data":"Defragment","floor":27,"key":"SMITH"},{"data":"Defragment","floor":29,"key":"SMITH"},{"data":"Capacitor","floor":32,"key":"SMITH"},{"data":"Apotheosis","floor":40,"key":"SMITH"}],"neow_cost":"","seed_source_timestamp":0,"circlet_count":0,"master_deck":["Strike_B","Strike_B+1","Strike_B","Defend_B+1","Defend_B","Defend_B","Zap+1","Dualcast+1","Finesse","Dramatic Entrance","Trip","Madness+1","Panacea","BootSequence","Sweeping Beam+1","Gash","Sunder","Genetic Algorithm+1","Hologram","Capacitor+1","Beam Cell","Melter","Defragment+1","Defragment+1","Hologram","Ball Lightning","Consume+1","Coolheaded","Core Surge+1","Go for the Eyes+1","Auto Shields","Hologram+1","Self Repair","Apotheosis+1","Finesse","Purity"],"relics":["Cracked Core","Gambling Chip","Meat on the Bone","Gremlin Horn","Orrery","Runic Capacitor","Enchiridion","Potion Belt","Omamori","Runic Pyramid","Whetstone"],"potions_floor_usage":[7,16,16,33,33,33,41],"damage_taken":[{"damage":7,"enemies":"Small Slimes","floor":1,"turns":3},{"damage":2,"enemies":"2 Louse","floor":4,"turns":2},{"damage":1,"enemies":"Cultist","floor":5,"turns":3},{"damage":18,"enemies":"Gremlin Nob","floor":7,"turns":3},{"damage":0,"enemies":"Looter","floor":12,"turns":2},{"damage":0,"enemies":"Exordium Wildlife","floor":14,"turns":2},{"damage":0,"enemies":"Slime Boss","floor":16,"turns":6},{"damage":20,"enemies":"3 Byrds","floor":18,"turns":3},{"damage":23,"enemies":"Shell Parasite","floor":19,"turns":6},{"damage":0,"enemies":"Gremlin Leader","floor":24,"turns":5},{"damage":7,"enemies":"Snake Plant","floor":25,"turns":3},{"damage":18,"enemies":"3 Cultists","floor":28,"turns":4},{"damage":7,"enemies":"Chosen and Byrds","floor":30,"turns":4},{"damage":11,"enemies":"Centurion and Healer","floor":31,"turns":5},{"damage":13,"enemies":"Champ","floor":33,"turns":10},{"damage":7,"enemies":"Orb Walker","floor":35,"turns":3},{"damage":32,"enemies":"2 Orb Walkers","floor":41,"turns":3}],"seed_played":"-3750576101473761530","potions_obtained":[{"floor":1,"key":"FearPotion"},{"floor":4,"key":"FearPotion"},{"floor":5,"key":"PowerPotion"},{"floor":16,"key":"Ancient Potion"},{"floor":18,"key":"SteroidPotion"},{"floor":19,"key":"LiquidBronze"},{"floor":28,"key":"Block Potion"},{"floor":30,"key":"Energy Potion"}],"is_trial":true,"path_per_floor":["M","?","$","M","M","R","E","R","T","?","R","M","?","M","R","B",null,"M","M","$","?","?","R","E","M","T","R","M","R","M","M","R","B",null,"M","$","?","$","?","R"],"character_chosen":"DEFECT","items_purchased":["Runic Capacitor","Coolheaded","Whetstone","Self Repair"],"campfire_rested":0,"item_purchase_floors":[20,20,36,38],"current_hp_per_floor":[68,68,68,66,65,65,47,47,47,47,47,47,32,44,44,44,75,55,44,44,28,75,75,75,68,68,68,50,50,43,51,51,38,75,68,68,85,85,75,75,43],"gold":80,"neow_bonus":"","is_prod":false,"is_daily":false,"chose_seed":false,"campfire_upgraded":9,"win_rate":0,"timestamp":1532510200,"path_taken":["M","?","$","?","M","R","E","R","T","?","R","?","?","M","R","BOSS","M","M","$","?","?","R","E","M","T","R","?","R","M","M","R","BOSS","M","$","?","$","?","R","E"],"build_version":"2018-07-19v2","purchased_purges":2,"victory":false,"max_hp_per_floor":[75,75,75,75,75,75,75,75,75,75,75,75,75,75,75,75,75,75,75,75,75,75,75,75,75,75,75,75,75,75,75,75,75,75,75,75,85,85,85,85,85],"card_choices":[{"not_picked":["Stack","Hello World"],"picked":"BootSequence","floor":1},{"not_picked":["Scrape","Undo"],"picked":"Gash","floor":4},{"not_picked":["Blizzard","Coolheaded"],"picked":"Sunder","floor":5},{"not_picked":["Fusion","Ball Lightning"],"picked":"Genetic Algorithm","floor":7},{"not_picked":["Aggregate","Turbo"],"picked":"Hologram","floor":12},{"not_picked":["Meteor Strike","Melter"],"picked":"Capacitor","floor":14},{"not_picked":["Hyperbeam","Multi-Cast"],"picked":"Buffer","floor":16},{"not_picked":["Fusion","Redo"],"picked":"Beam Cell","floor":17},{"not_picked":["Rebound","Hologram"],"picked":"Melter","floor":17},{"not_picked":["Reprogram","Heatsinks"],"picked":"Defragment","floor":17},{"not_picked":["Hologram","Steam"],"picked":"Defragment","floor":17},{"not_picked":["Capacitor","Blizzard"],"picked":"Hologram","floor":17},{"not_picked":["Rip and Tear","Loop"],"picked":"Ball Lightning","floor":18},{"not_picked":["Sweeping Beam","Fusion"],"picked":"Consume","floor":19},{"not_picked":["Leap+1","Static Discharge+1"],"picked":"Core Surge","floor":24},{"not_picked":["Sweeping Beam","Beam Cell"],"picked":"Go for the Eyes+1","floor":25},{"not_picked":["Gash","Cold Snap"],"picked":"Auto Shields","floor":28},{"not_picked":["Force Field","Leap+1","Stack"],"picked":"SKIP","floor":30},{"not_picked":["Hello World","Rebound","Storm"],"picked":"SKIP","floor":31},{"not_picked":["Leap+1","Compile Driver"],"picked":"Hologram+1","floor":35},{"not_picked":["Secret Technique","Sadistic Nature"],"picked":"Apotheosis","floor":39},{"not_picked":["Swift Strike","Dark Shackles"],"picked":"Finesse","floor":39},{"not_picked":["Master of Strategy","Dramatic Entrance"],"picked":"Purity","floor":39}],"player_experience":235300,"relics_obtained":[{"floor":7,"key":"Meat on the Bone"},{"floor":9,"key":"Gremlin Horn"},{"floor":21,"key":"Enchiridion"},{"floor":24,"key":"Potion Belt"},{"floor":26,"key":"Omamori"}],"event_choices":[{"event_name":"Living Wall","player_choice":"Change","floor":2,"damage_taken":0},{"event_name":"Liars Game","player_choice":"agreed","floor":10,"damage_taken":0},{"event_name":"Shining Light","player_choice":"Entered Light","floor":13,"damage_taken":0},{"event_name":"Cursed Tome","player_choice":"Obtained Book","floor":21,"damage_taken":0},{"event_name":"Wheel of Change","player_choice":"Full Heal","floor":22,"damage_taken":0},{"event_name":"Bonfire Elementals","player_choice":"RARE","floor":37,"damage_taken":0},{"event_name":"SensoryStone","player_choice":"Memory 3","floor":39,"damage_taken":0}],"is_beta":false,"boss_relics":[{"not_picked":["Runic Dome","Lizard Tail"],"picked":"Orrery"},{"not_picked":["Cursed Key","Snecko Eye"],"picked":"Runic Pyramid"}],"items_purged_floors":[3,20],"is_endless":true,"potions_floor_spawned":[1,4,5,16,18,19,28,30],"killed_by":"2 Orb Walkers","ascension_level":0}