{"gold_per_floor":[117,137,147,72,82,82,97,97,142,172,172,172,186,221,221,221],"floor_reached":16,"playtime":442,"items_purged":["Strike_R"],"score":162,"play_id":"834151d9-d8a9-4b32-b1eb-4cb81fc4084b","local_time":"20180803154653","daily_mods":["Diverse"],"is_ascension_mode":false,"campfire_choices":[{"data":"Corpse Explosion","floor":6.0,"key":"SMITH"},{"floor":8.0,"key":"REST"},{"floor":15,"key":"REST"}],"neow_cost":"","seed_source_timestamp":0,"circlet_count":0,"master_deck":["Strike_R","Strike_R","Strike_R","Strike_R","Defend_R","Defend_R","Defend_R","Defend_R","Bash","Fire Breathing","Ball Lightning","Corpse Explosion+1","Deadly Poison","Demon Form","Demon Form","Regret","Normality"],"special_seed":0,"relics":["Burning Blood","Lantern","The Courier","Centennial Puzzle","Nunchaku","Bag of Marbles"],"potions_floor_usage":[16,16],"damage_taken":[{"damage":8.0,"enemies":"2 Louse","floor":1.0,"turns":3.0},{"damage":5.0,"enemies":"Cultist","floor":2.0,"turns":4.0},{"damage":3.0,"enemies":"Small Slimes","floor":3.0,"turns":3.0},{"damage":12.0,"enemies":"Exordium Thugs","floor":5.0,"turns":5.0},{"damage":18.0,"enemies":"Gremlin Gang","floor":7.0,"turns":2.0},{"damage":26,"enemies":"Lagavulin","floor":10,"turns":7},{"damage":7,"enemies":"3 Louse","floor":13,"turns":2},{"damage":37,"enemies":"Gremlin Nob","floor":14,"turns":4},{"damage":59,"enemies":"The Guardian","floor":16,"turns":8}],"seed_played":"4651357363659114477","potions_obtained":[{"floor":1.0,"key":"SpeedPotion"},{"floor":2.0,"key":"Strength Potion"},{"floor":7.0,"key":"LiquidBronze"},{"floor":13,"key":"LiquidBronze"}],"is_trial":true,"path_per_floor":["M","M","M","$","M","R","M","R","T","E","?","?","M","E","R"],"character_chosen":"IRONCLAD","items_purchased":[],"campfire_rested":2,"item_purchase_floors":[],"current_hp_per_floor":[78,79,80,80,74,74,62,80,80,60,60,60,59,28,52,0],"gold":221,"neow_bonus":"","is_prod":false,"is_daily":false,"chose_seed":false,"campfire_upgraded":1,"win_rate":0,"timestamp":1533304013,"path_taken":["M","M","M","$","M","R","M","R","T","E","?","?","?","E","R","BOSS"],"build_version":"2018-08-02","purchased_purges":1,"victory":false,"max_hp_per_floor":[80,80,80,80,80,80,80,80,80,80,80,80,80,80,80,80],"card_choices":[{"not_picked":["Wild Strike","True Grit"],"picked":"Fire Breathing","floor":1.0},{"not_picked":["Body Slam","Bane"],"picked":"Ball Lightning","floor":2.0},{"not_picked":["Streamline","BootSequence"],"picked":"Corpse Explosion","floor":3.0},{"not_picked":["Sucker Punch","Shockwave"],"picked":"Deadly Poison","floor":5.0},{"not_picked":["Evolve","Underhanded Strike"],"picked":"Demon Form","floor":7.0},{"not_picked":["Dodge and Roll","Bludgeon"],"picked":"Demon Form","floor":10},{"not_picked":["Gash","Flex","Barrage"],"picked":"SKIP","floor":13},{"not_picked":["Blood for Blood","Coolheaded","PiercingWail"],"picked":"SKIP","floor":14}],"player_experience":102103,"relics_obtained":[{"floor":9.0,"key":"Lantern"},{"floor":10,"key":"The Courier"},{"floor":14,"key":"Bag of Marbles"}],"event_choices":[{"event_name":"Big Fish","player_choice":"Box","floor":11,"damage_taken":0},{"event_name":"Accursed Blacksmith","player_choice":"Rummage","floor":12,"damage_taken":0}],"is_beta":false,"boss_relics":[],"items_purged_floors":[4],"is_endless":true,"potions_floor_spawned":[1,2,7,13],"killed_by":"The Guardian","ascension_level":0}