{"gold_per_floor":[11,22,37,57,77,77,110,130,212,287,287,322,65,82,82,180,180],"floor_reached":17,"playtime":648,"items_purged":[],"score":194,"play_id":"33aa48bc-b0d7-4b8d-a863-0d851218446d","local_time":"20190319011835","is_ascension_mode":false,"campfire_choices":[{"data":"Die Die Die","floor":6,"key":"SMITH"},{"floor":11,"key":"REST"},{"floor":15,"key":"REST"}],"neow_cost":"NO_GOLD","seed_source_timestamp":446308281066973,"circlet_count":0,"master_deck":["Defend_G","Defend_G","Defend_G","Defend_G","Defend_G","Strike_G","Strike_G","Strike_G","Strike_G","Strike_G","Survivor","Neutralize","Die Die Die+1","Dagger Spray","Bane","Distraction","Poisoned Stab","Bouncing Flask","Acrobatics","After Image","Night Terror","Deadly Poison"],"relics":["Ring of the Snake","Mummified Hand","Meat on the Bone","Singing Bowl","Shuriken","Orrery"],"potions_floor_usage":[],"damage_taken":[{"damage":0,"enemies":"2 Louse","floor":1,"turns":1},{"damage":3,"enemies":"Small Slimes","floor":2,"turns":3},{"damage":0,"enemies":"Jaw Worm","floor":3,"turns":3},{"damage":0,"enemies":"2 Fungi Beasts","floor":4,"turns":2},{"damage":11,"enemies":"Blue Slaver","floor":5,"turns":3},{"damage":0,"enemies":"Gremlin Nob","floor":7,"turns":3},{"damage":17,"enemies":"Large Slime","floor":8,"turns":6},{"damage":43,"enemies":"3 Sentries","floor":12,"turns":9},{"damage":0,"enemies":"2 Fungi Beasts","floor":14,"turns":4},{"damage":43,"enemies":"Slime Boss","floor":16,"turns":11}],"seed_played":"498260509898739116","potions_obtained":[{"floor":2,"key":"SteroidPotion"},{"floor":3,"key":"GhostInAJar"},{"floor":7,"key":"Strength Potion"},{"floor":14,"key":"Energy Potion"}],"is_trial":false,"path_per_floor":["M","M","M","M","M","R","E","M","T","?","R","E","$","M","R","B",null],"character_chosen":"THE_SILENT","items_purchased":["Shuriken"],"campfire_rested":2,"item_purchase_floors":[13],"current_hp_per_floor":[70,67,67,67,56,56,56,39,39,28,49,18,18,32,53,22,30],"gold":180,"neow_bonus":"THREE_RARE_CARDS","is_prod":false,"is_daily":false,"chose_seed":false,"campfire_upgraded":1,"win_rate":0,"timestamp":1552925915,"path_taken":["M","M","M","M","M","R","E","M","T","?","R","E","$","M","R","BOSS"],"build_version":"2019-01-23","purchased_purges":0,"victory":false,"max_hp_per_floor":[70,70,70,70,70,70,70,70,70,70,70,70,70,72,72,72,80],"card_choices":[{"not_picked":["Envenom","Venomology"],"picked":"Die Die Die","floor":0},{"not_picked":["Outmaneuver","Sucker Punch"],"picked":"Dagger Spray","floor":1},{"not_picked":["Eviscerate","Riddle With Holes"],"picked":"Bane","floor":2},{"not_picked":["Outmaneuver","Poisoned Stab"],"picked":"Distraction","floor":3},{"not_picked":["Prepared","Tactician"],"picked":"Poisoned Stab","floor":4},{"not_picked":["Dagger Throw","Setup","Terror"],"picked":"SKIP","floor":5},{"not_picked":["Deadly Poison","After Image"],"picked":"Bouncing Flask","floor":7},{"not_picked":["Outmaneuver","Terror"],"picked":"Acrobatics","floor":8},{"not_picked":["Dagger Throw","Endless Agony"],"picked":"After Image","floor":12},{"not_picked":["All Out Attack","Distraction","Poisoned Stab"],"picked":"Singing Bowl","floor":14},{"not_picked":["Die Die Die","Grand Finale"],"picked":"Night Terror","floor":16},{"not_picked":["Dagger Spray","Blade Dance","Underhanded Strike"],"picked":"Singing Bowl","floor":17},{"not_picked":["Poisoned Stab","Infinite Blades","PiercingWail"],"picked":"Singing Bowl","floor":17},{"not_picked":["Poisoned Stab","Outmaneuver","Dodge and Roll"],"picked":"Singing Bowl","floor":17},{"not_picked":["All Out Attack","Caltrops"],"picked":"Deadly Poison","floor":17},{"not_picked":["Escape Plan","Bane","Masterful Stab"],"picked":"Singing Bowl","floor":17}],"player_experience":315425,"relics_obtained":[{"floor":7,"key":"Mummified Hand"},{"floor":9,"key":"Meat on the Bone"},{"floor":12,"key":"Singing Bowl"}],"event_choices":[{"damage_healed":0,"gold_gain":75,"player_choice":"Gather Gold","damage_taken":11,"max_hp_gain":0,"max_hp_loss":0,"event_name":"World of Goop","floor":10,"gold_loss":0}],"is_beta":false,"boss_relics":[{"not_picked":["White Beast Statue","Busted Crown"],"picked":"Orrery"}],"items_purged_floors":[],"is_endless":false,"potions_floor_spawned":[2,3,7,14],"ascension_level":0}