{"gold_per_floor":[361,9,23,42,42,42,74,74,74,105,123,153,153,173,173,276,276,293,71,71,71,0,27,39,39,39,74,0,30,40,53,53,151,151,171,191,191,207,219,219,248,248,248,281,281,19,48,58,58,58],"floor_reached":51,"playtime":4044,"items_purged":[],"score":1208,"play_id":"b8898696-f037-4ad1-8394-a4b2d757f169","local_time":"20190430014711","is_ascension_mode":true,"campfire_choices":[{"data":"Sweeping Beam","floor":6,"key":"SMITH"},{"floor":8,"key":"REST"},{"data":"Seek","floor":13,"key":"SMITH"},{"data":"Coolheaded","floor":15,"key":"SMITH"},{"floor":25,"key":"REST"},{"floor":32,"key":"RECALL"},{"floor":40,"key":"REST"},{"data":"1","floor":49,"key":"LIFT"}],"neow_cost":"TEN_PERCENT_HP_LOSS","seed_source_timestamp":43066476296566,"circlet_count":0,"master_deck":["AscendersBane","Zap","Dualcast","Gash","Self Repair","Conserve Battery","Steam+1","Sweeping Beam+1","Coolheaded+1","Coolheaded","Seek+1","Compile Driver","Stack","Creative AI","Static Discharge","Defragment","Necronomicurse","Steam","Static Discharge","Self Repair","Biased Cognition","Storm","Stack+1","Electrodynamics","Rebound","Reinforced Body","Buffer","Go for the Eyes","Sweeping Beam","Go for the Eyes","Rip and Tear","Hello World","Compile Driver+1","Capacitor","Force Field+1","Creative AI","Seek","Mayhem","Dark Shackles","Mind Blast","Hologram","Decay","Storm","Hologram","Meteor Strike","Conserve Battery+1"],"relics":["Cracked Core","Mummified Hand","Meat on the Bone","Pantograph","Whetstone","PreservedInsect","Fusion Hammer","War Paint","Necronomicon","Darkstone Periapt","DataDisk","Centennial Puzzle","Bag of Marbles","Pandora\u0027s Box","Girya","Symbiotic Virus","The Courier","Runic Capacitor","Vajra"],"potions_floor_usage":[10,12,16,23,29,33,50],"damage_taken":[{"damage":0,"enemies":"Small Slimes","floor":1,"turns":3},{"damage":11,"enemies":"Cultist","floor":3,"turns":4},{"damage":0,"enemies":"2 Louse","floor":4,"turns":2},{"damage":50,"enemies":"Gremlin Nob","floor":7,"turns":5},{"damage":32,"enemies":"Lagavulin","floor":10,"turns":8},{"damage":7,"enemies":"Exordium Wildlife","floor":11,"turns":6},{"damage":25,"enemies":"Gremlin Nob","floor":12,"turns":4},{"damage":26,"enemies":"Gremlin Gang","floor":14,"turns":5},{"damage":55,"enemies":"Hexaghost","floor":16,"turns":17},{"damage":2,"enemies":"Chosen","floor":18,"turns":6},{"damage":31,"enemies":"Book of Stabbing","floor":23,"turns":4},{"damage":10,"enemies":"3 Byrds","floor":24,"turns":2},{"damage":28,"enemies":"Slavers","floor":27,"turns":4},{"damage":33,"enemies":"Book of Stabbing","floor":29,"turns":6},{"damage":2,"enemies":"Snecko","floor":30,"turns":6},{"damage":0,"enemies":"3 Cultists","floor":31,"turns":3},{"damage":24,"enemies":"Automaton","floor":33,"turns":7},{"damage":1,"enemies":"Orb Walker","floor":35,"turns":2},{"damage":26,"enemies":"3 Shapes","floor":36,"turns":4},{"damage":8,"enemies":"3 Darklings","floor":38,"turns":2},{"damage":30,"enemies":"Writhing Mass","floor":39,"turns":5},{"damage":13,"enemies":"Nemesis","floor":41,"turns":5},{"damage":9,"enemies":"Giant Head","floor":44,"turns":6},{"damage":18,"enemies":"Nemesis","floor":47,"turns":3},{"damage":0,"enemies":"Transient","floor":48,"turns":5},{"damage":43,"enemies":"Awakened One","floor":50,"turns":7}],"seed_played":"3744467822166158072","potions_obtained":[{"floor":1,"key":"EssenceOfSteel"},{"floor":5,"key":"Energy Potion"},{"floor":5,"key":"FairyPotion"},{"floor":10,"key":"Swift Potion"},{"floor":14,"key":"FocusPotion"},{"floor":16,"key":"SneckoOil"},{"floor":18,"key":"Dexterity Potion"},{"floor":27,"key":"SpeedPotion"},{"floor":29,"key":"Strength Potion"},{"floor":30,"key":"FocusPotion"},{"floor":33,"key":"Explosive Potion"},{"floor":38,"key":"Dexterity Potion"}],"is_trial":false,"path_per_floor":["M","$","M","M","?","R","E","R","T","E","M","E","R","M","R","B",null,"M","$","?","?","?","E","M","R","T","E","$","E","M","M","R","B",null,"M","M","?","M","M","R","E","?","T","E","?","$","E","M","R","B",null],"character_chosen":"DEFECT","items_purchased":["Mummified Hand","Self Repair","Conserve Battery","Defragment","War Paint","Self Repair","Storm","Runic Capacitor","Hologram"],"campfire_rested":3,"item_purchase_floors":[2,2,2,19,19,28,46,46,46],"current_hp_per_floor":[68,68,64,64,64,64,21,41,41,28,40,34,34,27,27,25,57,62,62,46,46,46,34,36,56,56,47,47,40,52,59,59,58,66,68,56,56,62,58,65,65,55,55,60,66,66,62,71,71,40],"gold":58,"neow_bonus":"TWO_FIFTY_GOLD","is_prod":false,"is_daily":false,"chose_seed":false,"campfire_upgraded":3,"win_rate":0,"timestamp":1556603231,"path_taken":["M","$","M","M","?","R","E","R","T","E","?","E","R","M","R","BOSS","M","$","?","?","?","E","?","R","T","E","$","E","?","M","R","BOSS","M","M","?","M","M","R","E","?","T","E","?","$","E","?","R","BOSS"],"build_version":"2019-01-23","purchased_purges":0,"victory":true,"max_hp_per_floor":[68,68,68,68,68,68,68,68,68,68,68,68,68,68,68,68,68,68,68,68,68,68,68,68,68,68,68,68,68,68,68,68,68,68,68,68,65,65,65,65,65,65,65,65,71,71,71,71,71,71],"card_choices":[{"not_picked":["Stack","Sunder"],"picked":"Gash","floor":1},{"not_picked":["FTL","Barrage"],"picked":"Steam","floor":3},{"not_picked":["Rip and Tear","Beam Cell"],"picked":"Sweeping Beam","floor":4},{"not_picked":["Turbo","Darkness"],"picked":"Coolheaded","floor":7},{"not_picked":["Double Energy","Hologram"],"picked":"Coolheaded","floor":10},{"not_picked":["Beam Cell","Conserve Battery"],"picked":"Seek","floor":11},{"not_picked":["Fission","Auto Shields"],"picked":"Compile Driver","floor":12},{"not_picked":["Scrape","Chaos"],"picked":"Stack","floor":14},{"not_picked":["Electrodynamics","Echo Form"],"picked":"Creative AI","floor":16},{"not_picked":["Turbo","Cold Snap"],"picked":"Static Discharge","floor":18},{"not_picked":["Go for the Eyes","Fusion+1"],"picked":"Steam","floor":23},{"not_picked":["Scrape+1","Sweeping Beam","Steam"],"picked":"SKIP","floor":24},{"not_picked":["Leap","Coolheaded"],"picked":"Static Discharge","floor":27},{"not_picked":["Conserve Battery","Reinforced Body"],"picked":"Biased Cognition","floor":29},{"not_picked":["Compile Driver+1","Steam"],"picked":"Storm","floor":30},{"not_picked":["Steam Power","Reinforced Body"],"picked":"Stack+1","floor":31},{"not_picked":["Multi-Cast","Buffer"],"picked":"Electrodynamics","floor":33},{"not_picked":["Sweeping Beam","Streamline+1"],"picked":"Compile Driver+1","floor":35},{"not_picked":["Auto Shields+1","Hologram+1"],"picked":"Capacitor","floor":36},{"not_picked":["White Noise","Turbo+1"],"picked":"Force Field+1","floor":38},{"not_picked":["Rebound","Compile Driver+1"],"picked":"Creative AI","floor":39},{"not_picked":["Coolheaded+1","Hologram+1"],"picked":"Seek","floor":41},{"not_picked":["HandOfGreed","Forethought"],"picked":"Mayhem","floor":42},{"not_picked":["Impatience","Swift Strike"],"picked":"Dark Shackles","floor":42},{"not_picked":["Finesse","Transmutation"],"picked":"Mind Blast","floor":42},{"not_picked":["Rebound+1","Steam"],"picked":"Hologram","floor":44},{"not_picked":["Steam+1","Beam Cell+1"],"picked":"Meteor Strike","floor":47},{"not_picked":["Rebound","Redo+1"],"picked":"Conserve Battery+1","floor":48}],"player_experience":340213,"relics_obtained":[{"floor":7,"key":"Meat on the Bone"},{"floor":9,"key":"Pantograph"},{"floor":10,"key":"Whetstone"},{"floor":12,"key":"PreservedInsect"},{"floor":20,"key":"Necronomicon"},{"floor":23,"key":"Darkstone Periapt"},{"floor":26,"key":"DataDisk"},{"floor":27,"key":"Centennial Puzzle"},{"floor":29,"key":"Bag of Marbles"},{"floor":41,"key":"Girya"},{"floor":43,"key":"Symbiotic Virus"},{"floor":44,"key":"The Courier"},{"floor":47,"key":"Vajra"}],"event_choices":[{"damage_healed":0,"gold_gain":0,"player_choice":"Got Potions","damage_taken":0,"max_hp_gain":0,"max_hp_loss":0,"event_name":"Lab","floor":5,"gold_loss":0},{"damage_healed":0,"gold_gain":0,"player_choice":"Obtained Book","damage_taken":16,"max_hp_gain":0,"max_hp_loss":0,"event_name":"Cursed Tome","floor":20,"gold_loss":0},{"damage_healed":0,"gold_gain":0,"player_choice":"Ignored","damage_taken":0,"max_hp_gain":0,"max_hp_loss":0,"event_name":"Beggar","floor":21,"gold_loss":0},{"damage_healed":0,"gold_gain":0,"player_choice":"Paid Fearfully","damage_taken":0,"max_hp_gain":0,"max_hp_loss":0,"event_name":"Masked Bandits","floor":22,"gold_loss":71},{"damage_healed":0,"gold_gain":0,"player_choice":"Max HP","damage_taken":0,"max_hp_gain":0,"max_hp_loss":3,"event_name":"Winding Halls","floor":37,"gold_loss":0},{"damage_healed":0,"gold_gain":0,"player_choice":"Memory 3","damage_taken":10,"max_hp_gain":0,"max_hp_loss":0,"event_name":"SensoryStone","floor":42,"gold_loss":0},{"damage_healed":0,"gold_gain":0,"player_choice":"Cursed","damage_taken":0,"max_hp_gain":0,"max_hp_loss":0,"event_name":"Wheel of Change","floor":45,"gold_loss":0,"cards_obtained":["Decay"]}],"is_beta":false,"boss_relics":[{"not_picked":["Astrolabe","Orrery"],"picked":"Fusion Hammer"},{"not_picked":["Coffee Dripper","Lizard Tail"],"picked":"Pandora\u0027s Box"}],"items_purged_floors":[],"is_endless":false,"potions_floor_spawned":[1,10,14,16,18,27,29,30,33,38,41,44,47],"ascension_level":11}