{"gold_per_floor":[115,127,60,73,73,73,73,73,73,93,104,29,53,69,69,143,143,162,181,194,194,194,194,229,229,252,271,290,290,290,190,190,190],"floor_reached":33,"playtime":3993,"items_purged":["Strike_B","Strike_B"],"score":450,"play_id":"afda0a3c-3bec-4bf9-bbd3-a336acf3773a","local_time":"20190522233254","is_ascension_mode":true,"campfire_choices":[{"data":"Sweeping Beam","floor":6,"key":"SMITH"},{"data":"Fusion","floor":8,"key":"SMITH"},{"data":"Doom and Gloom","floor":15,"key":"SMITH"},{"floor":23,"key":"REST"},{"data":"Coolheaded","floor":25,"key":"SMITH"},{"data":"Melter","floor":30,"key":"SMITH"},{"data":"Ball Lightning","floor":32,"key":"SMITH"}],"neow_cost":"NONE","seed_source_timestamp":103358415730225,"circlet_count":0,"master_deck":["AscendersBane","Strike_B","Defend_B+1","Defend_B+1","Defend_B","Defend_B","Zap","Dualcast","Self Repair","Conserve Battery","Fusion+1","Sweeping Beam+1","Melter+1","Go for the Eyes","Ball Lightning+1","Doom and Gloom+1","Core Surge","White Noise+1","Glacier","Coolheaded+1","BootSequence"],"relics":["Cracked Core","War Paint","Mercury Hourglass","Mummified Hand","Odd Mushroom","Nuclear Battery","Gambling Chip","Oddly Smooth Stone"],"potions_floor_usage":[20,24,29,33],"damage_taken":[{"damage":0,"enemies":"Cultist","floor":1,"turns":3},{"damage":7,"enemies":"Small Slimes","floor":2,"turns":3},{"damage":0,"enemies":"2 Louse","floor":4,"turns":4},{"damage":6,"enemies":"Exordium Thugs","floor":10,"turns":5},{"damage":5,"enemies":"Blue Slaver","floor":11,"turns":3},{"damage":8,"enemies":"The Mushroom Lair","floor":13,"turns":3},{"damage":0,"enemies":"Lots of Slimes","floor":14,"turns":2},{"damage":7,"enemies":"Slime Boss","floor":16,"turns":6},{"damage":6,"enemies":"Spheric Guardian","floor":18,"turns":3},{"damage":9,"enemies":"Chosen","floor":19,"turns":4},{"damage":20,"enemies":"Centurion and Healer","floor":20,"turns":7},{"damage":2,"enemies":"Gremlin Leader","floor":24,"turns":5},{"damage":1,"enemies":"Cultist and Chosen","floor":27,"turns":6},{"damage":4,"enemies":"Chosen and Byrds","floor":28,"turns":5},{"damage":19,"enemies":"Colosseum Slavers","floor":29,"turns":4},{"damage":70,"enemies":"Collector","floor":33,"turns":12}],"seed_played":"712573748029621019","potions_obtained":[{"floor":1,"key":"Strength Potion"},{"floor":4,"key":"GamblersBrew"},{"floor":10,"key":"FocusPotion"},{"floor":11,"key":"LiquidBronze"},{"floor":20,"key":"Poison Potion"},{"floor":22,"key":"FocusPotion"},{"floor":24,"key":"Weak Potion"}],"is_trial":false,"path_per_floor":["M","M","$","M","T","R","?","R","T","M","M","$","?","M","R","B",null,"M","M","M","?","?","R","E","R","T","M","M","?","R","$","R","B"],"character_chosen":"DEFECT","items_purchased":["Fusion"],"campfire_rested":1,"item_purchase_floors":[3],"current_hp_per_floor":[64,57,57,64,64,64,64,64,64,65,60,60,52,52,52,52,66,60,51,38,38,38,59,64,64,64,70,71,59,59,59,59,0],"gold":190,"neow_bonus":"RANDOM_COMMON_RELIC","is_prod":false,"is_daily":false,"chose_seed":false,"campfire_upgraded":6,"win_rate":0,"timestamp":1558593174,"path_taken":["M","M","$","?","?","R","?","R","T","?","M","$","?","M","R","BOSS","M","M","M","?","?","R","E","R","T","?","M","?","R","$","R","BOSS"],"build_version":"2019-01-23","purchased_purges":2,"victory":false,"max_hp_per_floor":[71,71,71,71,71,71,71,71,71,71,71,71,71,71,71,71,71,71,71,71,71,71,71,71,71,71,71,71,71,71,71,71,71],"card_choices":[{"not_picked":["Conserve Battery","Streamline"],"picked":"Self Repair","floor":1},{"not_picked":["Reprogram","Coolheaded"],"picked":"Conserve Battery","floor":2},{"not_picked":["Defragment","Streamline"],"picked":"Sweeping Beam","floor":4},{"not_picked":["FTL","Stack"],"picked":"Melter","floor":10},{"not_picked":["Coolheaded","Fusion"],"picked":"Go for the Eyes","floor":11},{"not_picked":["Tempest","Barrage"],"picked":"Ball Lightning","floor":13},{"not_picked":["Amplify","Consume"],"picked":"Doom and Gloom","floor":14},{"not_picked":["Rainbow","Creative AI"],"picked":"Core Surge","floor":16},{"not_picked":["Beam Cell","Go for the Eyes"],"picked":"White Noise+1","floor":18},{"not_picked":["Defragment","Hello World"],"picked":"Glacier","floor":19},{"not_picked":["Hello World","Fusion"],"picked":"Coolheaded","floor":20},{"not_picked":["Static Discharge+1","Aggregate"],"picked":"BootSequence","floor":24},{"not_picked":["Cold Snap","Stack","Static Discharge"],"picked":"SKIP","floor":27},{"not_picked":["Sunder","Aggregate","Skim"],"picked":"SKIP","floor":28}],"player_experience":703724,"relics_obtained":[{"floor":5,"key":"Mercury Hourglass"},{"floor":9,"key":"Mummified Hand"},{"floor":13,"key":"Odd Mushroom"},{"floor":24,"key":"Gambling Chip"},{"floor":26,"key":"Oddly Smooth Stone"}],"event_choices":[{"cards_removed":["Strike_B"],"damage_healed":0,"gold_gain":0,"player_choice":"Purged","damage_taken":0,"max_hp_gain":0,"max_hp_loss":0,"event_name":"Purifier","floor":7,"gold_loss":0},{"damage_healed":0,"gold_gain":0,"player_choice":"Fought Mushrooms","damage_taken":0,"max_hp_gain":0,"max_hp_loss":0,"event_name":"Mushrooms","floor":13,"gold_loss":0},{"damage_healed":0,"gold_gain":0,"player_choice":"Ignored","damage_taken":0,"max_hp_gain":0,"max_hp_loss":0,"event_name":"Ghosts","floor":21,"gold_loss":0},{"damage_healed":0,"gold_gain":0,"player_choice":"Got Potions","damage_taken":0,"max_hp_gain":0,"max_hp_loss":0,"event_name":"Lab","floor":22,"gold_loss":0},{"damage_healed":0,"gold_gain":0,"player_choice":"Fight","damage_taken":0,"max_hp_gain":0,"max_hp_loss":0,"event_name":"Colosseum","floor":29,"gold_loss":0},{"damage_healed":0,"gold_gain":0,"player_choice":"Fled From Nobs","damage_taken":0,"max_hp_gain":0,"max_hp_loss":0,"event_name":"Colosseum","floor":29,"gold_loss":0}],"is_beta":false,"boss_relics":[{"not_picked":["Cursed Key","Philosopher\u0027s Stone"],"picked":"Nuclear Battery"}],"items_purged_floors":[12,31],"is_endless":false,"potions_floor_spawned":[1,4,10,11,20,24,29],"killed_by":"Collector","ascension_level":15}