{"gold_per_floor":[15,27,38,138,154,188,188,223,223,18,35,35,68,85,85,159,159,179,179,193,209,209,236,236,262,286,312,312,326,425,20,20,92,92,109,109,209,209,219,219,235,260,260,270,286,101,101,118,118,118],"floor_reached":51,"playtime":4447,"items_purged":["Strike_R","Strike_R"],"score":1283,"play_id":"3bd8d495-70e3-43f9-9c70-17ca5e49d834","local_time":"20190602210537","is_ascension_mode":true,"campfire_choices":[{"data":"Anger","floor":7,"key":"SMITH"},{"data":"Rampage","floor":15,"key":"SMITH"},{"data":"Armaments","floor":24,"key":"SMITH"},{"data":"Inflame","floor":32,"key":"SMITH"},{"data":"Corruption","floor":40,"key":"SMITH"},{"floor":49,"key":"REST"}],"neow_cost":"NO_GOLD","seed_source_timestamp":1129118443615546,"circlet_count":0,"master_deck":["AscendersBane","Strike_R","Strike_R","Strike_R","Defend_R+1","Defend_R","Defend_R","Defend_R","Headbutt","Iron Wave","Battle Trance+1","Anger+1","Ghostly Armor","Immolate","True Grit","Rampage+1","Shockwave","Feed","Warcry+1","Armaments+1","Armaments","Writhe","Shrug It Off+1","Inflame+1","Burning Pact+1","Ghostly Armor+1","Evolve+1","Offering+1","Shrug It Off+1","Juggernaut","Corruption+1","Battle Trance+1","Rupture+1","Spot Weakness+1","Shockwave+1","Shrug It Off+1","Entrench+1","Infernal Blade+1"],"relics":["Burning Blood","Mango","Oddly Smooth Stone","Meat on the Bone","Nunchaku","PreservedInsect","Thread and Needle","Question Card","Philosopher\u0027s Stone","Nilry\u0027s Codex","Bag of Marbles","Dodecahedron","Pocketwatch","Ancient Tea Set","Toxic Egg 2","Ornamental Fan","Potion Belt","Lizard Tail","Prayer Wheel","War Paint","Lantern"],"potions_floor_usage":[13,18,41,50,50,50],"damage_taken":[{"damage":7,"enemies":"Jaw Worm","floor":1,"turns":3},{"damage":1,"enemies":"Cultist","floor":2,"turns":3},{"damage":4,"enemies":"2 Louse","floor":3,"turns":2},{"damage":17,"enemies":"Large Slime","floor":5,"turns":7},{"damage":45,"enemies":"Lagavulin","floor":6,"turns":7},{"damage":17,"enemies":"Gremlin Nob","floor":8,"turns":4},{"damage":12,"enemies":"Blue Slaver","floor":11,"turns":3},{"damage":0,"enemies":"Lagavulin","floor":13,"turns":4},{"damage":0,"enemies":"Gremlin Gang","floor":14,"turns":3},{"damage":31,"enemies":"Hexaghost","floor":16,"turns":11},{"damage":13,"enemies":"Shell Parasite","floor":18,"turns":5},{"damage":20,"enemies":"3 Byrds","floor":20,"turns":4},{"damage":15,"enemies":"Snake Plant","floor":21,"turns":6},{"damage":8,"enemies":"Book of Stabbing","floor":23,"turns":5},{"damage":18,"enemies":"Slavers","floor":25,"turns":3},{"damage":6,"enemies":"Gremlin Leader","floor":27,"turns":5},{"damage":1,"enemies":"Shelled Parasite and Fungi","floor":29,"turns":6},{"damage":45,"enemies":"Champ","floor":33,"turns":15},{"damage":10,"enemies":"3 Darklings","floor":35,"turns":4},{"damage":30,"enemies":"Mind Bloom Boss Battle","floor":37,"turns":10},{"damage":8,"enemies":"Orb Walker","floor":39,"turns":3},{"damage":6,"enemies":"Transient","floor":41,"turns":5},{"damage":60,"enemies":"Nemesis","floor":42,"turns":7},{"damage":6,"enemies":"Sphere and 2 Shapes","floor":44,"turns":5},{"damage":6,"enemies":"4 Shapes","floor":45,"turns":3},{"damage":12,"enemies":"Maw","floor":48,"turns":7},{"damage":78,"enemies":"Time Eater","floor":50,"turns":11}],"seed_played":"1371104431451385386","potions_obtained":[{"floor":2,"key":"Block Potion"},{"floor":5,"key":"SteroidPotion"},{"floor":8,"key":"Dexterity Potion"},{"floor":13,"key":"Regen Potion"},{"floor":25,"key":"Strength Potion"},{"floor":33,"key":"SpeedPotion"},{"floor":39,"key":"Energy Potion"},{"floor":44,"key":"Strength Potion"}],"is_trial":false,"path_per_floor":["M","M","M","?","M","E","R","E","T","$","M","?","E","M","R","B",null,"M","?","M","M","?","E","R","E","T","E","T","M","?","$","R","B",null,"M","?","?","?","M","R","M","E","T","M","M","$","?","M","R","B",null],"character_chosen":"IRONCLAD","items_purchased":["PreservedInsect","True Grit","Potion Belt","Burning Pact+1","Ghostly Armor+1","Evolve","Shrug It Off+1","Entrench+1"],"campfire_rested":1,"item_purchase_floors":[10,10,31,31,31,31,46,46],"current_hp_per_floor":[85,90,92,92,81,42,42,31,31,31,37,30,48,54,54,41,81,89,73,62,69,69,67,67,70,70,70,70,78,78,78,78,55,99,95,95,75,75,73,73,73,31,31,46,61,61,61,70,106,46],"gold":118,"neow_bonus":"ONE_RARE_RELIC","is_prod":false,"is_daily":false,"chose_seed":false,"campfire_upgraded":5,"win_rate":0,"timestamp":1559523937,"path_taken":["M","M","M","?","?","E","R","E","T","$","M","?","E","M","R","BOSS","M","?","M","M","?","E","R","E","T","E","?","?","?","$","R","BOSS","M","?","?","?","M","R","M","E","T","M","?","$","?","M","R","BOSS"],"build_version":"2019-01-23","purchased_purges":2,"victory":true,"max_hp_per_floor":[94,94,94,94,94,94,94,94,94,94,94,94,94,94,94,94,94,97,97,100,104,104,104,104,107,107,107,107,110,110,110,110,114,114,114,114,118,118,118,118,118,118,118,121,124,124,118,121,121,121],"card_choices":[{"not_picked":["Body Slam","Warcry"],"picked":"Headbutt","floor":1},{"not_picked":["Body Slam","Hemokinesis"],"picked":"Iron Wave","floor":2},{"not_picked":["Cleave","Ghostly Armor"],"picked":"Battle Trance","floor":3},{"not_picked":["Searing Blow","Wild Strike"],"picked":"Anger","floor":5},{"not_picked":["Thunderclap","Clash"],"picked":"Ghostly Armor","floor":6},{"not_picked":["Sword Boomerang","Flex"],"picked":"Immolate","floor":8},{"not_picked":["Iron Wave","Body Slam","Perfected Strike"],"picked":"SKIP","floor":11},{"not_picked":["Sword Boomerang","Heavy Blade"],"picked":"Rampage","floor":13},{"not_picked":["Burning Pact","Sentinel","Armaments"],"picked":"Shockwave","floor":14},{"not_picked":["Fiend Fire","Double Tap","Immolate"],"picked":"Feed","floor":16},{"not_picked":["Searing Blow","Cleave","Thunderclap"],"picked":"Warcry+1","floor":18},{"not_picked":["Pommel Strike","Iron Wave","Headbutt"],"picked":"Armaments","floor":20},{"not_picked":["Anger+1","Dropkick","Pommel Strike"],"picked":"Armaments","floor":21},{"not_picked":["Pummel+1","Sever Soul","Clash","Clothesline"],"picked":"SKIP","floor":23},{"not_picked":["Rampage","Combust","Armaments","Flex"],"picked":"SKIP","floor":25},{"not_picked":["Juggernaut","Impervious","Anger"],"picked":"Shrug It Off","floor":27},{"not_picked":["Flex+1","Heavy Blade","Power Through+1"],"picked":"Inflame","floor":29},{"not_picked":["Berserk","Fiend Fire","Impervious+1"],"picked":"Offering+1","floor":33},{"not_picked":["Iron Wave","Clash","Armaments+1","Perfected Strike"],"picked":"SKIP","floor":35},{"not_picked":["Twin Strike","Pommel Strike","Clothesline"],"picked":"Shrug It Off+1","floor":37},{"not_picked":["Iron Wave","Armaments+1","Wild Strike"],"picked":"Juggernaut","floor":39},{"not_picked":["Second Wind+1","Body Slam+1","Rupture"],"picked":"Corruption","floor":39},{"not_picked":["Wild Strike","Corruption","Intimidate+1"],"picked":"Battle Trance+1","floor":41},{"not_picked":["Battle Trance+1","Bloodletting+1","Evolve"],"picked":"Rupture+1","floor":41},{"not_picked":["Rupture","Headbutt","Sever Soul","Exhume+1"],"picked":"SKIP","floor":42},{"not_picked":["Anger","Clash","Pommel Strike"],"picked":"Spot Weakness+1","floor":44},{"not_picked":["Carnage","Clothesline","Ghostly Armor+1"],"picked":"Shockwave+1","floor":44},{"not_picked":["Second Wind+1","Sever Soul","Wild Strike","Body Slam"],"picked":"SKIP","floor":45},{"not_picked":["Wild Strike","Pommel Strike","Fire Breathing","Anger"],"picked":"SKIP","floor":45},{"not_picked":["Warcry+1","Hemokinesis+1","Twin Strike"],"picked":"Infernal Blade+1","floor":48},{"not_picked":["Uppercut","Armaments+1","Immolate","Pummel+1"],"picked":"SKIP","floor":48}],"player_experience":436327,"relics_obtained":[{"floor":6,"key":"Oddly Smooth Stone"},{"floor":8,"key":"Meat on the Bone"},{"floor":9,"key":"Nunchaku"},{"floor":13,"key":"Question Card"},{"floor":19,"key":"Nilry\u0027s Codex"},{"floor":23,"key":"Dodecahedron"},{"floor":25,"key":"Pocketwatch"},{"floor":26,"key":"Ancient Tea Set"},{"floor":27,"key":"Toxic Egg 2"},{"floor":28,"key":"Ornamental Fan"},{"floor":37,"key":"Prayer Wheel"},{"floor":42,"key":"War Paint"},{"floor":43,"key":"Lantern"}],"event_choices":[{"damage_healed":0,"gold_gain":100,"player_choice":"Pray","damage_taken":0,"max_hp_gain":0,"max_hp_loss":0,"event_name":"Golden Shrine","floor":4,"gold_loss":0},{"damage_healed":0,"gold_gain":0,"player_choice":"Success","damage_taken":7,"relics_obtained":["Thread and Needle"],"max_hp_gain":0,"max_hp_loss":0,"event_name":"Scrap Ooze","floor":12,"gold_loss":0},{"damage_healed":0,"gold_gain":0,"player_choice":"Obtained Book","damage_taken":16,"max_hp_gain":0,"max_hp_loss":0,"event_name":"Cursed Tome","floor":19,"gold_loss":0},{"damage_healed":0,"gold_gain":0,"player_choice":"Opened","damage_taken":0,"relics_obtained":["Bag of Marbles"],"max_hp_gain":0,"max_hp_loss":0,"event_name":"The Mausoleum","floor":22,"gold_loss":0,"cards_obtained":["Writhe"]},{"damage_healed":0,"gold_gain":99,"player_choice":"Stole From Cult","damage_taken":0,"max_hp_gain":0,"max_hp_loss":0,"event_name":"Nest","floor":30,"gold_loss":0},{"cards_removed":["Bash"],"damage_healed":0,"gold_gain":0,"player_choice":"Removed Attack","damage_taken":0,"max_hp_gain":0,"max_hp_loss":0,"event_name":"Falling","floor":36,"gold_loss":0},{"damage_healed":0,"gold_gain":0,"player_choice":"Fight","damage_taken":0,"max_hp_gain":0,"max_hp_loss":0,"event_name":"MindBloom","floor":37,"gold_loss":0},{"damage_healed":0,"gold_gain":0,"player_choice":"Upgraded","damage_taken":0,"max_hp_gain":0,"max_hp_loss":0,"event_name":"Upgrade Shrine","floor":38,"gold_loss":0,"cards_upgraded":["Evolve"]},{"damage_healed":0,"gold_gain":0,"player_choice":"Max HP","damage_taken":0,"max_hp_gain":0,"max_hp_loss":6,"event_name":"Winding Halls","floor":47,"gold_loss":0}],"is_beta":false,"boss_relics":[{"not_picked":["Runic Pyramid","Ectoplasm"],"picked":"Philosopher\u0027s Stone"},{"not_picked":["Mark of Pain","Runic Cube"],"picked":"Lizard Tail"}],"items_purged_floors":[31,46],"is_endless":false,"potions_floor_spawned":[2,5,8,11,13,25,29,33,39,42,44,45],"ascension_level":13}