{"gold_per_floor":[117,117,29,29,39,39,53,53,53,71,87,106,123,45,45,45,45,47,64,74,74],"floor_reached":21,"playtime":1565,"items_purged":[],"score":298,"play_id":"f65f8e2b-9ee8-4546-903c-7ea45b0792d5","local_time":"20190521002412","is_ascension_mode":true,"campfire_choices":[{"data":"Go for the Eyes","floor":6,"key":"SMITH"},{"data":"FTL","floor":8,"key":"SMITH"},{"floor":15,"key":"REST"}],"neow_cost":"CURSE","seed_source_timestamp":55220358448239,"circlet_count":0,"master_deck":["AscendersBane","Strike_B","Strike_B","Defend_B","Defend_B","Defend_B","Defend_B","Zap","Dualcast","Doubt","BootSequence","FTL+1","Go for the Eyes+1","Forethought+1","Conserve Battery","Rainbow","Conserve Battery","Leap","Blizzard","Cold Snap","Glacier"],"relics":["Cracked Core","Blood Vial","Orrery"],"potions_floor_usage":[16,16],"damage_taken":[{"damage":0,"enemies":"2 Louse","floor":1,"turns":3},{"damage":5,"enemies":"Jaw Worm","floor":5,"turns":4},{"damage":0,"enemies":"Cultist","floor":7,"turns":4},{"damage":10,"enemies":"Large Slime","floor":10,"turns":6},{"damage":3,"enemies":"Looter","floor":11,"turns":3},{"damage":0,"enemies":"Blue Slaver","floor":12,"turns":4},{"damage":6,"enemies":"3 Louse","floor":13,"turns":3},{"damage":24,"enemies":"Slime Boss","floor":16,"turns":7},{"damage":15,"enemies":"2 Thieves","floor":18,"turns":4},{"damage":23,"enemies":"Spheric Guardian","floor":19,"turns":6},{"damage":38,"enemies":"Snecko","floor":20,"turns":11},{"damage":14,"enemies":"Centurion and Healer","floor":21,"turns":5}],"seed_played":"-1736856092680182835","potions_obtained":[{"floor":10,"key":"Explosive Potion"},{"floor":13,"key":"Regen Potion"}],"is_trial":false,"path_per_floor":["M","?","$","?","M","R","M","R","T","M","M","M","M","$","R","B",null,"M","M","M","M"],"character_chosen":"DEFECT","items_purchased":["Forethought","Blizzard"],"campfire_rested":1,"item_purchase_floors":[3,14],"current_hp_per_floor":[64,69,69,69,64,64,64,64,64,56,55,57,53,53,75,61,72,59,38,2,0],"gold":74,"neow_bonus":"TRANSFORM_TWO_CARDS","is_prod":false,"is_daily":false,"chose_seed":false,"campfire_upgraded":2,"win_rate":0,"timestamp":1558423452,"path_taken":["M","?","$","?","M","R","M","R","T","M","M","?","M","$","R","BOSS","M","M","M","M"],"build_version":"2019-01-23","purchased_purges":0,"victory":false,"max_hp_per_floor":[71,76,76,76,76,76,76,76,76,76,76,76,76,76,76,76,76,76,76,76,76],"card_choices":[{"not_picked":["Compile Driver","Hologram"],"picked":"Go for the Eyes","floor":1},{"not_picked":["Turbo","Streamline"],"picked":"Conserve Battery","floor":5},{"not_picked":["Heatsinks","Turbo","Barrage"],"picked":"SKIP","floor":7},{"not_picked":["Compile Driver","Streamline"],"picked":"Rainbow","floor":10},{"not_picked":["Stack","Sweeping Beam"],"picked":"Conserve Battery","floor":11},{"not_picked":["Stack","Genetic Algorithm"],"picked":"Leap","floor":12},{"not_picked":["Gash","Turbo","Stack"],"picked":"SKIP","floor":13},{"not_picked":["Static Discharge","Darkness"],"picked":"Cold Snap","floor":17},{"not_picked":["Skim","Hello World"],"picked":"Glacier","floor":18},{"not_picked":["Heatsinks","Barrage","Reprogram"],"picked":"SKIP","floor":19},{"not_picked":["Scrape","Undo","Steam"],"picked":"SKIP","floor":20}],"player_experience":657374,"relics_obtained":[{"floor":9,"key":"Blood Vial"}],"event_choices":[{"damage_healed":0,"gold_gain":0,"player_choice":"Donut","damage_taken":0,"max_hp_gain":5,"max_hp_loss":0,"event_name":"Big Fish","floor":2,"gold_loss":0},{"damage_healed":0,"gold_gain":0,"player_choice":"Upgraded","damage_taken":0,"max_hp_gain":0,"max_hp_loss":0,"event_name":"Upgrade Shrine","floor":4,"gold_loss":0,"cards_upgraded":["Forethought"]}],"is_beta":false,"boss_relics":[{"not_picked":["Snecko Eye","Black Star"],"picked":"Orrery"}],"items_purged_floors":[],"is_endless":false,"potions_floor_spawned":[10,13],"killed_by":"Centurion and Healer","ascension_level":14}