{"gold_per_floor":[119,119,119,119,47,47,74,74,98,117,143,143,172,186,186,289,289,289,307,307,325,325,325,250,265,265,276,25,25,25,0,0,96,96,112,112,128,142,162,162,37,37,109,124,124,157,175,0,0,0],"floor_reached":51,"playtime":1649,"items_purged":["Regret","Strike_R","Defend_R"],"score":833,"play_id":"3f9ec07c-e6e4-40b9-bd75-dcedbd3071e6","local_time":"20181204172504","is_ascension_mode":false,"campfire_choices":[{"data":"Barricade","floor":6.0,"key":"SMITH"},{"data":"Shrug It Off","floor":8.0,"key":"SMITH"},{"data":"Shrug It Off","floor":12.0,"key":"SMITH"},{"data":"Demon Form","floor":15.0,"key":"SMITH"},{"data":"Entrench","floor":23,"key":"SMITH"},{"data":"Heavy Blade","floor":32,"key":"SMITH"},{"data":"Limit Break","floor":40,"key":"SMITH"},{"data":"Entrench","floor":42,"key":"SMITH"},{"data":"Offering","floor":49,"key":"SMITH"}],"neow_cost":"NONE","seed_source_timestamp":38759676844846,"circlet_count":0,"master_deck":["Strike_R","Strike_R","Strike_R","Strike_R+1","Defend_R+1","Defend_R","Defend_R","Bash","Flex","Barricade+1","Shrug It Off+1","Shrug It Off+1","Shrug It Off","Demon Form+1","Limit Break+1","Entrench+1","Immolate","Heavy Blade+1","Intimidate","Offering+1","Sword Boomerang+1","Entrench+1","Body Slam+1","Body Slam+1"],"special_seed":0,"relics":["Burning Blood","NeowsBlessing","Mummified Hand","Pen Nib","Sundial","Happy Flower","Odd Mushroom","Omamori","Coffee Dripper","Kunai","Ornamental Fan","Oddly Smooth Stone","Frozen Egg 2","Sozu","Bottled Flame","Darkstone Periapt","Red Mask"],"potions_floor_usage":[33,50],"damage_taken":[{"damage":0.0,"enemies":"Jaw Worm","floor":1.0,"turns":1.0},{"damage":1.0,"enemies":"Gremlin Nob","floor":7.0,"turns":2.0},{"damage":0.0,"enemies":"Small Slimes","floor":10.0,"turns":1.0},{"damage":25.0,"enemies":"The Mushroom Lair","floor":11.0,"turns":6.0},{"damage":15.0,"enemies":"3 Sentries","floor":13.0,"turns":11.0},{"damage":8.0,"enemies":"2 Louse","floor":14.0,"turns":2.0},{"damage":35.0,"enemies":"The Guardian","floor":16.0,"turns":10.0},{"damage":0.0,"enemies":"2 Thieves","floor":18.0,"turns":1.0},{"damage":24.0,"enemies":"Chosen","floor":19.0,"turns":7.0},{"damage":12.0,"enemies":"Centurion and Healer","floor":21.0,"turns":8.0},{"damage":23,"enemies":"Snake Plant","floor":25,"turns":5},{"damage":18,"enemies":"3 Cultists","floor":27,"turns":6},{"damage":13,"enemies":"Colosseum Slavers","floor":29,"turns":5},{"damage":0,"enemies":"Champ","floor":33,"turns":7},{"damage":29,"enemies":"3 Darklings","floor":35,"turns":7},{"damage":6,"enemies":"Orb Walker","floor":37,"turns":4},{"damage":9,"enemies":"4 Shapes","floor":38,"turns":13},{"damage":10,"enemies":"Sphere and 2 Shapes","floor":39,"turns":5},{"damage":6,"enemies":"Maw","floor":44,"turns":6},{"damage":6,"enemies":"Nemesis","floor":46,"turns":5},{"damage":6,"enemies":"Transient","floor":47,"turns":5},{"damage":11,"enemies":"Awakened One","floor":50,"turns":8}],"seed_played":"166547032128477659","potions_obtained":[{"floor":10.0,"key":"SkillPotion"},{"floor":11.0,"key":"Swift Potion"},{"floor":13.0,"key":"EntropicBrew"},{"floor":14.0,"key":"Regen Potion"},{"floor":19.0,"key":"Strength Potion"},{"floor":33,"key":"FearPotion"}],"is_trial":false,"path_per_floor":["M","?","?","?","$","R","E","R","T","M","?","R","E","M","R","B",null,"M","M","?","M","?","R","$","M","T","M","$","?","T","?","R","B",null,"M","?","M","M","M","R","$","R","T","M","?","E","M","?","R","B",null],"character_chosen":"IRONCLAD","items_purchased":["Barricade","Oddly Smooth Stone"],"campfire_rested":0,"item_purchase_floors":[5,28],"current_hp_per_floor":[80,80,73,57,57,57,62,62,62,68,49,49,40,38,38,24,80,80,62,62,56,56,56,56,39,39,27,27,20,20,20,20,26,80,57,77,77,74,70,70,70,70,70,70,70,70,70,70,70,65],"gold":0,"neow_bonus":"THREE_ENEMY_KILL","is_prod":false,"is_daily":false,"chose_seed":false,"campfire_upgraded":9,"win_rate":0,"timestamp":1543940704,"path_taken":["M","?","?","?","$","R","E","R","T","M","?","R","E","M","R","BOSS","M","M","?","?","?","R","?","M","T","?","$","?","?","?","R","BOSS","M","?","M","M","M","R","$","R","T","M","?","E","?","?","R","BOSS"],"build_version":"2018-11-15","purchased_purges":3,"victory":true,"max_hp_per_floor":[80,80,80,80,80,80,80,80,80,80,80,80,80,80,80,80,80,80,80,80,80,80,80,80,80,80,80,80,80,80,80,80,80,80,80,80,80,80,80,80,80,80,80,80,80,80,80,80,80,80],"card_choices":[{"not_picked":["Twin Strike","Seeing Red"],"picked":"Flex","floor":1.0},{"not_picked":["Shockwave","Clash"],"picked":"Shrug It Off","floor":7.0},{"not_picked":["Reckless Charge","Feel No Pain"],"picked":"Shrug It Off","floor":10.0},{"not_picked":["Rage","Clash"],"picked":"Shrug It Off","floor":11.0},{"not_picked":["Armaments","Impervious"],"picked":"Demon Form","floor":13.0},{"not_picked":["Flex","Sentinel","Warcry"],"picked":"SKIP","floor":14.0},{"not_picked":["Offering","Berserk"],"picked":"Limit Break","floor":16.0},{"not_picked":["Thunderclap","Armaments"],"picked":"Entrench","floor":19.0},{"not_picked":["Twin Strike","Sever Soul+1","Uppercut"],"picked":"SKIP","floor":21.0},{"not_picked":["Evolve","Sword Boomerang","Seeing Red"],"picked":"SKIP","floor":25},{"not_picked":["Clash","Reckless Charge+1"],"picked":"Intimidate","floor":27},{"not_picked":["Dark Embrace+1","Impervious"],"picked":"Offering","floor":33},{"not_picked":["Shockwave+1","Pommel Strike"],"picked":"Sword Boomerang+1","floor":35},{"not_picked":["Whirlwind","Warcry"],"picked":"Entrench","floor":37},{"not_picked":["Pommel Strike+1","Twin Strike","Uppercut+1"],"picked":"SKIP","floor":38},{"not_picked":["Pommel Strike+1","Bludgeon","Clothesline"],"picked":"SKIP","floor":39},{"not_picked":["Entrench+1","Armaments"],"picked":"Body Slam+1","floor":44},{"not_picked":["Pommel Strike","Rampage+1","Flex"],"picked":"SKIP","floor":46},{"not_picked":["Sever Soul","Infernal Blade"],"picked":"Body Slam+1","floor":47}],"player_experience":175008,"relics_obtained":[{"floor":7.0,"key":"Sundial"},{"floor":9.0,"key":"Happy Flower"},{"floor":11.0,"key":"Odd Mushroom"},{"floor":13.0,"key":"Omamori"},{"floor":26,"key":"Ornamental Fan"},{"floor":30,"key":"Frozen Egg 2"},{"floor":43,"key":"Bottled Flame"},{"floor":46,"key":"Darkstone Periapt"}],"event_choices":[{"damage_healed":0.0,"max_hp_gain":0.0,"max_hp_loss":0.0,"gold_gain":0.0,"event_name":"Big Fish","player_choice":"Box","floor":2.0,"gold_loss":0.0,"damage_taken":0.0,"relics_obtained":["Mummified Hand"],"cards_obtained":["Regret"]},{"damage_healed":0.0,"max_hp_gain":0.0,"max_hp_loss":0.0,"gold_gain":0.0,"event_name":"Scrap Ooze","player_choice":"Success","floor":3.0,"gold_loss":0.0,"damage_taken":7.0,"relics_obtained":["Pen Nib"]},{"damage_healed":0.0,"max_hp_gain":0.0,"max_hp_loss":0.0,"gold_gain":0.0,"event_name":"Shining Light","player_choice":"Entered Light","floor":4.0,"gold_loss":0.0,"damage_taken":16.0,"cards_upgraded":["Strike_R","Defend_R"]},{"damage_healed":0.0,"max_hp_gain":0.0,"max_hp_loss":0.0,"gold_gain":0.0,"event_name":"Mushrooms","player_choice":"Fought Mushrooms","floor":11.0,"gold_loss":0.0,"damage_taken":0.0},{"damage_healed":0.0,"max_hp_gain":0.0,"max_hp_loss":0.0,"gold_gain":0.0,"event_name":"Match and Keep!","player_choice":"2 cards matched","floor":20.0,"gold_loss":0.0,"damage_taken":0.0,"cards_obtained":["Immolate","Heavy Blade"]},{"damage_healed":0.0,"max_hp_gain":0.0,"max_hp_loss":0.0,"gold_gain":0.0,"event_name":"The Mausoleum","player_choice":"Opened","floor":22.0,"gold_loss":0.0,"damage_taken":0.0,"relics_obtained":["Kunai"]},{"damage_healed":0,"gold_gain":0,"player_choice":"Fight","damage_taken":0,"max_hp_gain":0,"max_hp_loss":0,"event_name":"Colosseum","floor":29,"gold_loss":0},{"damage_healed":0,"gold_gain":0,"player_choice":"Fled From Nobs","damage_taken":0,"max_hp_gain":0,"max_hp_loss":0,"event_name":"Colosseum","floor":29,"gold_loss":0},{"damage_healed":0,"gold_gain":0,"player_choice":"Paid Fearfully","damage_taken":0,"max_hp_gain":0,"max_hp_loss":0,"event_name":"Masked Bandits","floor":31,"gold_loss":25},{"damage_healed":20,"gold_gain":0,"player_choice":"Writhe","damage_taken":0,"max_hp_gain":0,"max_hp_loss":0,"event_name":"Winding Halls","floor":36,"gold_loss":0,"cards_obtained":["Writhe"]},{"damage_healed":0,"gold_gain":0,"player_choice":"Got Potions","damage_taken":0,"max_hp_gain":0,"max_hp_loss":0,"event_name":"Lab","floor":45,"gold_loss":0},{"damage_healed":0,"gold_gain":0,"player_choice":"Paid","damage_taken":0,"relics_obtained":["Red Mask"],"max_hp_gain":0,"max_hp_loss":0,"event_name":"Tomb of Lord Red Mask","floor":48,"gold_loss":175}],"is_beta":false,"boss_relics":[{"not_picked":["Runic Cube","White Beast Statue"],"picked":"Coffee Dripper"},{"not_picked":["Philosopher\u0027s Stone","Pandora\u0027s Box"],"picked":"Sozu"}],"items_purged_floors":[24,28,41],"is_endless":false,"potions_floor_spawned":[10,11,13,14,16,19,33,38,39,44],"ascension_level":0}