{"gold_per_floor":[113,37,37,37,53,80,80,105,131,158,174,174,235,249,249,321,321,336,23,23,23,36,46,46],"floor_reached":24,"playtime":1511,"items_purged":["Strike_B"],"score":406,"play_id":"e72cdbac-74d7-4f28-b324-e066f3af3f54","local_time":"20190603143932","is_ascension_mode":true,"campfire_choices":[{"data":"Consume","floor":7,"key":"SMITH"},{"floor":12,"key":"REST"},{"data":"Doom and Gloom","floor":15,"key":"SMITH"}],"neow_cost":"NONE","seed_source_timestamp":1195297778208999,"circlet_count":0,"master_deck":["AscendersBane","Strike_B","Defend_B","Defend_B","Defend_B","Defend_B","Zap","Dualcast","Coolheaded","Glacier","Amplify","Hologram","Compile Driver","Consume+1","Steam","Doom and Gloom+1","Conserve Battery","Compile Driver","Echo Form","Static Discharge","Capacitor","Recycle","Static Discharge"],"relics":["Cracked Core","NeowsBlessing","Bag of Preparation","Bird Faced Urn","Anchor","Pen Nib","Bottled Lightning","Velvet Choker","Membership Card","Tiny Chest"],"potions_floor_usage":[13,16,24],"damage_taken":[{"damage":0,"enemies":"2 Louse","floor":1,"turns":1},{"damage":0,"enemies":"Small Slimes","floor":5,"turns":1},{"damage":0,"enemies":"Lagavulin","floor":6,"turns":1},{"damage":32,"enemies":"Gremlin Nob","floor":8,"turns":4},{"damage":8,"enemies":"3 Sentries","floor":10,"turns":15},{"damage":0,"enemies":"Cultist","floor":11,"turns":4},{"damage":7,"enemies":"Lagavulin Event","floor":13,"turns":7},{"damage":6,"enemies":"Looter","floor":14,"turns":3},{"damage":21,"enemies":"Slime Boss","floor":16,"turns":12},{"damage":17,"enemies":"2 Thieves","floor":18,"turns":3},{"damage":13,"enemies":"3 Byrds","floor":22,"turns":4},{"damage":14,"enemies":"Snecko","floor":23,"turns":5},{"damage":27,"enemies":"Gremlin Leader","floor":24,"turns":2}],"seed_played":"-3999396484457440380","potions_obtained":[{"floor":5,"key":"Dexterity Potion"},{"floor":11,"key":"Energy Potion"},{"floor":14,"key":"GamblersBrew"},{"floor":16,"key":"SmokeBomb"},{"floor":22,"key":"Regen Potion"}],"is_trial":false,"path_per_floor":["M","$","?","?","M","E","R","E","T","E","M","R","?","M","R","B",null,"M","$","?","?","M","M","E"],"character_chosen":"DEFECT","items_purchased":["Glacier","Membership Card","Tiny Chest","Static Discharge"],"campfire_rested":1,"item_purchase_floors":[2,19,19,19],"current_hp_per_floor":[64,64,69,69,69,69,69,37,37,29,29,51,44,38,38,17,61,46,46,32,32,27,17,0],"gold":46,"neow_bonus":"THREE_ENEMY_KILL","is_prod":false,"is_daily":false,"chose_seed":false,"campfire_upgraded":2,"win_rate":0,"timestamp":1559587172,"path_taken":["M","$","?","?","M","E","R","E","T","E","?","R","?","M","R","BOSS","M","$","?","?","M","M","E"],"build_version":"2019-01-23","purchased_purges":1,"victory":false,"max_hp_per_floor":[71,71,76,76,76,76,76,76,76,76,76,76,76,76,76,76,76,76,76,81,81,81,81,81],"card_choices":[{"not_picked":["Steam","FTL"],"picked":"Coolheaded","floor":1},{"not_picked":["Barrage","Blizzard"],"picked":"Compile Driver","floor":5},{"not_picked":["Sweeping Beam","Skim"],"picked":"Consume","floor":6},{"not_picked":["Turbo","Redo"],"picked":"Steam","floor":8},{"not_picked":["Steam","Sweeping Beam"],"picked":"Doom and Gloom","floor":10},{"not_picked":["Streamline","Auto Shields"],"picked":"Conserve Battery","floor":11},{"not_picked":["Consume","Rip and Tear"],"picked":"Compile Driver","floor":14},{"not_picked":["Buffer","Thunder Strike"],"picked":"Echo Form","floor":16},{"not_picked":["Barrage","Stack","Recycle"],"picked":"SKIP","floor":18},{"not_picked":["Melter","Force Field","Redo"],"picked":"SKIP","floor":22},{"not_picked":["Aggregate","Recycle"],"picked":"Static Discharge","floor":23}],"player_experience":441093,"relics_obtained":[{"floor":6,"key":"Bag of Preparation"},{"floor":8,"key":"Bird Faced Urn"},{"floor":9,"key":"Anchor"},{"floor":10,"key":"Pen Nib"},{"floor":13,"key":"Bottled Lightning"}],"event_choices":[{"damage_healed":0,"gold_gain":0,"player_choice":"Donut","damage_taken":0,"max_hp_gain":5,"max_hp_loss":0,"event_name":"Big Fish","floor":3,"gold_loss":0},{"damage_healed":0,"gold_gain":0,"player_choice":"2 cards matched","damage_taken":0,"max_hp_gain":0,"max_hp_loss":0,"event_name":"Match and Keep!","floor":4,"gold_loss":0,"cards_obtained":["Amplify","Hologram"]},{"damage_healed":0,"gold_gain":0,"player_choice":"Searched \u00272\u0027 times","damage_taken":0,"max_hp_gain":0,"max_hp_loss":0,"event_name":"Dead Adventurer","floor":13,"gold_loss":0},{"damage_healed":0,"gold_gain":0,"player_choice":"Shed Blood","damage_taken":19,"max_hp_gain":5,"max_hp_loss":0,"event_name":"Forgotten Altar","floor":20,"gold_loss":0},{"damage_healed":0,"gold_gain":0,"cards_transformed":["Strike_B","Strike_B"],"player_choice":"Became Test Subject","damage_taken":0,"max_hp_gain":0,"max_hp_loss":0,"event_name":"Drug Dealer","floor":21,"gold_loss":0,"cards_obtained":["Capacitor","Recycle"]}],"is_beta":false,"boss_relics":[{"not_picked":["Eternal Feather","Coffee Dripper"],"picked":"Velvet Choker"}],"items_purged_floors":[19],"is_endless":false,"potions_floor_spawned":[5,11,14,16,22],"killed_by":"Gremlin Leader","ascension_level":14}