{"gold_per_floor":[114,75,91,191,209,209,27,27,27,47,64,77,77,93,93,168,168,184,184,203,203,221,232,232,232],"floor_reached":25,"playtime":1146,"items_purged":[],"score":335,"play_id":"d7ed75de-0cf2-40af-b9bc-35426ac254db","local_time":"20190518165614","is_ascension_mode":true,"campfire_choices":[{"floor":6,"key":"REST"},{"data":"The Bomb","floor":8,"key":"SMITH"},{"floor":13,"key":"REST"},{"floor":15,"key":"REST"},{"floor":24,"key":"REST"}],"neow_cost":"NONE","seed_source_timestamp":27171394791627,"circlet_count":0,"master_deck":["AscendersBane","Strike_B","Strike_B","Defend_B","Defend_B","Defend_B","Defend_B","Zap","Dualcast","Seek","The Bomb+1","BootSequence","Reboot","Go for the Eyes+1"],"relics":["Cracked Core","Happy Flower","Runic Pyramid"],"potions_floor_usage":[14,18,20,25],"damage_taken":[{"damage":2,"enemies":"Jaw Worm","floor":1,"turns":3},{"damage":4,"enemies":"2 Louse","floor":3,"turns":2},{"damage":1,"enemies":"Cultist","floor":5,"turns":3},{"damage":12,"enemies":"Exordium Wildlife","floor":10,"turns":3},{"damage":18,"enemies":"Lots of Slimes","floor":11,"turns":3},{"damage":13,"enemies":"3 Louse","floor":12,"turns":3},{"damage":10,"enemies":"Looter","floor":14,"turns":4},{"damage":38,"enemies":"Slime Boss","floor":16,"turns":7},{"damage":1,"enemies":"Chosen","floor":18,"turns":5},{"damage":0,"enemies":"Spheric Guardian","floor":20,"turns":3},{"damage":2,"enemies":"Cultist and Chosen","floor":22,"turns":4},{"damage":12,"enemies":"Centurion and Healer","floor":23,"turns":7},{"damage":70,"enemies":"Gremlin Leader","floor":25,"turns":3}],"seed_played":"746434074661193539","potions_obtained":[{"floor":5,"key":"Weak Potion"},{"floor":10,"key":"SkillPotion"},{"floor":14,"key":"Block Potion"},{"floor":19,"key":"Fire Potion"},{"floor":19,"key":"Regen Potion"},{"floor":23,"key":"FearPotion"}],"is_trial":false,"path_per_floor":["M","?","M","?","M","R","$","R","T","M","M","M","R","M","R","B",null,"M","?","M","?","M","M","R","E"],"character_chosen":"DEFECT","items_purchased":["The Bomb"],"campfire_rested":4,"item_purchase_floors":[7],"current_hp_per_floor":[62,62,58,58,57,71,71,71,71,59,41,28,49,39,60,22,59,58,58,58,58,56,44,65,0],"gold":232,"neow_bonus":"TRANSFORM_CARD","is_prod":false,"is_daily":false,"chose_seed":false,"campfire_upgraded":1,"win_rate":0,"timestamp":1558223774,"path_taken":["M","?","M","?","M","R","$","R","T","M","M","?","R","M","R","BOSS","M","?","?","?","M","M","R","E"],"build_version":"2019-01-23","purchased_purges":0,"victory":false,"max_hp_per_floor":[71,71,71,71,71,71,71,71,71,71,71,71,71,71,71,71,71,71,71,71,71,71,71,71,71],"card_choices":[{"not_picked":["Rebound","Compile Driver","Hologram"],"picked":"SKIP","floor":1},{"not_picked":["Steam","Streamline","Ball Lightning"],"picked":"SKIP","floor":3},{"not_picked":["Sweeping Beam","Stack","Hologram"],"picked":"SKIP","floor":5},{"not_picked":["Tempest","Steam"],"picked":"BootSequence","floor":10},{"not_picked":["Stack","Cold Snap","Meteor Strike"],"picked":"SKIP","floor":11},{"not_picked":["Streamline","Compile Driver","Rebound"],"picked":"SKIP","floor":12},{"not_picked":["Stack","Gash","Force Field"],"picked":"SKIP","floor":14},{"not_picked":["Thunder Strike","Seek"],"picked":"Reboot","floor":16},{"not_picked":["Fusion","Rip and Tear"],"picked":"Go for the Eyes+1","floor":18},{"not_picked":["Gash","Steam+1","Barrage"],"picked":"SKIP","floor":20},{"not_picked":["Double Energy","Reprogram","Stack"],"picked":"SKIP","floor":22},{"not_picked":["Barrage","Cold Snap","Gash"],"picked":"SKIP","floor":23}],"player_experience":631072,"relics_obtained":[{"floor":9,"key":"Happy Flower"}],"event_choices":[{"damage_healed":0,"gold_gain":0,"player_choice":"Left Gold","damage_taken":0,"max_hp_gain":0,"max_hp_loss":0,"event_name":"World of Goop","floor":2,"gold_loss":39},{"damage_healed":0,"gold_gain":100,"player_choice":"Pray","damage_taken":0,"max_hp_gain":0,"max_hp_loss":0,"event_name":"Golden Shrine","floor":4,"gold_loss":0},{"damage_healed":0,"gold_gain":0,"player_choice":"Got Potions","damage_taken":0,"max_hp_gain":0,"max_hp_loss":0,"event_name":"Lab","floor":19,"gold_loss":0},{"cards_removed":["Strike_B"],"damage_healed":0,"gold_gain":0,"player_choice":"Elegance","damage_taken":0,"max_hp_gain":0,"max_hp_loss":0,"event_name":"Back to Basics","floor":21,"gold_loss":0}],"is_beta":false,"boss_relics":[{"not_picked":["FrozenCore","Calling Bell"],"picked":"Runic Pyramid"}],"items_purged_floors":[],"is_endless":false,"potions_floor_spawned":[5,10,11,14,23],"killed_by":"Gremlin Leader","ascension_level":14}