{"gold_per_floor":[415,429,446,460,120,120,148,148,148,148,148,76,103,113,113,212,212,225,239,19,31,44,44,44,44,68,99,99,99,110,209,209,310,310,329,329,349,367,367,367,384,384],"floor_reached":42,"playtime":3631,"items_purged":["Strike_R"],"score":566,"play_id":"a24805a6-dcd3-492f-bbf0-0cc771535c7b","local_time":"20190529033055","is_ascension_mode":true,"campfire_choices":[{"data":"Infernal Blade","floor":6.0,"key":"SMITH"},{"data":"Metallicize","floor":8.0,"key":"SMITH"},{"data":"Body Slam","floor":10.0,"key":"SMITH"},{"data":"Inflame","floor":15.0,"key":"SMITH"},{"data":"Barricade","floor":23.0,"key":"SMITH"},{"data":"Entrench","floor":25.0,"key":"SMITH"},{"floor":28.0,"key":"REST"},{"floor":32.0,"key":"REST"},{"floor":40.0,"key":"REST"}],"neow_cost":"TEN_PERCENT_HP_LOSS","seed_source_timestamp":101564754530600,"circlet_count":0,"master_deck":["Strike_R+1","Strike_R","Strike_R+1","Strike_R","Defend_R","Defend_R","Defend_R","Bash","Shrug It Off","Seeing Red","Rage","Infernal Blade+1","Body Slam+1","Metallicize+1","Armaments","Shrug It Off","Inflame+1","Barricade+1","Cleave+1","Entrench+1","Demon Form","Heavy Blade","Double Tap","Flame Barrier+1","Armaments+1"],"special_seed":0,"relics":["Burning Blood","Old Coin","Shuriken","Meat on the Bone","Unceasing Top","Singing Bowl","Calipers","Black Star","Vajra","Whetstone","Oddly Smooth Stone","Thread and Needle","Lizard Tail"],"potions_floor_usage":[],"damage_taken":[{"damage":1.0,"enemies":"Cultist","floor":1.0,"turns":4.0},{"damage":11.0,"enemies":"Small Slimes","floor":2.0,"turns":7.0},{"damage":3.0,"enemies":"2 Louse","floor":3.0,"turns":4.0},{"damage":0.0,"enemies":"2 Fungi Beasts","floor":4.0,"turns":4.0},{"damage":22.0,"enemies":"Lagavulin","floor":7.0,"turns":6.0},{"damage":19.0,"enemies":"Gremlin Nob","floor":13.0,"turns":5.0},{"damage":0.0,"enemies":"Blue Slaver","floor":14.0,"turns":2.0},{"damage":37.0,"enemies":"Slime Boss","floor":16.0,"turns":13.0},{"damage":34.0,"enemies":"2 Thieves","floor":18.0,"turns":5.0},{"damage":26.0,"enemies":"Shell Parasite","floor":19.0,"turns":14.0},{"damage":13.0,"enemies":"Centurion and Healer","floor":21.0,"turns":10.0},{"damage":36.0,"enemies":"3 Cultists","floor":22.0,"turns":7.0},{"damage":53.0,"enemies":"Gremlin Leader","floor":27.0,"turns":10.0},{"damage":4.0,"enemies":"Cultist and Chosen","floor":30.0,"turns":8.0},{"damage":25.0,"enemies":"Automaton","floor":33.0,"turns":15.0},{"damage":44.0,"enemies":"3 Darklings","floor":35.0,"turns":9.0},{"damage":0.0,"enemies":"3 Shapes","floor":37.0,"turns":7.0},{"damage":101.0,"enemies":"Transient","floor":38.0,"turns":5.0},{"damage":4.0,"enemies":"Maw","floor":41.0,"turns":10.0},{"damage":56,"enemies":"3 Darklings","floor":42,"turns":3}],"seed_played":"-3612164148439385974","potions_obtained":[{"floor":1.0,"key":"Poison Potion"},{"floor":7.0,"key":"Block Potion"},{"floor":16.0,"key":"Poison Potion"},{"floor":19.0,"key":"Regen Potion"},{"floor":27.0,"key":"Strength Potion"},{"floor":30.0,"key":"Regen Potion"}],"is_trial":false,"path_per_floor":["M","M","M","M","$","R","E","R","T","R","T","$","E","M","R","B",null,"M","M","$","M","M","R","?","R","T","E","R","?","M","?","R","B",null,"M","?","M","M","?","R","M","M"],"character_chosen":"IRONCLAD","items_purchased":["Shuriken","Body Slam","Armaments","Shrug It Off","Vajra","Entrench"],"campfire_rested":3,"item_purchase_floors":[5,5,12,12,20,20],"current_hp_per_floor":[72,67,70,72,72,72,56,56,56,56,56,56,45,51,51,32,64,50,42,42,52,34,34,60,60,60,27,51,51,53,53,77,73,78,54,54,60,23,23,47,51,0],"gold":384,"neow_bonus":"ONE_RARE_RELIC","is_prod":false,"is_daily":false,"chose_seed":false,"campfire_upgraded":6,"win_rate":0,"timestamp":1559125855,"path_taken":["M","M","M","M","$","R","E","R","T","R","?","$","E","M","R","BOSS","M","M","$","M","M","R","?","R","T","E","R","?","M","?","R","BOSS","M","?","M","M","?","R","M","M"],"build_version":"2019-01-23","purchased_purges":1,"victory":false,"max_hp_per_floor":[72,72,72,72,72,72,72,72,72,72,72,72,74,74,74,74,74,76,76,76,78,78,78,78,78,78,80,80,80,80,80,80,80,80,82,82,82,82,82,82,84,84],"card_choices":[{"not_picked":["Blood for Blood","Clash"],"picked":"Shrug It Off","floor":1.0},{"not_picked":["Headbutt","Clothesline"],"picked":"Seeing Red","floor":2.0},{"not_picked":["Clash","Headbutt"],"picked":"Rage","floor":3.0},{"not_picked":["Heavy Blade","Clothesline"],"picked":"Infernal Blade","floor":4.0},{"not_picked":["Armaments","Exhume"],"picked":"Metallicize","floor":7.0},{"not_picked":["Heavy Blade","Evolve","Burning Pact"],"picked":"Singing Bowl","floor":13.0},{"not_picked":["Bloodletting","Clash"],"picked":"Inflame","floor":14.0},{"not_picked":["Limit Break","Dark Embrace"],"picked":"Barricade","floor":16.0},{"not_picked":["Warcry+1","Body Slam","Feel No Pain"],"picked":"Singing Bowl","floor":18.0},{"not_picked":["True Grit","Headbutt+1"],"picked":"Cleave+1","floor":19.0},{"not_picked":["Clash","Rupture","Warcry"],"picked":"Singing Bowl","floor":21.0},{"not_picked":["Inflame","True Grit"],"picked":"Demon Form","floor":22.0},{"not_picked":["Shockwave+1","Rupture+1","Uppercut"],"picked":"Singing Bowl","floor":27.0},{"not_picked":["Anger+1","Pommel Strike"],"picked":"Heavy Blade","floor":30.0},{"not_picked":["Offering","Feed"],"picked":"Double Tap","floor":33.0},{"not_picked":["Burning Pact+1","Disarm+1","Body Slam"],"picked":"Singing Bowl","floor":35.0},{"not_picked":["Pommel Strike","Cleave+1"],"picked":"Flame Barrier+1","floor":37.0},{"not_picked":["Corruption+1","Sever Soul"],"picked":"Armaments+1","floor":38.0},{"not_picked":["Flex+1","Brutality","Twin Strike"],"picked":"Singing Bowl","floor":41.0}],"player_experience":113166,"relics_obtained":[{"floor":7.0,"key":"Meat on the Bone"},{"floor":9.0,"key":"Unceasing Top"},{"floor":11.0,"key":"Singing Bowl"},{"floor":13.0,"key":"Calipers"},{"floor":26.0,"key":"Whetstone"},{"floor":27.0,"key":"Oddly Smooth Stone"},{"floor":27.0,"key":"Thread and Needle"}],"event_choices":[{"damage_healed":26.0,"max_hp_gain":0.0,"max_hp_loss":0.0,"gold_gain":0.0,"event_name":"The Library","player_choice":"Heal","floor":24.0,"gold_loss":0.0,"damage_taken":0.0},{"damage_healed":0.0,"max_hp_gain":0.0,"max_hp_loss":0.0,"gold_gain":0.0,"event_name":"Cursed Tome","player_choice":"Ignored","floor":29.0,"gold_loss":0.0,"damage_taken":0.0},{"damage_healed":0.0,"max_hp_gain":0.0,"max_hp_loss":0.0,"gold_gain":99.0,"event_name":"Nest","player_choice":"Stole From Cult","floor":31.0,"gold_loss":0.0,"damage_taken":0.0},{"cards_removed":["Defend_R"],"damage_healed":0.0,"max_hp_gain":0.0,"max_hp_loss":0.0,"gold_gain":0.0,"event_name":"Falling","player_choice":"Removed Skill","floor":36.0,"gold_loss":0.0,"damage_taken":0.0},{"damage_healed":0.0,"max_hp_gain":0.0,"max_hp_loss":0.0,"gold_gain":0.0,"event_name":"Tomb of Lord Red Mask","player_choice":"Ignored","floor":39.0,"gold_loss":0.0,"damage_taken":0.0}],"is_beta":false,"boss_relics":[{"not_picked":["Runic Cube","Eternal Feather"],"picked":"Black Star"},{"not_picked":["Snecko Eye","Black Blood"],"picked":"Lizard Tail"}],"items_purged_floors":[5],"is_endless":false,"potions_floor_spawned":[1,7,16,19,27,30],"killed_by":"3 Darklings","ascension_level":5}