{"gold_per_floor":[112,128,128,152,165,165,181,205,205,280,280,280,296,332,332,457,457,481,501,285,285,22,57,57,57,57,57,73,73,89,104,104,223,223,244,176,176,191,191,224,224,224,224,240,130,149,149,162,162,285,285,306,329,329,353,303,303,326,367,367,388,406,157,182,197,197,321,321,345,220,220,241,255,299,299,332,375,394,394,319,355,371,371,495,495,513,538,392,407,420,420,374,374,408,741,338,560,560,576,576,672,672,691,766,777,777,16,16,45,45,79,79,33,62,162,94,94,195,195,209,209,228,241,36,56,88,98,128,148,148,164,182,182,182,287,287,297,94,113,1112,1334,1334,1334,1367,1396,1396,1396,858,877,554,554,659,659],"floor_reached":153,"playtime":4805,"items_purged":["Strike_G","Dodge and Roll","PiercingWail"],"score":4516,"play_id":"4fe0bb19-f3c9-47d8-a840-cdfea9358399","local_time":"20180719123101","daily_mods":["Brewmaster","Heirloom","Allstar","Time Dilation"],"is_ascension_mode":false,"campfire_choices":[{"data":"Blind","floor":6,"key":"SMITH"},{"floor":12,"key":"REST"},{"data":"Bouncing Flask","floor":15,"key":"SMITH"},{"data":"1","floor":24,"key":"LIFT"},{"data":"2","floor":27,"key":"LIFT"},{"data":"3","floor":29,"key":"LIFT"},{"data":"Apotheosis","floor":32,"key":"SMITH"},{"data":"Dramatic Entrance","floor":41,"key":"SMITH"},{"data":"Underhanded Strike","floor":47,"key":"PURGE"},{"data":"Bouncing Flask","floor":49,"key":"SMITH"},{"data":"Dagger Throw","floor":57,"key":"PURGE"},{"data":"Backstab","floor":66,"key":"SMITH"},{"data":"Dagger Spray","floor":75,"key":"PURGE"},{"data":"Backstab","floor":79,"key":"SMITH"},{"data":"Writhe","floor":83,"key":"PURGE"},{"data":"After Image","floor":91,"key":"PURGE"},{"data":"Transmutation","floor":93,"key":"PURGE"},{"data":"Backstab","floor":98,"key":"SMITH"},{"data":"Survivor","floor":100,"key":"PURGE"},{"data":"Finisher","floor":108,"key":"SMITH"},{"data":"Die Die Die","floor":110,"key":"SMITH"},{"data":"Sucker Punch+1","floor":112,"key":"PURGE"},{"data":"Accuracy","floor":117,"key":"SMITH"},{"data":"Bane","floor":130,"key":"PURGE"},{"data":"Deflect","floor":134,"key":"PURGE"},{"data":"Normality","floor":142,"key":"PURGE"},{"data":"Normality","floor":146,"key":"PURGE"},{"data":"Malaise","floor":151,"key":"PURGE"}],"neow_cost":"","seed_source_timestamp":0,"circlet_count":0,"master_deck":["Neutralize","Venomology","Venomology","Venomology","Venomology","Venomology","Blind+1","Dark Shackles","Dramatic Entrance+1","Sadistic Nature","Backstab+1","Bouncing Flask+1","Die Die Die","Cloak And Dagger","Corpse Explosion","Finisher+1","Escape Plan","Apotheosis+1","Burst","Endless Agony","Cloak And Dagger","Cloak And Dagger","PiercingWail","Cloak And Dagger","Noxious Fumes","Backflip+1","Die Die Die+1","Slice+1","Poisoned Stab+1","Backstab+1","Bouncing Flask+1","Backstab+1","Catalyst+1","Terror+1","Backflip+1","Slice","Escape Plan+1","Flash of Steel","Catalyst+1","Cloak And Dagger","Accuracy+1","Backstab","Cloak And Dagger+1","Accuracy+1","Slice+1"],"relics":["Ring of the Serpent","Girya","White Beast Statue","Regal Pillow","Peace Pipe","Odd Mushroom","Snake Skull","Bag of Marbles","Ninja Scroll","Pandora\u0027s Box","Mercury Hourglass","Dodecahedron","Black Star","Singing Bowl","Bottled Flame","Vajra","Empty Cage","Blood Vial","Red Mask","Eternal Feather","Orichalcum","Tingsha","Busted Crown","FaceOfCleric","Bottled Lightning","DollysMirror","Incense Burner","Coffee Dripper","Membership Card","Cursed Key","Kunai","TheAbacus","Bronze Scales","Torii","Molten Egg 2","Pen Nib","Orrery"],"potions_floor_usage":[1,2,4,4,5,5,5,7,7,7,7,7,7,8,8,13,14,14,14,16,16,16,16,16,16,18,18,18,18,19,19,23,23,23,23,28,30,31,33,33,33,33,33,35,35,40,40,40,40,40,48,50,50,50,50,50,50,50,50,53,53,53,55,59,59,67,76,76,84,84,94,94,94,94,94,94,94,99,99,99,101,101,101,101,101,114,114,118,118,118,118,125,126,135,135,135,135,135,135,135,135,137,149,149,149,149,149,149,152,152,152],"damage_taken":[{"damage":9,"enemies":"Jaw Worm","floor":1,"turns":5},{"damage":0,"enemies":"2 Louse","floor":2,"turns":4},{"damage":0,"enemies":"Small Slimes","floor":4,"turns":2},{"damage":0,"enemies":"2 Fungi Beasts","floor":5,"turns":2},{"damage":17,"enemies":"Large Slime","floor":7,"turns":7},{"damage":0,"enemies":"Looter","floor":8,"turns":1},{"damage":0,"enemies":"Gremlin Gang","floor":13,"turns":2},{"damage":9,"floor":14,"turns":3},{"damage":4,"enemies":"Hexaghost","floor":16,"turns":8},{"damage":15,"enemies":"Shell Parasite","floor":18,"turns":4},{"damage":6,"enemies":"3 Byrds","floor":19,"turns":3},{"damage":18,"enemies":"Slavers","floor":23,"turns":5},{"damage":0,"enemies":"Slaver and Parasite","floor":28,"turns":1},{"damage":0,"enemies":"Chosen and Byrds","floor":30,"turns":1},{"damage":0,"enemies":"Snake Plant","floor":31,"turns":1},{"damage":15,"enemies":"Champ","floor":33,"turns":9},{"damage":0,"enemies":"Flame Bruiser 1 Orb","floor":35,"turns":1},{"damage":0,"enemies":"Orb Walker","floor":38,"turns":1},{"damage":1,"enemies":"Giant Head","floor":40,"turns":6},{"damage":0,"floor":42,"turns":2},{"damage":0,"enemies":"Maw","floor":44,"turns":2},{"damage":0,"enemies":"3 Darklings","floor":46,"turns":1},{"damage":0,"enemies":"Sphere and 2 Shapes","floor":48,"turns":1},{"damage":72,"enemies":"Time Eater","floor":50,"turns":8},{"damage":0,"enemies":"2 Louse","floor":52,"turns":1},{"damage":0,"enemies":"Jaw Worm","floor":53,"turns":1},{"damage":0,"enemies":"Cultist","floor":55,"turns":1},{"damage":0,"enemies":"Blue Slaver","floor":58,"turns":1},{"damage":0,"enemies":"Lagavulin","floor":59,"turns":2},{"damage":0,"enemies":"Exordium Thugs","floor":61,"turns":1},{"damage":0,"enemies":"Lots of Slimes","floor":62,"turns":1},{"damage":0,"enemies":"3 Louse","floor":64,"turns":1},{"damage":0,"enemies":"Large Slime","floor":65,"turns":1},{"damage":0,"enemies":"Slime Boss","floor":67,"turns":1},{"damage":0,"enemies":"2 Thieves","floor":69,"turns":1},{"damage":0,"enemies":"Spheric Guardian","floor":72,"turns":1},{"damage":0,"enemies":"Centurion and Healer","floor":73,"turns":1},{"damage":0,"enemies":"Slavers","floor":74,"turns":1},{"damage":0,"enemies":"Gremlin Leader","floor":76,"turns":2},{"damage":0,"enemies":"Slavers","floor":77,"turns":1},{"damage":0,"enemies":"Snake Plant","floor":78,"turns":1},{"damage":0,"floor":81,"turns":1},{"damage":0,"enemies":"Chosen and Byrds","floor":82,"turns":1},{"damage":25,"enemies":"Champ","floor":84,"turns":8},{"damage":0,"enemies":"Flame Bruiser 1 Orb","floor":86,"turns":1},{"damage":0,"enemies":"Orb Walker","floor":87,"turns":1},{"damage":0,"enemies":"3 Darklings","floor":89,"turns":1},{"damage":0,"enemies":"Flame Bruiser 2 Orb","floor":90,"turns":1},{"damage":54,"enemies":"Giant Head","floor":94,"turns":6},{"damage":1,"enemies":"Maw","floor":99,"turns":4},{"damage":85,"enemies":"Donu and Deca","floor":101,"turns":5},{"damage":0,"enemies":"2 Louse","floor":103,"turns":1},{"damage":0,"enemies":"Jaw Worm","floor":105,"turns":1},{"damage":0,"enemies":"Gremlin Nob","floor":109,"turns":1},{"damage":0,"enemies":"Lagavulin","floor":111,"turns":1},{"damage":0,"enemies":"3 Sentries","floor":114,"turns":1},{"damage":4,"enemies":"The Guardian","floor":118,"turns":4},{"damage":0,"enemies":"Spheric Guardian","floor":120,"turns":1},{"damage":0,"enemies":"Chosen","floor":122,"turns":1},{"damage":0,"enemies":"Snecko","floor":123,"turns":1},{"damage":0,"enemies":"Centurion and Healer","floor":125,"turns":1},{"damage":37,"enemies":"Book of Stabbing","floor":126,"turns":2},{"damage":0,"enemies":"Chosen and Byrds","floor":127,"turns":1},{"damage":0,"enemies":"Slavers","floor":128,"turns":1},{"damage":0,"enemies":"Snake Plant","floor":129,"turns":1},{"damage":0,"enemies":"Centurion and Healer","floor":131,"turns":1},{"damage":0,"enemies":"Snecko","floor":132,"turns":1},{"damage":27,"enemies":"Automaton","floor":135,"turns":6},{"damage":0,"enemies":"Orb Walker","floor":137,"turns":1},{"damage":0,"enemies":"Flame Bruiser 1 Orb","floor":139,"turns":1},{"damage":0,"enemies":"Nemesis","floor":144,"turns":1},{"damage":0,"enemies":"2 Orb Walkers","floor":145,"turns":1},{"damage":0,"enemies":"Transient","floor":149,"turns":5},{"damage":53,"enemies":"Donu and Deca","floor":152,"turns":4}],"seed_played":"-2458193568056692450","potions_obtained":[{"floor":1,"key":"Strength Potion"},{"floor":4,"key":"GhostInAJar"},{"floor":7,"key":"EntropicBrew"},{"floor":8,"key":"Fire Potion"},{"floor":13,"key":"Block Potion"},{"floor":16,"key":"Weak Potion"},{"floor":18,"key":"Ancient Potion"},{"floor":19,"key":"Block Potion"},{"floor":23,"key":"AttackPotion"},{"floor":28,"key":"AttackPotion"},{"floor":31,"key":"Block Potion"},{"floor":33,"key":"Swift Potion"},{"floor":35,"key":"Regen Potion"},{"floor":40,"key":"Energy Potion"},{"floor":48,"key":"Fruit Juice"},{"floor":50,"key":"PowerPotion"},{"floor":52,"key":"Dexterity Potion"},{"floor":53,"key":"SteroidPotion"},{"floor":55,"key":"Block Potion"},{"floor":59,"key":"GhostInAJar"},{"floor":61,"key":"Regen Potion"},{"floor":65,"key":"PowerPotion"},{"floor":67,"key":"SkillPotion"},{"floor":76,"key":"Fire Potion"},{"floor":94,"key":"GhostInAJar"},{"floor":99,"key":"GamblersBrew"},{"floor":101,"key":"Explosive Potion"},{"floor":114,"key":"Regen Potion"},{"floor":118,"key":"Poison Potion"},{"floor":122,"key":"SteroidPotion"},{"floor":125,"key":"Ancient Potion"},{"floor":126,"key":"SkillPotion"},{"floor":135,"key":"GamblersBrew"},{"floor":137,"key":"Explosive Potion"},{"floor":139,"key":"SkillPotion"},{"floor":144,"key":"Energy Potion"},{"floor":149,"key":"LiquidBronze"},{"floor":152,"key":"Dexterity Potion"}],"is_trial":true,"path_per_floor":["M","M","?","M","M","R","M","M","T","?","?","R","M","?","R","B",null,"M","M","$","?","$","E","R","?","T","R","M","R","M","M","R","B",null,"M","$","?","M","$","E","R","?","T","M","$","M","R","M","R","B",null,"M","M","?","M","?","R","M","E","T","M","M","$","M","M","R","B",null,"M","$","?","M","M","E","R","E","E","M","R","?","?","M","R","B",null,"M","M","$","M","M","R","$","R","E","?","$","?","R","M","R","B",null,"M","?","M","?","$","R","E","R","E","R","$","E","?","$","R","B",null,"M","$","M","M","$","M","E","M","E","M","R","M","M","?","R","B",null,"M","$","M","?","?","R","?","E","E","R","?","$","M","$","R","B"],"character_chosen":"THE_SILENT","items_purchased":["Snake Skull","Escape Plan","Apotheosis","Noxious Fumes","Backstab","Bouncing Flask","Vajra","Orichalcum","Slice","Tingsha","Flash of Steel","Bottled Lightning","DollysMirror","Incense Burner","Cloak And Dagger","Accuracy","Membership Card","Kunai","TheAbacus","Bronze Scales","Torii","Molten Egg 2","Pen Nib"],"campfire_rested":1,"item_purchase_floors":[20,20,22,36,45,45,63,88,92,96,96,107,107,107,113,116,124,138,148,148,148,150,150],"current_hp_per_floor":[61,61,44,44,44,44,27,27,27,16,4,40,40,43,43,39,70,55,49,49,49,49,31,31,31,31,31,31,31,31,31,31,16,70,70,70,70,70,70,69,69,69,69,69,69,69,69,69,69,2,75,75,75,68,70,70,70,72,78,78,80,82,82,84,84,84,86,89,89,89,89,91,93,95,95,95,95,97,97,97,99,101,101,78,103,105,107,107,107,109,109,109,109,55,55,55,55,71,74,90,9,113,115,104,108,108,108,117,120,120,123,123,123,126,126,126,126,129,129,132,132,135,138,138,141,107,112,117,122,140,145,150,134,150,128,162,165,165,168,168,168,168,168,169,172,172,174,174,175,175,175,125,184],"gold":659,"neow_bonus":"","is_prod":false,"is_daily":false,"chose_seed":false,"campfire_upgraded":11,"win_rate":0,"timestamp":1531971061,"path_taken":["M","M","?","M","M","R","M","M","T","?","?","R","?","?","R","BOSS","M","M","$","?","$","E","R","?","T","R","M","R","?","M","R","BOSS","M","$","?","M","$","E","R","?","T","?","?","M","R","?","R","BOSS","M","?","?","M","?","R","?","E","T","?","M","$","M","M","R","BOSS","M","$","?","M","M","E","R","E","E","M","R","?","?","M","R","BOSS","M","M","$","M","M","R","$","R","E","?","$","?","R","M","R","BOSS","M","?","M","?","?","R","E","R","E","R","$","?","?","$","R","BOSS","M","$","M","M","$","M","E","M","E","M","R","M","?","?","R","BOSS","M","$","M","?","?","R","?","E","E","R","?","$","M","?","R","BOSS"],"build_version":"2018-07-12","purchased_purges":3,"victory":false,"max_hp_per_floor":[70,70,70,70,70,70,70,70,70,70,70,70,70,70,70,70,70,70,70,70,70,70,70,70,70,70,70,70,70,70,70,70,70,70,70,70,70,70,70,70,70,70,70,70,70,70,70,70,70,75,75,75,75,75,77,77,77,79,81,81,83,85,85,87,87,87,89,89,89,89,89,91,93,95,95,95,95,97,97,97,99,101,101,103,103,105,107,107,107,109,109,109,109,109,109,109,109,109,111,111,113,113,115,115,117,117,117,117,120,120,123,123,123,126,126,126,126,129,129,132,132,135,138,138,141,144,147,150,153,153,156,159,159,159,162,162,165,165,168,168,168,168,168,169,172,172,174,174,175,175,175,178,184],"card_choices":[{"not_picked":["Bane","Prepared"],"picked":"Quick Slash","floor":1},{"not_picked":["Bane","Distraction"],"picked":"Dagger Throw","floor":2},{"not_picked":["Riddle With Holes","Underhanded Strike"],"picked":"Deflect","floor":4},{"not_picked":["PiercingWail","Malaise"],"picked":"Backstab","floor":5},{"not_picked":["Dodge and Roll","Outmaneuver"],"picked":"Bouncing Flask","floor":7},{"not_picked":["Infinite Blades","Dodge and Roll"],"picked":"Malaise","floor":8},{"not_picked":["Underhanded Strike","PiercingWail"],"picked":"Die Die Die","floor":13},{"not_picked":["Quick Slash","Calculated Gamble"],"picked":"Cloak And Dagger","floor":14},{"not_picked":["A Thousand Cuts","Night Terror"],"picked":"Corpse Explosion","floor":16},{"not_picked":["Dagger Throw","Prepared"],"picked":"Sucker Punch+1","floor":18},{"not_picked":["Infinite Blades","Prepared"],"picked":"Finisher","floor":19},{"not_picked":["Finisher","Eviscerate","Predator"],"picked":"SKIP","floor":23},{"not_picked":["Quick Slash","Riddle With Holes","Flying Knee"],"picked":"SKIP","floor":28},{"not_picked":["Endless Agony","Slice"],"picked":"PiercingWail","floor":30},{"not_picked":["Prepared","Deflect"],"picked":"Dagger Spray","floor":31},{"not_picked":["Tactician","Venomology"],"picked":"Burst","floor":33},{"not_picked":["Blade Dance","Flying Knee"],"picked":"Cloak And Dagger","floor":35},{"not_picked":["Slice","Poisoned Stab"],"picked":"Backflip+1","floor":38},{"not_picked":["Finisher","Expertise"],"picked":"Die Die Die","floor":40},{"not_picked":["Dash","Eviscerate"],"picked":"Slice+1","floor":42},{"not_picked":["Prepared+1","Outmaneuver"],"picked":"Poisoned Stab+1","floor":44},{"not_picked":["Caltrops","Heel Hook","Leg Sweep+1"],"picked":"SKIP","floor":46},{"not_picked":["Underhanded Strike+1","Storm of Steel","Poisoned Stab+1"],"picked":"SKIP","floor":48},{"not_picked":["Phantasmal Killer","Venomology"],"picked":"After Image","floor":50},{"not_picked":["Quick Slash","Deadly Poison"],"picked":"Bane","floor":52},{"not_picked":["Corpse Explosion","Deflect"],"picked":"Dodge and Roll","floor":53},{"not_picked":["Dagger Spray","Eviscerate","Riddle With Holes"],"picked":"Singing Bowl","floor":55},{"not_picked":["Reflex","Endless Agony","Quick Slash"],"picked":"Singing Bowl","floor":58},{"not_picked":["Footwork","Endless Agony","Envenom"],"picked":"Singing Bowl","floor":59},{"not_picked":["Bane","Flying Knee","Dagger Throw"],"picked":"Singing Bowl","floor":61},{"not_picked":["Acrobatics","Slice","PiercingWail"],"picked":"Singing Bowl","floor":62},{"not_picked":["Footwork","Eviscerate","Blade Dance"],"picked":"Singing Bowl","floor":64},{"not_picked":["Underhanded Strike","Terror"],"picked":"Backstab","floor":65},{"not_picked":["Venomology","Envenom","After Image"],"picked":"Singing Bowl","floor":67},{"not_picked":["Dodge and Roll+1","Deadly Poison"],"picked":"Catalyst+1","floor":69},{"not_picked":["Footwork","Flying Knee","Choke"],"picked":"Singing Bowl","floor":72},{"not_picked":["Heel Hook","Backflip","Caltrops"],"picked":"Singing Bowl","floor":73},{"not_picked":["Endless Agony","Skewer+1","Prepared"],"picked":"Singing Bowl","floor":74},{"not_picked":["Finisher","Footwork"],"picked":"Terror+1","floor":76},{"not_picked":["Dagger Spray","Malaise"],"picked":"Backflip+1","floor":77},{"not_picked":["Setup","Reflex","Noxious Fumes"],"picked":"Singing Bowl","floor":78},{"not_picked":["Deadly Poison+1","Riddle With Holes+1","Quick Slash+1"],"picked":"Singing Bowl","floor":81},{"not_picked":["Deadly Poison","Flying Knee","Bane"],"picked":"Singing Bowl","floor":82},{"not_picked":["Wraith Form v2","Bullet Time","Venomology"],"picked":"Singing Bowl","floor":84},{"not_picked":["Dodge and Roll+1","Choke","Deflect"],"picked":"Singing Bowl","floor":86},{"not_picked":["Flying Knee+1","Deadly Poison","Flechettes+1"],"picked":"Singing Bowl","floor":87},{"not_picked":["Acrobatics","Sucker Punch"],"picked":"Well Laid Plans+1","floor":89},{"not_picked":["Terror","Malaise+1","Blade Dance"],"picked":"Singing Bowl","floor":90},{"not_picked":["Dagger Spray","Dodge and Roll"],"picked":"Escape Plan+1","floor":94},{"not_picked":["Bane","Outmaneuver+1","Quick Slash"],"picked":"Singing Bowl","floor":99},{"not_picked":["Bullet Time","Night Terror","Grand Finale"],"picked":"Singing Bowl","floor":101},{"not_picked":["Calculated Gamble"],"picked":"Singing Bowl","floor":103},{"not_picked":["Reflex"],"picked":"Singing Bowl","floor":105},{"not_picked":["Malaise"],"picked":"Singing Bowl","floor":109},{"not_picked":["Dodge and Roll"],"picked":"Singing Bowl","floor":111},{"not_picked":["Sucker Punch"],"picked":"Singing Bowl","floor":114},{"not_picked":["Bullet Time"],"picked":"Singing Bowl","floor":118},{"not_picked":["Dagger Throw+1"],"picked":"Singing Bowl","floor":120},{"not_picked":["Quick Slash"],"picked":"Singing Bowl","floor":122},{"not_picked":["Noxious Fumes"],"picked":"Singing Bowl","floor":123},{"not_picked":["Dagger Spray+1"],"picked":"Singing Bowl","floor":125},{"not_picked":["Blade Dance"],"picked":"Singing Bowl","floor":126},{"not_picked":["Deflect"],"picked":"Singing Bowl","floor":127},{"not_picked":["Acrobatics"],"picked":"Singing Bowl","floor":128},{"not_picked":["Flying Knee"],"picked":"Singing Bowl","floor":129},{"not_picked":["Well Laid Plans"],"picked":"Singing Bowl","floor":131},{"not_picked":["Heel Hook"],"picked":"Singing Bowl","floor":132},{"not_picked":["Glass Knife"],"picked":"Singing Bowl","floor":135},{"not_picked":["Quick Slash+1"],"picked":"Singing Bowl","floor":137},{"not_picked":["Riddle With Holes"],"picked":"Singing Bowl","floor":139},{"not_picked":[],"picked":"Backstab","floor":144},{"not_picked":["Quick Slash"],"picked":"Singing Bowl","floor":145},{"not_picked":["Trip"],"picked":"Singing Bowl","floor":147},{"not_picked":[],"picked":"Cloak And Dagger+1","floor":149},{"not_picked":["Burst"],"picked":"Singing Bowl","floor":152},{"not_picked":[],"picked":"Accuracy+1","floor":153},{"not_picked":["Heel Hook+1"],"picked":"Singing Bowl","floor":153},{"not_picked":[],"picked":"Slice+1","floor":153},{"not_picked":["Reflex+1"],"picked":"Singing Bowl","floor":153},{"not_picked":["Deadly Poison"],"picked":"Singing Bowl","floor":153}],"player_experience":203142,"relics_obtained":[{"floor":9,"key":"Regal Pillow"},{"floor":14,"key":"Odd Mushroom"},{"floor":23,"key":"Bag of Marbles"},{"floor":26,"key":"Ninja Scroll"},{"floor":40,"key":"Mercury Hourglass"},{"floor":43,"key":"Dodecahedron"},{"floor":60,"key":"Bottled Flame"},{"floor":81,"key":"Red Mask"}],"event_choices":[{"event_name":"Golden Idol","player_choice":"Take Damage","floor":3,"damage_taken":0},{"event_name":"World of Goop","player_choice":"Gather Gold","floor":10,"damage_taken":0},{"event_name":"Scrap Ooze","player_choice":"success","floor":11,"damage_taken":12},{"event_name":"Mushrooms","player_choice":"Fought Mushrooms","floor":14,"damage_taken":0},{"event_name":"Drug Dealer","player_choice":"Ignored","floor":21,"damage_taken":0},{"event_name":"Back to Basics","player_choice":"Simplicity","floor":25,"damage_taken":0},{"event_name":"Falling","player_choice":"Removed Skill","floor":37,"damage_taken":0},{"event_name":"MindBloom","player_choice":"Fight","floor":42,"damage_taken":0},{"event_name":"Scrap Ooze","player_choice":"success","floor":54,"damage_taken":7},{"event_name":"The Cleric","player_choice":"Card Removal","floor":56,"damage_taken":0},{"event_name":"The Mausoleum","player_choice":"Yes","floor":71,"damage_taken":0},{"event_name":"Beggar","player_choice":"Gave Gold","floor":80,"damage_taken":0},{"event_name":"Masked Bandits","player_choice":"Fought over 319 gold","floor":81,"damage_taken":0},{"event_name":"The Moai Head","player_choice":"Gave Idol","floor":95,"damage_taken":0},{"event_name":"Tomb of Lord Red Mask","player_choice":"Wore Mask","floor":97,"damage_taken":0},{"event_name":"World of Goop","player_choice":"Gather Gold","floor":104,"damage_taken":0},{"event_name":"FaceTrader","player_choice":"Trade","floor":106,"damage_taken":0},{"event_name":"Wheel of Change","player_choice":"Gold","floor":115,"damage_taken":0},{"event_name":"Cursed Tome","player_choice":"Obtained Book","floor":133,"damage_taken":0},{"event_name":"MindBloom","player_choice":"Gold","floor":140,"damage_taken":0},{"event_name":"Tomb of Lord Red Mask","player_choice":"Wore Mask","floor":141,"damage_taken":0},{"event_name":"Falling","player_choice":"Removed Power","floor":143,"damage_taken":0},{"event_name":"SensoryStone","player_choice":"Memory 1","floor":147,"damage_taken":0}],"boss_relics":[{"not_picked":["Sozu","Tiny House"],"picked":"Ring of the Serpent"},{"not_picked":["Coffee Dripper","Fusion Hammer"],"picked":"Pandora\u0027s Box"},{"not_picked":["Philosopher\u0027s Stone","Velvet Choker"],"picked":"Black Star"},{"not_picked":["Runic Dome","Sozu"],"picked":"Empty Cage"},{"not_picked":["Tiny House","Fusion Hammer"],"picked":"Eternal Feather"},{"not_picked":["Cursed Key","Runic Pyramid"],"picked":"Busted Crown"},{"not_picked":["Runic Pyramid","Calling Bell"],"picked":"Coffee Dripper"},{"not_picked":["Snecko Eye","Sozu"],"picked":"Cursed Key"},{"not_picked":["Runic Dome","Tiny House"],"picked":"Orrery"}],"items_purged_floors":[22,63,70],"is_endless":true,"potions_floor_spawned":[1,2,4,5,7,8,13,14,16,18,19,23,28,30,31,33,35,38,40,42,44,46,48,50,52,53,55,58,59,61,62,64,65,67,69,72,73,74,76,77,78,81,82,84,86,87,89,90,94,99,101,103,105,109,111,114,118,120,122,123,125,126,127,128,129,131,132,135,137,139,144,145,149,152],"ascension_level":0}