{"gold_per_floor":[111,127,137,137,147,147,172,172,172,187,217,234,234,234,234,307,307,326,344,443,443,106,135,135,148,148,48,81,81,81,94,94,168,168,184,203,203,203,3,34,34,53,53,68,84,61,61,96,96,96],"floor_reached":51,"playtime":4139,"items_purged":["Strike_G","Strike_G"],"score":1521,"play_id":"f75e564a-80cb-492f-b91c-794de30e7987","local_time":"20190604230149","is_ascension_mode":true,"campfire_choices":[{"data":"Bouncing Flask","floor":6,"key":"SMITH"},{"data":"Burst","floor":8,"key":"SMITH"},{"floor":13,"key":"REST"},{"data":"Neutralize","floor":15,"key":"SMITH"},{"data":"Ghostly","floor":24,"key":"SMITH"},{"data":"Crippling Poison","floor":30,"key":"SMITH"},{"data":"Ghostly","floor":32,"key":"SMITH"},{"data":"Ghostly","floor":41,"key":"SMITH"},{"data":"Dagger Spray","floor":49,"key":"PURGE"}],"neow_cost":"NONE","seed_source_timestamp":1309195666400106,"circlet_count":0,"master_deck":["AscendersBane","Defend_G","Defend_G","Defend_G","Defend_G","Defend_G","Survivor","Neutralize+1","Dash","Crippling Poison+1","Bouncing Flask+1","Burst+1","Escape Plan","Deflect","Calculated Gamble","After Image+1","PiercingWail","PiercingWail+1","Ghostly+1","Ghostly+1","Ghostly+1","Ghostly","Ghostly","Well Laid Plans+1","Dagger Spray","Prepared","Corpse Explosion","Dodge and Roll","Noxious Fumes+1","Backflip","Acrobatics","Apotheosis"],"relics":["Ring of the Snake","Snake Skull","Art of War","Mercury Hourglass","Frozen Egg 2","Snecko Eye","Meat on the Bone","Kunai","Oddly Smooth Stone","Coffee Dripper","TwistedFunnel","Peace Pipe","Bottled Tornado","Dodecahedron"],"potions_floor_usage":[16,23,50,50],"damage_taken":[{"damage":0,"enemies":"Small Slimes","floor":1,"turns":5},{"damage":1,"enemies":"Cultist","floor":2,"turns":5},{"damage":0,"enemies":"2 Louse","floor":3,"turns":2},{"damage":15,"enemies":"Large Slime","floor":5,"turns":10},{"damage":13,"enemies":"Gremlin Nob","floor":7,"turns":3},{"damage":3,"enemies":"Looter","floor":10,"turns":3},{"damage":4,"enemies":"Lagavulin","floor":11,"turns":4},{"damage":7,"enemies":"Exordium Thugs","floor":12,"turns":4},{"damage":20,"enemies":"The Guardian","floor":16,"turns":7},{"damage":0,"enemies":"Shell Parasite","floor":18,"turns":3},{"damage":3,"enemies":"3 Byrds","floor":19,"turns":4},{"damage":7,"enemies":"Gremlin Leader","floor":23,"turns":8},{"damage":3,"enemies":"Snake Plant","floor":25,"turns":5},{"damage":8,"enemies":"Slavers","floor":28,"turns":7},{"damage":0,"enemies":"Sentry and Sphere","floor":31,"turns":6},{"damage":0,"enemies":"Collector","floor":33,"turns":10},{"damage":0,"enemies":"Orb Walker","floor":35,"turns":4},{"damage":0,"enemies":"3 Shapes","floor":36,"turns":3},{"damage":0,"enemies":"Giant Head","floor":40,"turns":8},{"damage":0,"enemies":"Transient","floor":42,"turns":5},{"damage":7,"enemies":"Spire Growth","floor":44,"turns":7},{"damage":2,"enemies":"3 Darklings","floor":45,"turns":3},{"damage":0,"enemies":"Reptomancer","floor":48,"turns":6},{"damage":0,"enemies":"Time Eater","floor":50,"turns":13}],"seed_played":"8547402706560701101","potions_obtained":[{"floor":2,"key":"Explosive Potion"},{"floor":3,"key":"PowerPotion"},{"floor":7,"key":"FairyPotion"},{"floor":12,"key":"Block Potion"},{"floor":16,"key":"FairyPotion"},{"floor":19,"key":"Block Potion"},{"floor":28,"key":"Dexterity Potion"},{"floor":45,"key":"Energy Potion"}],"is_trial":false,"path_per_floor":["M","M","M","?","M","R","E","R","T","M","E","M","R","?","R","B",null,"M","M","?","?","$","E","R","M","T","$","E","?","R","M","R","B",null,"M","M","?","?","$","E","R","M","T","M","M","$","?","E","R","B",null],"character_chosen":"THE_SILENT","items_purchased":["Meat on the Bone","TwistedFunnel","Acrobatics"],"campfire_rested":1,"item_purchase_floors":[22,39,46],"current_hp_per_floor":[59,58,58,58,43,43,30,30,30,27,23,16,35,40,40,20,58,58,55,55,35,35,28,28,25,25,25,29,29,29,29,29,29,34,34,34,33,33,33,33,33,33,33,26,24,24,24,24,24,24],"gold":96,"neow_bonus":"RANDOM_COMMON_RELIC","is_prod":false,"is_daily":false,"chose_seed":false,"campfire_upgraded":7,"win_rate":0,"timestamp":1559703709,"path_taken":["M","M","M","?","?","R","E","R","T","M","E","M","R","?","R","BOSS","M","M","?","?","$","E","R","M","T","$","E","?","R","M","R","BOSS","M","M","?","?","$","E","R","?","T","M","M","$","?","E","R","BOSS"],"build_version":"2019-01-23","purchased_purges":2,"victory":true,"max_hp_per_floor":[66,66,66,66,66,66,66,66,66,66,66,66,66,71,71,71,71,71,71,71,35,35,35,35,35,35,35,35,35,35,35,35,35,35,35,35,33,33,33,33,33,33,33,33,33,33,33,33,33,33],"card_choices":[{"not_picked":["Sucker Punch","Eviscerate"],"picked":"Dash","floor":1},{"not_picked":["Deflect","Quick Slash"],"picked":"Crippling Poison","floor":2},{"not_picked":["Outmaneuver","Endless Agony"],"picked":"Dagger Spray","floor":3},{"not_picked":["Outmaneuver","Distraction"],"picked":"Bouncing Flask","floor":5},{"not_picked":["Underhanded Strike","Dagger Spray"],"picked":"Burst","floor":7},{"not_picked":["Deadly Poison","Predator"],"picked":"Escape Plan","floor":10},{"not_picked":["Prepared","Dagger Throw"],"picked":"Deflect","floor":11},{"not_picked":["Tactician","Acrobatics"],"picked":"Calculated Gamble","floor":12},{"not_picked":["Burst","Storm of Steel"],"picked":"After Image+1","floor":16},{"not_picked":["Bane","Dagger Spray"],"picked":"PiercingWail","floor":18},{"not_picked":["Slice","Dash"],"picked":"PiercingWail+1","floor":19},{"not_picked":["Caltrops+1","Infinite Blades+1"],"picked":"Well Laid Plans+1","floor":23},{"not_picked":["Prepared","Flying Knee+1","Deadly Poison"],"picked":"SKIP","floor":25},{"not_picked":["Eviscerate","Quick Slash","Deflect+1"],"picked":"SKIP","floor":28},{"not_picked":["Cloak And Dagger","Bane","Poisoned Stab"],"picked":"SKIP","floor":31},{"not_picked":["Malaise","Burst"],"picked":"Corpse Explosion","floor":33},{"not_picked":["Cloak And Dagger","Riddle With Holes"],"picked":"Dodge and Roll","floor":35},{"not_picked":["Poisoned Stab+1","PiercingWail","Infinite Blades+1"],"picked":"SKIP","floor":36},{"not_picked":["Outmaneuver","Sucker Punch"],"picked":"Noxious Fumes+1","floor":40},{"not_picked":["Dodge and Roll","Doppelganger","Poisoned Stab+1"],"picked":"SKIP","floor":42},{"not_picked":["Outmaneuver","Quick Slash","Slice"],"picked":"SKIP","floor":44},{"not_picked":["Poisoned Stab","Tactician"],"picked":"Backflip","floor":45},{"not_picked":["Forethought","Deep Breath"],"picked":"Apotheosis","floor":47},{"not_picked":["Deadly Poison","Outmaneuver","Heel Hook"],"picked":"SKIP","floor":48}],"player_experience":452746,"relics_obtained":[{"floor":7,"key":"Art of War"},{"floor":9,"key":"Mercury Hourglass"},{"floor":11,"key":"Frozen Egg 2"},{"floor":26,"key":"Kunai"},{"floor":28,"key":"Oddly Smooth Stone"},{"floor":40,"key":"Peace Pipe"},{"floor":43,"key":"Bottled Tornado"},{"floor":48,"key":"Dodecahedron"}],"event_choices":[{"cards_removed":["Strike_G"],"damage_healed":0,"gold_gain":0,"player_choice":"Purged","damage_taken":0,"max_hp_gain":0,"max_hp_loss":0,"event_name":"Purifier","floor":4,"gold_loss":0},{"damage_healed":0,"gold_gain":0,"player_choice":"Donut","damage_taken":0,"max_hp_gain":5,"max_hp_loss":0,"event_name":"Big Fish","floor":14,"gold_loss":0},{"damage_healed":0,"gold_gain":99,"player_choice":"Stole From Cult","damage_taken":0,"max_hp_gain":0,"max_hp_loss":0,"event_name":"Nest","floor":20,"gold_loss":0},{"damage_healed":0,"gold_gain":0,"player_choice":"Became a Ghost","damage_taken":0,"max_hp_gain":0,"max_hp_loss":36,"event_name":"Ghosts","floor":21,"gold_loss":0,"cards_obtained":["Ghostly","Ghostly","Ghostly","Ghostly","Ghostly"]},{"damage_healed":0,"gold_gain":0,"cards_transformed":["Strike_G","Strike_G"],"player_choice":"Became Test Subject","damage_taken":0,"max_hp_gain":0,"max_hp_loss":0,"event_name":"Drug Dealer","floor":29,"gold_loss":0,"cards_obtained":["Dagger Spray","Prepared"]},{"damage_healed":0,"gold_gain":0,"player_choice":"Max HP","damage_taken":0,"max_hp_gain":0,"max_hp_loss":2,"event_name":"Winding Halls","floor":37,"gold_loss":0},{"damage_healed":0,"gold_gain":0,"player_choice":"Ignored","damage_taken":0,"max_hp_gain":0,"max_hp_loss":0,"event_name":"Tomb of Lord Red Mask","floor":38,"gold_loss":0},{"damage_healed":0,"gold_gain":0,"player_choice":"Memory 1","damage_taken":0,"max_hp_gain":0,"max_hp_loss":0,"event_name":"SensoryStone","floor":47,"gold_loss":0}],"is_beta":false,"boss_relics":[{"not_picked":["Ring of the Serpent","Velvet Choker"],"picked":"Snecko Eye"},{"not_picked":["Orrery","Eternal Feather"],"picked":"Coffee Dripper"}],"items_purged_floors":[22,27],"is_endless":false,"potions_floor_spawned":[2,3,7,12,16,19,28,44,45],"ascension_level":14}