{"gold_per_floor":[112,112,129,147,72,101,115,115,183,31,43,43,43,87,87,87],"floor_reached":16,"playtime":469,"items_purged":["Writhe"],"score":174,"play_id":"fb5d8fee-13e5-466c-a6cc-948a7cfe97e4","local_time":"20190604144246","is_ascension_mode":true,"campfire_choices":[{"data":"Barricade","floor":8.0,"key":"SMITH"},{"data":"Body Slam","floor":13.0,"key":"SMITH"},{"data":"Flex","floor":15.0,"key":"SMITH"}],"neow_cost":"CURSE","seed_source_timestamp":35481555029200,"circlet_count":0,"master_deck":["Strike_R","Strike_R","Strike_R","Strike_R","Strike_R+1","Defend_R","Defend_R+1","Defend_R","Defend_R","Bash","Twin Strike","Barricade+1","Body Slam+1","Flex+1"],"special_seed":0,"relics":["Burning Blood","Calipers","Sundial","Art of War","Golden Idol","Strawberry"],"potions_floor_usage":[16,16],"damage_taken":[{"damage":5.0,"enemies":"2 Louse","floor":1.0,"turns":4.0},{"damage":1.0,"enemies":"Jaw Worm","floor":3.0,"turns":5.0},{"damage":0.0,"enemies":"Small Slimes","floor":4.0,"turns":3.0},{"damage":15.0,"enemies":"Gremlin Nob","floor":6.0,"turns":4.0},{"damage":4.0,"enemies":"3 Louse","floor":7.0,"turns":4.0},{"damage":23.0,"enemies":"Exordium Wildlife","floor":11.0,"turns":6.0},{"damage":32.0,"enemies":"3 Sentries","floor":14.0,"turns":10.0},{"damage":50,"enemies":"Hexaghost","floor":16,"turns":10}],"seed_played":"3117129487657640661","potions_obtained":[{"floor":4.0,"key":"Strength Potion"},{"floor":6.0,"key":"BloodPotion"}],"is_trial":false,"path_per_floor":["M","?","M","M","$","E","M","R","T","$","M","?","R","E","R","B"],"character_chosen":"IRONCLAD","items_purchased":["Art of War"],"campfire_rested":0,"item_purchase_floors":[10],"current_hp_per_floor":[89,70,75,81,81,72,74,74,74,74,57,57,57,38,38,0],"gold":87,"neow_bonus":"TWENTY_PERCENT_HP_BONUS","is_prod":false,"is_daily":false,"chose_seed":false,"campfire_upgraded":3,"win_rate":0,"timestamp":1559684566,"path_taken":["M","?","M","M","$","E","M","R","T","$","M","?","R","E","R","BOSS"],"build_version":"2019-01-23","purchased_purges":1,"victory":false,"max_hp_per_floor":[96,96,96,96,96,96,96,96,96,96,96,89,89,96,96,96],"card_choices":[{"not_picked":["Havoc","Searing Blow","Anger"],"picked":"SKIP","floor":1.0},{"not_picked":["True Grit","Anger","Dropkick"],"picked":"SKIP","floor":3.0},{"not_picked":["Fire Breathing","Armaments"],"picked":"Twin Strike","floor":4.0},{"not_picked":["Thunderclap","Warcry"],"picked":"Barricade","floor":6.0},{"not_picked":["Bloodletting","True Grit","Hemokinesis"],"picked":"SKIP","floor":7.0},{"not_picked":["Warcry","Pummel"],"picked":"Body Slam","floor":11.0},{"not_picked":["Armaments","Corruption"],"picked":"Flex","floor":14.0}],"player_experience":256107,"relics_obtained":[{"floor":6.0,"key":"Calipers"},{"floor":9.0,"key":"Sundial"},{"floor":14.0,"key":"Strawberry"}],"event_choices":[{"damage_healed":0.0,"max_hp_gain":0.0,"max_hp_loss":0.0,"gold_gain":0.0,"event_name":"Shining Light","player_choice":"Entered Light","floor":2.0,"gold_loss":0.0,"damage_taken":19.0,"cards_upgraded":["Strike_R","Defend_R"]},{"damage_healed":0.0,"max_hp_gain":0.0,"max_hp_loss":7.0,"gold_gain":0.0,"event_name":"Golden Idol","player_choice":"Lose Max HP","floor":12.0,"gold_loss":0.0,"damage_taken":0.0,"relics_obtained":["Golden Idol"]}],"is_beta":false,"boss_relics":[],"items_purged_floors":[5],"is_endless":false,"potions_floor_spawned":[4,6],"killed_by":"Hexaghost","ascension_level":7}