{"gold_per_floor":[119,194,194,209,107,107,107,125,151,69,69,103,118,118,118,118],"floor_reached":16,"playtime":1082,"items_purged":["Strike_B"],"score":142,"play_id":"c2a8e638-917b-4751-8ac7-b653ef02d96c","local_time":"20190603120922","is_ascension_mode":true,"campfire_choices":[{"data":"Defragment","floor":6,"key":"SMITH"},{"floor":15,"key":"REST"}],"neow_cost":"NONE","seed_source_timestamp":1217202288736690,"circlet_count":0,"master_deck":["Strike_B","Defend_B","Defend_B","Defend_B","Defend_B","Zap+1","Dualcast","Defragment+1","Capacitor","Leap","Defragment","Loop","Coolheaded"],"relics":["Cracked Core","Golden Idol","Bag of Marbles","Unceasing Top"],"potions_floor_usage":[12,12],"damage_taken":[{"damage":1,"enemies":"2 Louse","floor":1,"turns":2},{"damage":6,"enemies":"Jaw Worm","floor":4,"turns":4},{"damage":11,"enemies":"Small Slimes","floor":8,"turns":3},{"damage":23,"enemies":"3 Sentries","floor":12,"turns":8},{"damage":8,"enemies":"2 Fungi Beasts","floor":13,"turns":4},{"damage":21,"enemies":"The Guardian","floor":16,"turns":2}],"seed_played":"4192057720035659336","potions_obtained":[{"floor":1,"key":"EssenceOfSteel"},{"floor":4,"key":"PowerPotion"}],"is_trial":false,"path_per_floor":["M","?","?","M","$","R","?","M","T","$","?","E","M","?","R","B"],"character_chosen":"DEFECT","items_purchased":["Leap","Defragment"],"campfire_rested":1,"item_purchase_floors":[5,10],"current_hp_per_floor":[67,56,56,50,50,50,50,39,39,39,39,16,8,1,21,0],"gold":118,"neow_bonus":"UPGRADE_CARD","is_prod":false,"is_daily":false,"chose_seed":false,"campfire_upgraded":1,"win_rate":0,"timestamp":1559578162,"path_taken":["M","?","?","M","$","R","?","M","T","$","?","E","?","?","R","BOSS"],"build_version":"2019-01-23","purchased_purges":1,"victory":false,"max_hp_per_floor":[75,75,69,69,69,69,69,69,69,69,69,69,69,69,69,69],"card_choices":[{"not_picked":["Reinforced Body","Hello World"],"picked":"Defragment","floor":1},{"not_picked":["Beam Cell","Redo"],"picked":"Capacitor","floor":4},{"not_picked":["Turbo","Stack","Rebound"],"picked":"SKIP","floor":8},{"not_picked":["Thunder Strike","Streamline"],"picked":"Loop","floor":12},{"not_picked":["Hello World","Streamline"],"picked":"Coolheaded","floor":13}],"player_experience":695964,"relics_obtained":[{"floor":9,"key":"Bag of Marbles"},{"floor":12,"key":"Unceasing Top"}],"event_choices":[{"damage_healed":0,"gold_gain":75,"player_choice":"Gather Gold","damage_taken":11,"max_hp_gain":0,"max_hp_loss":0,"event_name":"World of Goop","floor":2,"gold_loss":0},{"damage_healed":0,"gold_gain":0,"player_choice":"Lose Max HP","damage_taken":0,"relics_obtained":["Golden Idol"],"max_hp_gain":0,"max_hp_loss":6,"event_name":"Golden Idol","floor":3,"gold_loss":0},{"damage_healed":0,"gold_gain":0,"player_choice":"Ignored","damage_taken":0,"max_hp_gain":0,"max_hp_loss":0,"event_name":"Shining Light","floor":7,"gold_loss":0},{"cards_removed":["Strike_B"],"damage_healed":0,"gold_gain":0,"player_choice":"Purged","damage_taken":0,"max_hp_gain":0,"max_hp_loss":0,"event_name":"Purifier","floor":11,"gold_loss":0},{"cards_removed":["Strike_B"],"damage_healed":0,"gold_gain":0,"player_choice":"Card Removal","damage_taken":7,"max_hp_gain":0,"max_hp_loss":0,"event_name":"Golden Wing","floor":14,"gold_loss":0}],"is_beta":false,"boss_relics":[],"items_purged_floors":[5],"is_endless":false,"potions_floor_spawned":[1,4],"killed_by":"The Guardian","ascension_level":9}