{"gold_per_floor":[111,124,15,15,31,49,49,83,108,108,108,133,162,175,175,175],"floor_reached":16,"playtime":411,"items_purged":[],"score":102,"play_id":"85fc6863-d292-48a7-a84a-4b4f23c7eef8","local_time":"20180706162853","daily_mods":["Diverse"],"is_ascension_mode":false,"campfire_choices":[{"floor":7,"key":"REST"},{"floor":10,"key":"REST"},{"floor":15,"key":"REST"}],"neow_cost":"","seed_source_timestamp":102657053638741,"circlet_count":0,"master_deck":["Strike_B","Strike_B","Strike_B","Defend_B","Defend_B","Defend_B","Defend_B","Zap","Dualcast","Infinite Blades","Sucker Punch","Loop","Rampage","Injury","Dagger Spray","Escape Plan","Distraction","Loop","Feel No Pain"],"relics":["Cracked Core","Golden Idol","Omamori","Potion Belt","Odd Mushroom"],"potions_floor_usage":[8,8,14,14],"damage_taken":[{"damage":6,"enemies":"Jaw Worm","floor":1,"turns":4},{"damage":8,"enemies":"Small Slimes","floor":2,"turns":3},{"damage":13,"enemies":"2 Louse","floor":5,"turns":3},{"damage":20,"enemies":"Lots of Slimes","floor":6,"turns":3},{"damage":21,"enemies":"Lagavulin","floor":8,"turns":4},{"damage":12,"enemies":"Looter","floor":12,"turns":3},{"damage":22,"floor":13,"turns":4},{"damage":0,"enemies":"Gremlin Gang","floor":14,"turns":1},{"damage":39,"enemies":"The Guardian","floor":16,"turns":8}],"seed_played":"-7177279499413434679","potions_obtained":[{"floor":1,"key":"FearPotion"},{"floor":6,"key":"AttackPotion"},{"floor":12,"key":"Strength Potion"},{"floor":13,"key":"Strength Potion"}],"is_trial":true,"path_per_floor":["M","M","$","?","M","M","R","E","T","R","?","M","?","M","R"],"character_chosen":"DEFECT","items_purchased":["Loop","Rampage"],"campfire_rested":3,"item_purchase_floors":[3,3],"current_hp_per_floor":[69,61,61,61,48,28,50,29,29,51,51,39,17,17,39,0],"gold":175,"neow_bonus":"","is_prod":false,"is_daily":false,"chose_seed":false,"campfire_upgraded":0,"win_rate":0,"timestamp":1530887333,"path_taken":["M","M","$","?","M","M","R","E","T","R","?","?","?","M","R","BOSS"],"build_version":"2018-07-05","purchased_purges":0,"victory":false,"max_hp_per_floor":[75,75,75,75,75,75,75,75,75,75,75,75,75,75,75,75],"card_choices":[{"not_picked":["Tempest","Infernal Blade"],"picked":"Infinite Blades","floor":1},{"not_picked":["Eviscerate","Acrobatics"],"picked":"Sucker Punch","floor":2},{"not_picked":["Iron Wave","Perfected Strike"],"picked":"Dagger Spray","floor":5},{"not_picked":["Prepared","Skim"],"picked":"Escape Plan","floor":6},{"not_picked":["Reckless Charge","Riddle With Holes"],"picked":"Distraction","floor":8},{"not_picked":["Lockon","Cleave","Coolheaded"],"picked":"SKIP","floor":12},{"not_picked":["Acrobatics","Bane"],"picked":"Loop","floor":13},{"not_picked":["True Grit","Rampage"],"picked":"Feel No Pain","floor":14}],"player_experience":84568,"relics_obtained":[{"floor":8,"key":"Omamori"},{"floor":9,"key":"Potion Belt"},{"floor":13,"key":"Odd Mushroom"}],"event_choices":[{"event_name":"Golden Idol","player_choice":"Take Wound","floor":4,"damage_taken":0},{"event_name":"Bonfire Elementals","player_choice":"BASIC","floor":11,"damage_taken":0},{"event_name":"Mushrooms","player_choice":"Fought Mushrooms","floor":13,"damage_taken":0}],"boss_relics":[],"items_purged_floors":[],"is_endless":false,"potions_floor_spawned":[1,6,12,13],"killed_by":"The Guardian","ascension_level":0}