{"gold_per_floor":[111],"floor_reached":1,"playtime":124,"items_purged":[],"score":57,"play_id":"bb01d420-25b4-409e-9790-d0ceeaa44e83","local_time":"20180915210109","daily_mods":["Draft","Brewmaster","Heirloom","Allstar","Time Dilation"],"is_ascension_mode":false,"campfire_choices":[],"neow_cost":"","seed_source_timestamp":0,"circlet_count":0,"master_deck":["Blade Dance","Finesse","Mind Blast","Dagger Spray","Pommel Strike","Metallicize","Footwork","Bane","Outmaneuver","Clash","Backflip","Dagger Throw","Deflect","Acrobatics","Flame Barrier","Entrench"],"relics":["Ring of the Snake","Calipers","White Beast Statue"],"potions_floor_usage":[],"damage_taken":[{"damage":6,"enemies":"Jaw Worm","floor":1,"turns":3}],"seed_played":"-2104162986908470447","potions_obtained":[{"floor":1,"key":"Fire Potion"}],"is_trial":true,"path_per_floor":[],"character_chosen":"THE_SILENT","items_purchased":[],"campfire_rested":0,"item_purchase_floors":[],"current_hp_per_floor":[64],"gold":111,"neow_bonus":"","is_prod":false,"is_daily":false,"chose_seed":false,"campfire_upgraded":0,"win_rate":0,"timestamp":1537012869,"path_taken":["M"],"build_version":"2018-09-06","purchased_purges":0,"victory":false,"max_hp_per_floor":[70],"card_choices":[{"not_picked":["Sword Boomerang","Rampage"],"picked":"Blade Dance","floor":0},{"not_picked":["PiercingWail","Dagger Throw"],"picked":"Finesse","floor":0},{"not_picked":["Armaments","Second Wind"],"picked":"Mind Blast","floor":0},{"not_picked":["Terror","Carnage"],"picked":"Dagger Spray","floor":0},{"not_picked":["Terror","Tactician"],"picked":"Pommel Strike","floor":0},{"not_picked":["Sucker Punch","Thunderclap"],"picked":"Metallicize","floor":0},{"not_picked":["True Grit","Sword Boomerang"],"picked":"Footwork","floor":0},{"not_picked":["Heavy Blade","Wild Strike"],"picked":"Bane","floor":0},{"not_picked":["Setup","Clothesline"],"picked":"Outmaneuver","floor":0},{"not_picked":["Outmaneuver","Heavy Blade"],"picked":"Clash","floor":0},{"not_picked":["Cloak And Dagger","Poisoned Stab"],"picked":"Backflip","floor":0},{"not_picked":["Thunderclap","Deadly Poison"],"picked":"Dagger Throw","floor":0},{"not_picked":["Intimidate","Acrobatics"],"picked":"Deflect","floor":0},{"not_picked":["Blade Dance","Dodge and Roll"],"picked":"Acrobatics","floor":0},{"not_picked":["Eviscerate","Dodge and Roll"],"picked":"Flame Barrier","floor":0},{"not_picked":["Quick Slash","Carnage"],"picked":"Entrench","floor":1}],"player_experience":285313,"relics_obtained":[],"event_choices":[],"is_beta":false,"boss_relics":[],"items_purged_floors":[],"is_endless":true,"potions_floor_spawned":[1],"killed_by":"Jaw Worm","ascension_level":0}