{"gold_per_floor":[111,137,151,169,136,136,154,154,154,188,61,61,76,106,106,205,205,218,234,88,13,28,28,28],"floor_reached":24,"playtime":1839,"items_purged":["Strike_B","Steam Power"],"score":422,"play_id":"141f32c0-6842-4888-8749-e137c0f56160","local_time":"20190511194125","is_ascension_mode":true,"campfire_choices":[{"data":"White Noise","floor":6,"key":"SMITH"},{"floor":8,"key":"REST"},{"data":"Buffer","floor":12,"key":"SMITH"},{"floor":15,"key":"REST"},{"data":"White Noise","floor":23,"key":"SMITH"}],"neow_cost":"NONE","seed_source_timestamp":501235795290450,"circlet_count":0,"master_deck":["AscendersBane","Zap","Dualcast","Conserve Battery","BootSequence","Conserve Battery","White Noise+1","Buffer+1","Coolheaded","Conserve Battery","White Noise+1","Chill","Machine Learning+1","Chill","Conserve Battery","Undo","Seek","Compile Driver","Go for the Eyes"],"relics":["Cracked Core","Art of War","Frozen Egg 2","Sundial","Bottled Lightning","Pandora\u0027s Box"],"potions_floor_usage":[16,16,16],"damage_taken":[{"damage":1,"enemies":"Cultist","floor":1,"turns":3},{"damage":0,"enemies":"2 Louse","floor":3,"turns":3},{"damage":6,"enemies":"Small Slimes","floor":4,"turns":4},{"damage":7,"enemies":"Looter","floor":7,"turns":4},{"damage":16,"enemies":"Lagavulin","floor":10,"turns":9},{"damage":0,"enemies":"Large Slime","floor":13,"turns":7},{"damage":9,"enemies":"Gremlin Nob","floor":14,"turns":5},{"damage":0,"enemies":"Slime Boss","floor":16,"turns":9},{"damage":0,"enemies":"Chosen","floor":18,"turns":8},{"damage":0,"enemies":"Shell Parasite","floor":19,"turns":8},{"damage":0,"enemies":"Centurion and Healer","floor":22,"turns":7},{"damage":84,"enemies":"Slavers","floor":24,"turns":11}],"seed_played":"-1604299293688584170","potions_obtained":[{"floor":1,"key":"SpeedPotion"},{"floor":10,"key":"Block Potion"},{"floor":13,"key":"Strength Potion"},{"floor":16,"key":"Fruit Juice"},{"floor":19,"key":"Energy Potion"},{"floor":22,"key":"FearPotion"}],"is_trial":false,"path_per_floor":["M","T","M","M","?","R","M","R","T","E","$","R","M","E","R","B",null,"M","M","$","?","M","R","E"],"character_chosen":"DEFECT","items_purchased":["Conserve Battery","Go for the Eyes"],"campfire_rested":2,"item_purchase_floors":[11,20],"current_hp_per_floor":[67,67,67,61,61,61,54,75,75,59,59,59,59,50,72,77,79,79,79,79,79,79,79,0],"gold":28,"neow_bonus":"THREE_CARDS","is_prod":false,"is_daily":false,"chose_seed":false,"campfire_upgraded":3,"win_rate":0,"timestamp":1557628885,"path_taken":["M","?","?","?","?","R","M","R","T","E","$","R","M","E","R","BOSS","M","M","$","?","M","R","E"],"build_version":"2019-01-23","purchased_purges":2,"victory":false,"max_hp_per_floor":[75,75,75,75,75,75,75,75,75,75,75,75,75,75,75,80,80,80,80,80,80,80,80,80],"card_choices":[{"not_picked":["Ball Lightning","Turbo"],"picked":"Conserve Battery","floor":0},{"not_picked":["Melter","Hologram"],"picked":"BootSequence","floor":1},{"not_picked":["Sweeping Beam","Recycle"],"picked":"Conserve Battery","floor":3},{"not_picked":["Streamline","Loop"],"picked":"White Noise","floor":4},{"not_picked":["Sweeping Beam","Darkness"],"picked":"Buffer","floor":7},{"not_picked":["Hyperbeam","Loop+1"],"picked":"Coolheaded","floor":10},{"not_picked":["Steam","Tempest"],"picked":"White Noise","floor":13},{"not_picked":["Go for the Eyes","Redo"],"picked":"Chill","floor":14},{"not_picked":["Biased Cognition+1","Amplify"],"picked":"Machine Learning+1","floor":16},{"not_picked":["Steam","Hello World+1","Streamline"],"picked":"SKIP","floor":18},{"not_picked":["Turbo","Recycle","Consume"],"picked":"SKIP","floor":19},{"not_picked":["Hyperbeam","Leap","Beam Cell"],"picked":"SKIP","floor":22}],"player_experience":468741,"relics_obtained":[{"floor":2,"key":"Art of War"},{"floor":9,"key":"Frozen Egg 2"},{"floor":10,"key":"Sundial"},{"floor":14,"key":"Bottled Lightning"}],"event_choices":[{"damage_healed":0,"gold_gain":0,"player_choice":"Left Gold","damage_taken":0,"max_hp_gain":0,"max_hp_loss":0,"event_name":"World of Goop","floor":5,"gold_loss":33},{"cards_removed":["Gash"],"damage_healed":0,"gold_gain":0,"player_choice":"Gave Gold","damage_taken":0,"max_hp_gain":0,"max_hp_loss":0,"event_name":"Beggar","floor":21,"gold_loss":75}],"is_beta":false,"boss_relics":[{"not_picked":["Empty Cage","FrozenCore"],"picked":"Pandora\u0027s Box"}],"items_purged_floors":[11,20],"is_endless":false,"potions_floor_spawned":[1,10,13,16,19,22],"killed_by":"Slavers","ascension_level":11}