{"gold_per_floor":[111,125,125,148,148,148,183,210,222,234,282,309,61,92,92,221,221,237,237,237],"floor_reached":20,"playtime":1197,"items_purged":["Strike_R"],"score":288,"play_id":"7ec8e79e-ba98-4e70-b1b5-1abd50bee9e7","local_time":"20190426011431","is_ascension_mode":true,"campfire_choices":[{"data":"Combust","floor":6,"key":"SMITH"},{"data":"Juggernaut","floor":15,"key":"SMITH"}],"neow_cost":"NONE","seed_source_timestamp":2942766035744338,"circlet_count":0,"master_deck":["AscendersBane","Bash+1","Shrug It Off","Combust+1","Armaments+1","Juggernaut+1","True Grit","Pommel Strike","Shrug It Off","Combust","Feed","Rampage","Clothesline","Fire Breathing","Anger","Corruption","Corruption","Seeing Red","Barricade"],"relics":["Burning Blood","Golden Idol","MawBank","Meat on the Bone","Red Skull","Anchor","Pandora\u0027s Box"],"potions_floor_usage":[11,18,20,20],"damage_taken":[{"damage":9,"enemies":"Jaw Worm","floor":1,"turns":3},{"damage":0,"enemies":"2 Louse","floor":2,"turns":2},{"damage":2,"enemies":"Cultist","floor":4,"turns":3},{"damage":37,"enemies":"3 Sentries","floor":7,"turns":5},{"damage":8,"enemies":"Exordium Wildlife","floor":8,"turns":6},{"damage":19,"enemies":"Gremlin Nob","floor":11,"turns":3},{"damage":7,"enemies":"Lots of Slimes","floor":12,"turns":2},{"damage":11,"enemies":"3 Sentries","floor":14,"turns":3},{"damage":28,"enemies":"Hexaghost","floor":16,"turns":10},{"damage":36,"enemies":"2 Thieves","floor":18,"turns":4},{"damage":47,"enemies":"Colosseum Slavers","floor":20,"turns":4},{"damage":44,"enemies":"Colosseum Nobs","floor":20,"turns":3}],"seed_played":"-2497531476289489203","potions_obtained":[{"floor":7,"key":"Strength Potion"},{"floor":8,"key":"AttackPotion"},{"floor":11,"key":"SneckoOil"},{"floor":12,"key":"Energy Potion"}],"is_trial":false,"path_per_floor":["M","M","?","M","?","R","E","M","T","?","E","M","$","E","R","B",null,"M","?","?"],"character_chosen":"IRONCLAD","items_purchased":["Combust","Red Skull"],"campfire_rested":0,"item_purchase_floors":[13,13],"current_hp_per_floor":[69,75,74,74,74,74,43,41,41,41,28,39,39,46,46,36,65,50,50,0],"gold":237,"neow_bonus":"UPGRADE_CARD","is_prod":false,"is_daily":false,"chose_seed":false,"campfire_upgraded":2,"win_rate":0,"timestamp":1556255671,"path_taken":["M","M","?","M","?","R","E","M","T","?","E","M","$","E","R","BOSS","M","?","?"],"build_version":"2019-01-23","purchased_purges":1,"victory":false,"max_hp_per_floor":[80,80,74,74,74,74,74,74,74,74,74,74,74,74,74,74,74,77,77,77],"card_choices":[{"not_picked":["Heavy Blade","Sword Boomerang"],"picked":"Shrug It Off","floor":1},{"not_picked":["Evolve","Cleave"],"picked":"Combust","floor":2},{"not_picked":["Fire Breathing","Sentinel"],"picked":"Armaments","floor":4},{"not_picked":["True Grit","Dropkick"],"picked":"Juggernaut","floor":7},{"not_picked":["Havoc","Flex"],"picked":"True Grit","floor":8},{"not_picked":["Carnage","Sentinel"],"picked":"Pommel Strike","floor":11},{"not_picked":["Anger","Wild Strike"],"picked":"Shrug It Off","floor":12},{"not_picked":["Thunderclap","Power Through","Clothesline"],"picked":"SKIP","floor":14},{"not_picked":["Exhume","Berserk"],"picked":"Feed","floor":16},{"not_picked":["Heavy Blade","Warcry","Armaments+1"],"picked":"SKIP","floor":18}],"player_experience":324423,"relics_obtained":[{"floor":7,"key":"MawBank"},{"floor":11,"key":"Meat on the Bone"},{"floor":14,"key":"Anchor"}],"event_choices":[{"damage_healed":0,"gold_gain":0,"player_choice":"Lose Max HP","damage_taken":0,"relics_obtained":["Golden Idol"],"max_hp_gain":0,"max_hp_loss":6,"event_name":"Golden Idol","floor":3,"gold_loss":0},{"damage_healed":0,"gold_gain":0,"player_choice":"Grow","damage_taken":0,"max_hp_gain":0,"max_hp_loss":0,"event_name":"Living Wall","floor":5,"gold_loss":0,"cards_upgraded":["Armaments"]},{"damage_healed":0,"gold_gain":0,"player_choice":"Ignored","damage_taken":0,"max_hp_gain":0,"max_hp_loss":0,"event_name":"Shining Light","floor":10,"gold_loss":0},{"damage_healed":0,"gold_gain":0,"player_choice":"Ignored","damage_taken":0,"max_hp_gain":0,"max_hp_loss":0,"event_name":"Vampires","floor":19,"gold_loss":0},{"damage_healed":0,"gold_gain":0,"player_choice":"Fight","damage_taken":0,"max_hp_gain":0,"max_hp_loss":0,"event_name":"Colosseum","floor":20,"gold_loss":0},{"damage_healed":0,"gold_gain":0,"player_choice":"Fought Nobs","damage_taken":0,"max_hp_gain":0,"max_hp_loss":0,"event_name":"Colosseum","floor":20,"gold_loss":0}],"is_beta":false,"boss_relics":[{"not_picked":["Black Star","Empty Cage"],"picked":"Pandora\u0027s Box"}],"items_purged_floors":[13],"is_endless":false,"potions_floor_spawned":[7,8,11,12,16],"killed_by":"Colosseum Nobs","ascension_level":10}