{"gold_per_floor":[109,109,109,109,127,127,153,170,170,170,196,23,23,40,40,142,142,162,162,162,181,280,280,297,297,354,377,387,420,300,310,310,415,415,434,434,451,323,335,335,348,360,360,372,386,386,386,398,398,398,398,398,46,72,72],"floor_reached":55,"playtime":2352,"items_purged":["Strike_G","Strike_G","Defend_G"],"score":699,"play_id":"b1c61cb5-8833-45e9-ba9d-83be9291616a","local_time":"20190320210450","is_ascension_mode":false,"campfire_choices":[{"data":"Dash","floor":6,"key":"SMITH"},{"data":"Blur","floor":10,"key":"SMITH"},{"data":"Noxious Fumes","floor":15,"key":"SMITH"},{"data":"Footwork","floor":23,"key":"SMITH"},{"data":"Crippling Poison","floor":25,"key":"SMITH"},{"floor":32,"key":"REST"},{"data":"Footwork","floor":40,"key":"SMITH"},{"data":"Catalyst","floor":46,"key":"SMITH"},{"floor":49,"key":"RECALL"},{"data":"Caltrops","floor":52,"key":"SMITH"}],"neow_cost":"NONE","seed_source_timestamp":602183148479936,"circlet_count":0,"master_deck":["Defend_G","Defend_G","Defend_G","Strike_G","Survivor","Neutralize","Cloak And Dagger","Dagger Spray","Dash+1","Blur+1","Deadly Poison","Noxious Fumes+1","Die Die Die","Deadly Poison","Crippling Poison+1","PiercingWail","Blur","Footwork+1","Distraction+1","Catalyst+1","Footwork+1","Corpse Explosion","Deadly Poison+1","Calculated Gamble","Calculated Gamble+1","Noxious Fumes+1","Caltrops+1","Blur+1","Dodge and Roll+1","Catalyst"],"relics":["Ring of the Snake","NeowsBlessing","Incense Burner","Matryoshka","Strawberry","Ice Cream","Orrery","Tiny Chest","Regal Pillow","Anchor","Smiling Mask","Velvet Choker","Molten Egg 2","Medical Kit","Art of War","Orichalcum"],"potions_floor_usage":[33,50,55],"damage_taken":[{"damage":0,"enemies":"2 Louse","floor":1,"turns":1},{"damage":0,"enemies":"Cultist","floor":5,"turns":1},{"damage":0,"enemies":"Gremlin Nob","floor":7,"turns":1},{"damage":0,"enemies":"Small Slimes","floor":8,"turns":4},{"damage":7,"enemies":"3 Sentries","floor":11,"turns":10},{"damage":0,"enemies":"3 Louse","floor":14,"turns":3},{"damage":3,"enemies":"Slime Boss","floor":16,"turns":11},{"damage":0,"enemies":"3 Byrds","floor":18,"turns":5},{"damage":0,"enemies":"Chosen","floor":21,"turns":5},{"damage":0,"enemies":"Snecko","floor":24,"turns":5},{"damage":18,"enemies":"3 Cultists","floor":28,"turns":5},{"damage":20,"enemies":"Slavers","floor":29,"turns":8},{"damage":0,"enemies":"Snake Plant","floor":31,"turns":5},{"damage":20,"enemies":"Automaton","floor":33,"turns":11},{"damage":0,"enemies":"3 Shapes","floor":35,"turns":5},{"damage":16,"enemies":"3 Darklings","floor":37,"turns":3},{"damage":0,"enemies":"Transient","floor":39,"turns":5},{"damage":8,"enemies":"Maw","floor":41,"turns":7},{"damage":0,"enemies":"Jaw Worm Horde","floor":42,"turns":4},{"damage":0,"enemies":"Writhing Mass","floor":44,"turns":6},{"damage":0,"enemies":"4 Shapes","floor":45,"turns":3},{"damage":13,"enemies":"3 Darklings","floor":48,"turns":5},{"damage":39,"enemies":"Time Eater","floor":50,"turns":15},{"damage":17,"enemies":"Shield and Spear","floor":54,"turns":7},{"damage":64,"enemies":"The Heart","floor":55,"turns":9}],"seed_played":"5009186057291368835","potions_obtained":[{"floor":7,"key":"Dexterity Potion"},{"floor":11,"key":"Regen Potion"},{"floor":16,"key":"GhostInAJar"},{"floor":24,"key":"GamblersBrew"},{"floor":35,"key":"Explosive Potion"},{"floor":44,"key":"Weak Potion"},{"floor":45,"key":"SmokeBomb"}],"is_trial":false,"path_per_floor":["M","?","?","?","M","R","E","M","T","R","E","$","?","M","R","B",null,"M","?","?","M","?","R","M","R","T","T","M","E","$","M","R","B",null,"M","?","M","$","M","R","M","M","T","M","M","R","?","M","R","B",null,"R","$","E","B"],"character_chosen":"THE_SILENT","items_purchased":["Deadly Poison","Noxious Fumes","Footwork","Calculated Gamble","Medical Kit","Art of War"],"campfire_rested":1,"item_purchase_floors":[12,12,30,38,53,53],"current_hp_per_floor":[70,63,60,60,60,60,60,60,67,67,60,60,60,60,60,57,77,77,77,77,77,77,77,77,77,77,77,59,39,39,39,77,57,77,77,77,61,61,61,61,53,53,53,53,53,53,53,40,40,1,77,77,77,60,0],"gold":72,"neow_bonus":"THREE_ENEMY_KILL","is_prod":false,"is_daily":false,"chose_seed":false,"campfire_upgraded":8,"win_rate":0,"timestamp":1553083490,"path_taken":["M","?","?","?","M","R","E","?","T","R","E","$","?","M","R","BOSS","M","?","?","M","?","R","M","R","T","?","M","E","$","?","R","BOSS","M","?","?","$","M","R","M","M","T","M","M","R","?","M","R","BOSS","R","$","E","BOSS"],"build_version":"2019-01-23","purchased_purges":3,"victory":false,"max_hp_per_floor":[70,70,70,70,70,70,70,70,77,77,77,77,77,77,77,77,77,77,77,77,77,77,77,77,77,77,77,77,77,77,77,77,77,77,77,77,77,77,77,77,77,77,77,77,77,77,77,77,77,77,77,77,77,77,77],"card_choices":[{"not_picked":["Acrobatics","Noxious Fumes"],"picked":"Cloak And Dagger","floor":1},{"not_picked":["Dodge and Roll","Accuracy"],"picked":"Dash","floor":5},{"not_picked":["Prepared","Storm of Steel"],"picked":"Blur","floor":7},{"not_picked":["Deflect","Bane","Prepared"],"picked":"SKIP","floor":8},{"not_picked":["Outmaneuver","Distraction","Reflex"],"picked":"SKIP","floor":11},{"not_picked":["Outmaneuver","Distraction","Reflex"],"picked":"SKIP","floor":11},{"not_picked":["Quick Slash","Acrobatics","Setup"],"picked":"SKIP","floor":14},{"not_picked":["Phantasmal Killer","Burst"],"picked":"Die Die Die","floor":16},{"not_picked":["Dagger Throw","Bane"],"picked":"Deadly Poison","floor":17},{"not_picked":["Flying Knee","Dodge and Roll"],"picked":"Crippling Poison","floor":17},{"not_picked":["Cloak And Dagger","Heel Hook"],"picked":"PiercingWail","floor":17},{"not_picked":["Acrobatics","Sucker Punch"],"picked":"Blur","floor":17},{"not_picked":["Dash","Setup","Riddle With Holes"],"picked":"SKIP","floor":18},{"not_picked":["PiercingWail","Underhanded Strike","Tactician"],"picked":"SKIP","floor":21},{"not_picked":["Acrobatics+1","Glass Knife"],"picked":"Distraction+1","floor":24},{"not_picked":["Flechettes","Deflect","Dagger Spray"],"picked":"SKIP","floor":28},{"not_picked":["Bouncing Flask","Reflex+1"],"picked":"Catalyst","floor":29},{"not_picked":["Heel Hook","Dagger Spray","Masterful Stab+1"],"picked":"SKIP","floor":31},{"not_picked":["Phantasmal Killer","Glass Knife"],"picked":"Corpse Explosion","floor":33},{"not_picked":["Endless Agony","Dagger Spray","Eviscerate"],"picked":"SKIP","floor":35},{"not_picked":["Predator","Reflex"],"picked":"Deadly Poison+1","floor":37},{"not_picked":["Sucker Punch","Quick Slash+1"],"picked":"Calculated Gamble+1","floor":39},{"not_picked":["Acrobatics","Bane+1"],"picked":"Noxious Fumes+1","floor":41},{"not_picked":["Underhanded Strike+1","Infinite Blades+1","Quick Slash+1"],"picked":"SKIP","floor":42},{"not_picked":["Dodge and Roll","Flechettes+1"],"picked":"Caltrops","floor":44},{"not_picked":["Acrobatics","Accuracy+1"],"picked":"Blur+1","floor":45},{"not_picked":["Backflip","Underhanded Strike+1"],"picked":"Dodge and Roll+1","floor":48},{"not_picked":["Prepared","Quick Slash+1"],"picked":"Catalyst","floor":54}],"player_experience":336437,"relics_obtained":[{"floor":7,"key":"Matryoshka"},{"floor":9,"key":"Strawberry"},{"floor":11,"key":"Ice Cream"},{"floor":26,"key":"Tiny Chest"},{"floor":26,"key":"Regal Pillow"},{"floor":27,"key":"Anchor"},{"floor":29,"key":"Smiling Mask"},{"floor":43,"key":"Molten Egg 2"},{"floor":54,"key":"Orichalcum"}],"event_choices":[{"cards_removed":["Strike_G"],"damage_healed":0,"gold_gain":0,"player_choice":"Card Removal","damage_taken":7,"max_hp_gain":0,"max_hp_loss":0,"event_name":"Golden Wing","floor":2,"gold_loss":0},{"damage_healed":0,"gold_gain":0,"player_choice":"Success","damage_taken":3,"relics_obtained":["Incense Burner"],"max_hp_gain":0,"max_hp_loss":0,"event_name":"Scrap Ooze","floor":3,"gold_loss":0},{"damage_healed":0,"gold_gain":0,"cards_transformed":["Strike_G"],"player_choice":"Transformed","damage_taken":0,"max_hp_gain":0,"max_hp_loss":0,"event_name":"Transmorgrifier","floor":4,"gold_loss":0,"cards_obtained":["Dagger Spray"]},{"damage_healed":0,"gold_gain":0,"player_choice":"Ignored","damage_taken":0,"max_hp_gain":0,"max_hp_loss":0,"event_name":"Liars Game","floor":13,"gold_loss":0},{"damage_healed":0,"gold_gain":0,"player_choice":"Read","damage_taken":0,"max_hp_gain":0,"max_hp_loss":0,"event_name":"The Library","floor":19,"gold_loss":0,"cards_obtained":["Footwork"]},{"damage_healed":0,"gold_gain":0,"player_choice":"Ignored","damage_taken":0,"max_hp_gain":0,"max_hp_loss":0,"event_name":"Vampires","floor":20,"gold_loss":0},{"damage_healed":0,"gold_gain":99,"player_choice":"Stole From Cult","damage_taken":0,"max_hp_gain":0,"max_hp_loss":0,"event_name":"Nest","floor":22,"gold_loss":0},{"cards_removed":["Defend_G"],"damage_healed":0,"gold_gain":0,"player_choice":"Card Removal","damage_taken":0,"max_hp_gain":0,"max_hp_loss":0,"event_name":"Wheel of Change","floor":36,"gold_loss":0},{"damage_healed":0,"gold_gain":0,"player_choice":"Ignored","damage_taken":0,"max_hp_gain":0,"max_hp_loss":0,"event_name":"Tomb of Lord Red Mask","floor":47,"gold_loss":0}],"is_beta":false,"boss_relics":[{"not_picked":["Ectoplasm","WristBlade"],"picked":"Orrery"},{"not_picked":["Coffee Dripper","White Beast Statue"],"picked":"Velvet Choker"}],"items_purged_floors":[12,30,38],"is_endless":false,"potions_floor_spawned":[7,11,16,24,29,35,44,45,48],"killed_by":"The Heart","ascension_level":0}