{"gold_per_floor":[214,364,26,44,59,86,86,96,96,96,96,96,124,138,138,210,210,228,244,97,117,151,151,163,198,252,252,264,264,293,59,59,136,136,146,104,104,121,133,133,147,147,174,64,75,100,100,100,100,100],"floor_reached":51,"playtime":2021,"items_purged":["Doubt","Pain","Strike_R"],"score":1441,"play_id":"43e304c7-3bd1-4bc3-881d-d6bfa1c133ce","local_time":"20190406143020","is_ascension_mode":true,"campfire_choices":[{"data":"Bash","floor":7.0,"key":"SMITH"},{"data":"Disarm","floor":11.0,"key":"SMITH"},{"data":"Limit Break","floor":15.0,"key":"SMITH"},{"data":"True Grit","floor":23.0,"key":"SMITH"},{"floor":27.0,"key":"REST"},{"data":"Burning Pact","floor":29.0,"key":"SMITH"},{"floor":32.0,"key":"REST"},{"data":"Madness","floor":40.0,"key":"SMITH"},{"data":"Madness","floor":47,"key":"SMITH"},{"floor":49,"key":"REST"}],"neow_cost":"NONE","seed_source_timestamp":76570124214114,"circlet_count":0,"master_deck":["AscendersBane","Strike_R","Strike_R","Strike_R+1","Strike_R","Defend_R+1","Defend_R","Defend_R","Defend_R","Bash+1","Twin Strike","Disarm+1","Carnage+1","Burning Pact+1","Iron Wave+1","Limit Break+1","Ghostly Armor","Feed+1","Doubt","Writhe","True Grit+1","Clothesline+1","Shrug It Off","Sword Boomerang+1","Ghostly Armor+1","Heavy Blade+1","Battle Trance+1","Shrug It Off","Warcry","Madness","Madness+1","Shrug It Off+1","Anger+1","Battle Trance","Madness+1","Parasite","Impervious"],"special_seed":0,"relics":["Burning Blood","Molten Egg 2","The Courier","Gambling Chip","Du-Vu Doll","FossilizedHelix","Calling Bell","Boot","Ornamental Fan","Unceasing Top","Red Mask","Bird Faced Urn","Tiny Chest","Singing Bowl","Vajra","Sozu","Meat on the Bone","Happy Flower","Pen Nib"],"potions_floor_usage":[46,50],"damage_taken":[{"damage":4.0,"enemies":"Small Slimes","floor":1.0,"turns":4.0},{"damage":11.0,"enemies":"Jaw Worm","floor":4.0,"turns":4.0},{"damage":12.0,"enemies":"2 Louse","floor":5.0,"turns":4.0},{"damage":15.0,"enemies":"3 Sentries","floor":6.0,"turns":8.0},{"damage":6.0,"enemies":"2 Fungi Beasts","floor":8.0,"turns":4.0},{"damage":5.0,"enemies":"Gremlin Nob","floor":13.0,"turns":3.0},{"damage":0.0,"enemies":"Looter","floor":14.0,"turns":1.0},{"damage":3.0,"enemies":"The Guardian","floor":16.0,"turns":7.0},{"damage":26.0,"enemies":"2 Thieves","floor":18.0,"turns":4.0},{"damage":9.0,"enemies":"Shell Parasite","floor":19.0,"turns":5.0},{"damage":11.0,"enemies":"Chosen and Byrds","floor":21.0,"turns":7.0},{"damage":14.0,"enemies":"Masked Bandits","floor":22.0,"turns":4.0},{"damage":34.0,"enemies":"Cultist and Chosen","floor":24.0,"turns":7.0},{"damage":5.0,"enemies":"Gremlin Leader","floor":25.0,"turns":8.0},{"damage":3.0,"enemies":"Snecko","floor":28.0,"turns":5.0},{"damage":18.0,"enemies":"Book of Stabbing","floor":30.0,"turns":7.0},{"damage":65.0,"enemies":"Automaton","floor":33.0,"turns":8.0},{"damage":0.0,"enemies":"3 Shapes","floor":35.0,"turns":5.0},{"damage":0.0,"enemies":"Orb Walker","floor":38.0,"turns":2.0},{"damage":0.0,"enemies":"Maw","floor":39.0,"turns":6.0},{"damage":9.0,"enemies":"3 Darklings","floor":41.0,"turns":5.0},{"damage":22,"enemies":"Writhing Mass","floor":45,"turns":5},{"damage":0,"enemies":"Nemesis","floor":46,"turns":5},{"damage":62,"enemies":"Time Eater","floor":50,"turns":11}],"seed_played":"7953711120719807974","potions_obtained":[{"floor":4.0,"key":"SkillPotion"},{"floor":5.0,"key":"FearPotion"},{"floor":8.0,"key":"Fire Potion"},{"floor":13.0,"key":"Strength Potion"},{"floor":22.0,"key":"Dexterity Potion"},{"floor":24.0,"key":"LiquidBronze"},{"floor":28.0,"key":"AttackPotion"}],"is_trial":false,"path_per_floor":["M","?","$","M","M","E","R","M","T","?","R","T","E","M","R","B",null,"M","M","$","M","?","R","M","E","T","R","M","R","E","$","R","B",null,"M","$","?","M","M","R","M","T","T","$","M","E","R","?","R","B",null],"character_chosen":"IRONCLAD","items_purchased":["Molten Egg 2","Shrug It Off","Sword Boomerang+1","Vajra","Warcry","Battle Trance","Madness"],"campfire_rested":3,"item_purchase_floors":[3,20,20,31,36,44,44],"current_hp_per_floor":[70,70,70,65,59,50,50,50,50,27,27,27,28,34,34,37,66,50,51,51,46,42,42,18,19,19,46,49,49,39,39,66,9,74,84,84,66,72,80,80,77,77,77,77,67,73,73,73,105,61],"gold":100,"neow_bonus":"HUNDRED_GOLD","is_prod":false,"is_daily":false,"chose_seed":false,"campfire_upgraded":7,"win_rate":0,"timestamp":1554535820,"path_taken":["M","?","$","M","M","E","R","M","T","?","R","?","E","M","R","BOSS","M","M","$","M","?","R","M","E","T","R","M","R","E","$","R","BOSS","M","$","?","M","M","R","M","?","T","$","M","E","R","?","R","BOSS"],"build_version":"2019-01-23","purchased_purges":3,"victory":true,"max_hp_per_floor":[75,75,75,75,75,75,75,75,75,75,75,75,75,75,75,75,75,79,83,83,83,87,87,91,91,91,91,91,91,93,93,93,95,95,99,99,99,99,101,101,101,101,101,101,107,107,107,107,107,107],"card_choices":[{"not_picked":["Thunderclap","Dual Wield"],"picked":"Twin Strike","floor":1.0},{"not_picked":["Wild Strike+1","Clothesline+1"],"picked":"Disarm","floor":4.0},{"not_picked":["Cleave+1","Twin Strike+1"],"picked":"Carnage+1","floor":5.0},{"not_picked":["Berserk","Fire Breathing"],"picked":"Burning Pact","floor":6.0},{"not_picked":["Flex","Rupture"],"picked":"Iron Wave+1","floor":8.0},{"not_picked":["Rampage+1","Pommel Strike+1"],"picked":"Limit Break","floor":13.0},{"not_picked":["Sever Soul+1","Cleave+1"],"picked":"Ghostly Armor","floor":14.0},{"not_picked":["Fiend Fire+1","Exhume"],"picked":"Feed+1","floor":16.0},{"not_picked":["Flex","Spot Weakness"],"picked":"True Grit","floor":18.0},{"not_picked":["Clash+1","Iron Wave+1"],"picked":"Clothesline+1","floor":19.0},{"not_picked":["Infernal Blade","Hemokinesis+1","Warcry"],"picked":"SKIP","floor":21.0},{"not_picked":["Rage","Flex"],"picked":"Ghostly Armor+1","floor":22.0},{"not_picked":["Wild Strike+1","Warcry"],"picked":"Heavy Blade+1","floor":24.0},{"not_picked":["Metallicize","Searing Blow+1","Iron Wave+1"],"picked":"SKIP","floor":25.0},{"not_picked":["Inflame","Combust"],"picked":"Battle Trance+1","floor":28.0},{"not_picked":["Seeing Red","Exhume","Body Slam+1"],"picked":"Singing Bowl","floor":30.0},{"not_picked":["Dark Embrace","Juggernaut","Berserk"],"picked":"Singing Bowl","floor":33.0},{"not_picked":["Twin Strike+1","Armaments+1"],"picked":"Shrug It Off","floor":35.0},{"not_picked":["Armaments","Power Through"],"picked":"Shrug It Off+1","floor":38.0},{"not_picked":["Thunderclap+1","Pommel Strike+1","Sword Boomerang+1"],"picked":"Singing Bowl","floor":39.0},{"not_picked":["Shockwave","Warcry+1"],"picked":"Anger+1","floor":41.0},{"not_picked":["Clothesline+1","Evolve","Headbutt+1"],"picked":"Singing Bowl","floor":45},{"not_picked":["Corruption","Wild Strike+1"],"picked":"Impervious","floor":46}],"player_experience":426284,"relics_obtained":[{"floor":6.0,"key":"The Courier"},{"floor":9.0,"key":"Gambling Chip"},{"floor":12.0,"key":"Du-Vu Doll"},{"floor":13.0,"key":"FossilizedHelix"},{"floor":17.0,"key":"Boot"},{"floor":17.0,"key":"Ornamental Fan"},{"floor":17.0,"key":"Unceasing Top"},{"floor":22.0,"key":"Red Mask"},{"floor":25.0,"key":"Bird Faced Urn"},{"floor":26.0,"key":"Tiny Chest"},{"floor":30.0,"key":"Singing Bowl"},{"floor":42.0,"key":"Meat on the Bone"},{"floor":43.0,"key":"Happy Flower"},{"floor":46,"key":"Pen Nib"}],"event_choices":[{"damage_healed":0.0,"max_hp_gain":0.0,"max_hp_loss":0.0,"gold_gain":150.0,"event_name":"Liars Game","player_choice":"AGREE","floor":2.0,"gold_loss":0.0,"damage_taken":0.0,"cards_obtained":["Doubt"]},{"damage_healed":0.0,"max_hp_gain":0.0,"max_hp_loss":0.0,"gold_gain":0.0,"event_name":"Shining Light","player_choice":"Entered Light","floor":10.0,"gold_loss":0.0,"damage_taken":23.0,"cards_upgraded":["Defend_R","Strike_R"]},{"damage_healed":0.0,"max_hp_gain":0.0,"max_hp_loss":0.0,"gold_gain":0.0,"event_name":"Masked Bandits","player_choice":"Fought Bandits","floor":22.0,"gold_loss":0.0,"damage_taken":0.0},{"damage_healed":0.0,"max_hp_gain":0.0,"max_hp_loss":0.0,"gold_gain":0.0,"event_name":"Winding Halls","player_choice":"Embrace Madness","floor":37.0,"gold_loss":0.0,"damage_taken":18.0,"cards_obtained":["Madness","Madness"]},{"damage_healed":0,"gold_gain":0,"player_choice":"Ignored","damage_taken":0,"max_hp_gain":0,"max_hp_loss":0,"event_name":"Mysterious Sphere","floor":48,"gold_loss":0}],"is_beta":false,"boss_relics":[{"not_picked":["Runic Cube","Cursed Key"],"picked":"Calling Bell"},{"not_picked":["Philosopher\u0027s Stone","Fusion Hammer"],"picked":"Sozu"}],"items_purged_floors":[3,20,31],"is_endless":false,"potions_floor_spawned":[4,5,8,13,22,24,25,28,30,35,46],"ascension_level":17}