{"gold_per_floor":[119,119,138,18,28,45,65,65,135,135,148,181,181,209,209,314,314,324,181,181,197,213,213,241,241,241,241,257,2,29,46,46,142,142,162,24,24,43,56,56,84,104,180,205,205,220,220,234,234,234],"floor_reached":51,"playtime":2051,"items_purged":["Defend_G","Grand Finale"],"score":804,"play_id":"f3d63ad1-abb6-4ee1-ba94-26e7573c3e4a","local_time":"20190605160020","is_ascension_mode":false,"campfire_choices":[{"data":"Neutralize","floor":8,"key":"SMITH"},{"floor":10,"key":"REST"},{"floor":13,"key":"REST"},{"data":"Bouncing Flask","floor":15,"key":"SMITH"},{"data":"Footwork","floor":23,"key":"SMITH"},{"floor":25,"key":"REST"},{"floor":32,"key":"REST"},{"data":"Catalyst","floor":40,"key":"SMITH"},{"floor":49,"key":"REST"}],"neow_cost":"NONE","seed_source_timestamp":24660191617129,"circlet_count":0,"master_deck":["Survivor","Neutralize+1","Poisoned Stab","Dodge and Roll","Poisoned Stab","Bouncing Flask+1","Bane","Dodge and Roll","Footwork+1","Dodge and Roll","Bane","Bullet Time","Noxious Fumes+1","Doppelganger+1","Blade Dance+1","Bouncing Flask","Masterful Stab","Bouncing Flask","Deflect","Blur+1","Noxious Fumes+1","Deflect+1","Noxious Fumes","Deadly Poison+1","Catalyst+1","Footwork+1","Dodge and Roll+1","Leg Sweep","Envenom","Blur+1","Dark Embrace"],"relics":["Black Star","Bottled Flame","The Specimen","Vajra","Turnip","Singing Bowl","Astrolabe","Anchor","Mango","Dodecahedron","TwistedFunnel","Mercury Hourglass","Bronze Scales","Pandora\u0027s Box","The Courier","Molten Egg 2","Darkstone Periapt","Potion Belt"],"potions_floor_usage":[24,24,30,33,50,50,50,50,50],"damage_taken":[{"damage":0,"enemies":"2 Louse","floor":1,"turns":3},{"damage":11,"enemies":"Jaw Worm","floor":3,"turns":4},{"damage":2,"enemies":"Cultist","floor":5,"turns":3},{"damage":3,"enemies":"Red Slaver","floor":6,"turns":3},{"damage":7,"enemies":"Exordium Thugs","floor":7,"turns":5},{"damage":4,"enemies":"2 Fungi Beasts","floor":11,"turns":5},{"damage":19,"enemies":"3 Sentries","floor":12,"turns":10},{"damage":11,"enemies":"Lagavulin","floor":14,"turns":8},{"damage":13,"enemies":"Hexaghost","floor":16,"turns":9},{"damage":2,"enemies":"3 Byrds","floor":18,"turns":5},{"damage":8,"enemies":"Shell Parasite","floor":21,"turns":3},{"damage":18,"enemies":"Shelled Parasite and Fungi","floor":22,"turns":5},{"damage":30,"enemies":"Slavers","floor":24,"turns":6},{"damage":5,"enemies":"Cultist and Chosen","floor":28,"turns":5},{"damage":13,"enemies":"Gremlin Leader","floor":30,"turns":5},{"damage":0,"enemies":"Centurion and Healer","floor":31,"turns":4},{"damage":36,"enemies":"Collector","floor":33,"turns":6},{"damage":3,"enemies":"3 Darklings","floor":35,"turns":3},{"damage":0,"enemies":"3 Shapes","floor":38,"turns":4},{"damage":11,"enemies":"Transient","floor":39,"turns":5},{"damage":18,"enemies":"Reptomancer","floor":41,"turns":4},{"damage":31,"enemies":"Spire Growth","floor":42,"turns":5},{"damage":4,"enemies":"Maw","floor":46,"turns":8},{"damage":0,"enemies":"Transient","floor":48,"turns":5},{"damage":40,"enemies":"Donu and Deca","floor":50,"turns":9}],"seed_played":"4652309694376711820","potions_obtained":[{"floor":3,"key":"Energy Potion"},{"floor":6,"key":"Fire Potion"},{"floor":12,"key":"EssenceOfSteel"},{"floor":18,"key":"Fire Potion"},{"floor":22,"key":"Swift Potion"},{"floor":30,"key":"Fire Potion"},{"floor":33,"key":"SpeedPotion"},{"floor":39,"key":"Dexterity Potion"},{"floor":46,"key":"PowerPotion"},{"floor":48,"key":"SkillPotion"}],"is_trial":false,"path_per_floor":["M","?","M","$","M","M","M","R","T","R","M","E","R","E","R","B",null,"M","$","?","M","M","R","E","R","T","?","M","$","E","M","R","B",null,"M","$","$","M","M","R","E","M","T","T","?","M","?","M","R","B",null],"character_chosen":"THE_SILENT","items_purchased":["Poisoned Stab","Bouncing Flask","Bouncing Flask","TwistedFunnel","SkillPotion","Catalyst"],"campfire_rested":5,"item_purchase_floors":[4,4,19,29,29,36],"current_hp_per_floor":[70,63,52,52,50,47,40,40,40,61,57,38,59,48,48,35,70,70,70,70,62,44,44,28,53,53,53,48,48,37,39,66,32,92,89,89,89,89,80,80,62,31,31,31,31,27,27,29,57,17],"gold":234,"neow_bonus":"BOSS_RELIC","is_prod":false,"is_daily":false,"chose_seed":false,"campfire_upgraded":4,"win_rate":0,"timestamp":1559743220,"path_taken":["M","?","M","$","M","M","M","R","T","R","M","E","R","E","R","BOSS","M","$","?","M","M","R","E","R","T","?","M","$","E","M","R","BOSS","M","?","$","?","M","R","E","M","T","?","?","?","?","M","R","BOSS"],"build_version":"2019-01-23","purchased_purges":2,"victory":true,"max_hp_per_floor":[70,70,70,70,70,70,70,70,70,70,70,70,70,70,70,70,70,72,72,72,72,72,72,86,86,86,86,86,86,88,90,90,92,92,92,92,92,92,94,94,94,94,94,94,94,94,94,96,96,96],"card_choices":[{"not_picked":["Slice","Backflip"],"picked":"Poisoned Stab","floor":1},{"not_picked":["Flying Knee","Dagger Throw"],"picked":"Dodge and Roll","floor":3},{"not_picked":["Prepared","Acrobatics"],"picked":"Bane","floor":5},{"not_picked":["Blade Dance","Dash"],"picked":"Dodge and Roll","floor":6},{"not_picked":["Deflect","Outmaneuver"],"picked":"Footwork","floor":7},{"not_picked":["Dagger Throw","Escape Plan"],"picked":"Dodge and Roll","floor":11},{"not_picked":["Tactician","Choke","Setup"],"picked":"SKIP","floor":12},{"not_picked":["Dash","Infinite Blades"],"picked":"Bane","floor":14},{"not_picked":["Venomology","Wraith Form v2"],"picked":"Bullet Time","floor":16},{"not_picked":["Quick Slash","Underhanded Strike","Sucker Punch"],"picked":"Singing Bowl","floor":18},{"not_picked":["Dagger Spray","PiercingWail"],"picked":"Deflect","floor":21},{"not_picked":["Accuracy+1","Sucker Punch+1"],"picked":"Blur+1","floor":22},{"not_picked":["Finisher","Prepared"],"picked":"Escape Plan","floor":24},{"not_picked":["PiercingWail","Bane"],"picked":"Deflect+1","floor":28},{"not_picked":["Distraction","Dagger Spray","Bullet Time"],"picked":"Singing Bowl","floor":30},{"not_picked":["Eviscerate","Bane+1","Distraction"],"picked":"Singing Bowl","floor":31},{"not_picked":["Doppelganger","A Thousand Cuts","Venomology"],"picked":"Singing Bowl","floor":33},{"not_picked":["Masterful Stab+1","Deflect+1"],"picked":"Deadly Poison+1","floor":35},{"not_picked":["Outmaneuver+1","Bane+1"],"picked":"Footwork+1","floor":38},{"not_picked":["Backflip","Prepared","Acrobatics"],"picked":"Singing Bowl","floor":39},{"not_picked":["Deflect+1","Acrobatics+1"],"picked":"Dodge and Roll+1","floor":41},{"not_picked":["Dodge and Roll","Quick Slash+1"],"picked":"Leg Sweep","floor":42},{"not_picked":["Well Laid Plans","Sucker Punch+1"],"picked":"Blur+1","floor":46},{"not_picked":["Poisoned Stab+1","Prepared+1","Infinite Blades"],"picked":"Singing Bowl","floor":48}],"player_experience":313608,"relics_obtained":[{"floor":9,"key":"Bottled Flame"},{"floor":12,"key":"The Specimen"},{"floor":12,"key":"Vajra"},{"floor":14,"key":"Turnip"},{"floor":14,"key":"Singing Bowl"},{"floor":24,"key":"Anchor"},{"floor":24,"key":"Mango"},{"floor":26,"key":"Dodecahedron"},{"floor":30,"key":"Mercury Hourglass"},{"floor":30,"key":"Bronze Scales"},{"floor":41,"key":"The Courier"},{"floor":41,"key":"Molten Egg 2"},{"floor":43,"key":"Darkstone Periapt"},{"floor":44,"key":"Potion Belt"}],"event_choices":[{"cards_removed":["Strike_G"],"damage_healed":0,"gold_gain":0,"player_choice":"Card Removal","damage_taken":7,"max_hp_gain":0,"max_hp_loss":0,"event_name":"Golden Wing","floor":2,"gold_loss":0},{"damage_healed":0,"gold_gain":0,"cards_transformed":["Defend_G","Defend_G"],"player_choice":"Became Test Subject","damage_taken":0,"max_hp_gain":0,"max_hp_loss":0,"event_name":"Drug Dealer","floor":20,"gold_loss":0,"cards_obtained":["Masterful Stab","Bouncing Flask"]},{"damage_healed":0,"gold_gain":0,"player_choice":"Copied","damage_taken":0,"max_hp_gain":0,"max_hp_loss":0,"event_name":"Duplicator","floor":27,"gold_loss":0,"cards_obtained":["Noxious Fumes"]},{"damage_healed":0,"gold_gain":0,"cards_transformed":["Sucker Punch"],"player_choice":"Transformed","damage_taken":0,"max_hp_gain":0,"max_hp_loss":0,"event_name":"Transmorgrifier","floor":45,"gold_loss":0,"cards_obtained":["Envenom"]},{"cards_removed":["Escape Plan"],"damage_healed":0,"gold_gain":0,"player_choice":"Took Card","damage_taken":0,"max_hp_gain":0,"max_hp_loss":0,"event_name":"NoteForYourself","floor":47,"gold_loss":0,"cards_obtained":["Dark Embrace"]}],"is_beta":false,"boss_relics":[{"not_picked":["Runic Dome","WristBlade"],"picked":"Astrolabe"},{"not_picked":["Philosopher\u0027s Stone","Tiny House"],"picked":"Pandora\u0027s Box"}],"items_purged_floors":[19,36],"is_endless":false,"potions_floor_spawned":[3,6,12,14,18,22,30,33,39,46,48],"ascension_level":0}