{"gold_per_floor":[115,126,126,126,126,160,160,160,160,160,178,191,204,223,223,327,327,347,262,362,332,343,343,357,357,357,377,377],"floor_reached":28,"playtime":1596,"items_purged":[],"score":383,"play_id":"d86d6754-e0f8-4f76-a8dc-0966842d2e87","local_time":"20190511133017","is_ascension_mode":true,"campfire_choices":[{"data":"BootSequence","floor":8,"key":"SMITH"},{"data":"Zap","floor":10,"key":"SMITH"},{"data":"Chaos","floor":15,"key":"SMITH"},{"floor":23,"key":"REST"},{"floor":25,"key":"REST"}],"neow_cost":"NONE","seed_source_timestamp":487877791422114,"circlet_count":0,"master_deck":["AscendersBane","Strike_B","Strike_B","Defend_B","Defend_B","Defend_B","Defend_B","Zap+1","Dualcast","Leap","BootSequence+1","Go for the Eyes+1","Chaos+1","Chaos","Leap","Echo Form","FTL+1","Blizzard+1","Melter+1"],"relics":["FrozenCore","NeowsBlessing","FossilizedHelix","Molten Egg 2","Cables","Kunai"],"potions_floor_usage":[13,16,16,22,22],"damage_taken":[{"damage":0,"enemies":"Jaw Worm","floor":1,"turns":1},{"damage":0,"enemies":"Small Slimes","floor":2,"turns":1},{"damage":0,"enemies":"Gremlin Nob","floor":6,"turns":1},{"damage":0,"enemies":"2 Louse","floor":11,"turns":3},{"damage":0,"enemies":"2 Fungi Beasts","floor":12,"turns":4},{"damage":10,"enemies":"Gremlin Gang","floor":13,"turns":6},{"damage":0,"enemies":"Blue Slaver","floor":14,"turns":4},{"damage":41,"enemies":"Slime Boss","floor":16,"turns":14},{"damage":1,"enemies":"Shell Parasite","floor":18,"turns":13},{"damage":0,"enemies":"2 Thieves","floor":21,"turns":5},{"damage":18,"enemies":"3 Cultists","floor":22,"turns":6},{"damage":42,"enemies":"Sentry and Sphere","floor":24,"turns":8},{"damage":38,"enemies":"Cultist and Chosen","floor":27,"turns":8},{"damage":4,"enemies":"Chosen and Byrds","floor":28,"turns":4}],"seed_played":"-2296868332859942904","potions_obtained":[{"floor":2,"key":"FocusPotion"},{"floor":13,"key":"Fire Potion"},{"floor":14,"key":"PowerPotion"},{"floor":16,"key":"Energy Potion"},{"floor":18,"key":"Explosive Potion"}],"is_trial":false,"path_per_floor":["M","M","?","?","?","E","?","R","T","R","M","M","M","M","R","B",null,"M","?","?","M","M","R","M","R","T","M","M"],"character_chosen":"DEFECT","items_purchased":[],"campfire_rested":2,"item_purchase_floors":[],"current_hp_per_floor":[68,68,68,61,61,61,61,61,61,61,61,61,51,51,51,10,59,58,58,58,58,40,62,20,42,42,4,0],"gold":377,"neow_bonus":"THREE_ENEMY_KILL","is_prod":false,"is_daily":false,"chose_seed":false,"campfire_upgraded":3,"win_rate":0,"timestamp":1557606617,"path_taken":["M","M","?","?","?","E","?","R","T","R","?","M","M","M","R","BOSS","M","?","?","M","M","R","M","R","T","?","M"],"build_version":"2019-01-23","purchased_purges":0,"victory":false,"max_hp_per_floor":[75,75,75,75,75,75,75,75,75,75,75,75,75,75,75,75,75,75,75,75,75,75,75,75,75,75,75,75],"card_choices":[{"not_picked":["Stack","Coolheaded","Rebound"],"picked":"SKIP","floor":1},{"not_picked":["Consume","Gash"],"picked":"Leap","floor":2},{"not_picked":["Loop","Stack"],"picked":"BootSequence","floor":6},{"not_picked":["Sweeping Beam+1","Redo"],"picked":"Go for the Eyes+1","floor":11},{"not_picked":["Rebound+1","Creative AI"],"picked":"Chaos","floor":12},{"not_picked":["Double Energy","Compile Driver+1"],"picked":"Chaos","floor":13},{"not_picked":["Hologram","Steam"],"picked":"Leap","floor":14},{"not_picked":["Fission","Multi-Cast"],"picked":"Echo Form","floor":16},{"not_picked":["Barrage+1","Steam Power"],"picked":"FTL+1","floor":18},{"not_picked":["Undo","Defragment"],"picked":"Blizzard+1","floor":21},{"not_picked":["Beam Cell+1","Redo","Stack"],"picked":"SKIP","floor":22},{"not_picked":["Consume+1","Steam+1"],"picked":"Melter+1","floor":24},{"not_picked":["Static Discharge","Storm+1","Skim+1"],"picked":"SKIP","floor":27}],"player_experience":455670,"relics_obtained":[{"floor":6,"key":"FossilizedHelix"},{"floor":9,"key":"Molten Egg 2"},{"floor":26,"key":"Kunai"}],"event_choices":[{"damage_healed":0,"gold_gain":0,"player_choice":"Ignored","damage_taken":0,"max_hp_gain":0,"max_hp_loss":0,"event_name":"Shining Light","floor":3,"gold_loss":0},{"cards_removed":["Strike_B"],"damage_healed":0,"gold_gain":0,"player_choice":"Card Removal","damage_taken":7,"max_hp_gain":0,"max_hp_loss":0,"event_name":"Golden Wing","floor":4,"gold_loss":0},{"damage_healed":0,"gold_gain":0,"player_choice":"Ignored","damage_taken":0,"max_hp_gain":0,"max_hp_loss":0,"event_name":"Liars Game","floor":5,"gold_loss":0},{"cards_removed":["Strike_B"],"damage_healed":0,"gold_gain":0,"player_choice":"Forget","damage_taken":0,"max_hp_gain":0,"max_hp_loss":0,"event_name":"Living Wall","floor":7,"gold_loss":0},{"damage_healed":0,"gold_gain":0,"player_choice":"Obtained Relic","damage_taken":0,"relics_obtained":["Cables"],"max_hp_gain":0,"max_hp_loss":0,"event_name":"Addict","floor":19,"gold_loss":85},{"damage_healed":0,"gold_gain":100,"player_choice":"Pray","damage_taken":0,"max_hp_gain":0,"max_hp_loss":0,"event_name":"Golden Shrine","floor":20,"gold_loss":0}],"is_beta":false,"boss_relics":[{"not_picked":["Calling Bell","Black Star"],"picked":"FrozenCore"}],"items_purged_floors":[],"is_endless":false,"potions_floor_spawned":[2,13,14,16,18,21],"killed_by":"Chosen and Byrds","ascension_level":11}