{"gold_per_floor":[119,119,194,205,4,4,33,33,33,47,57,92,92,107,107,212,212,226,226,226,226,151,151,176,101,101,41],"floor_reached":27,"playtime":685,"items_purged":["Defend_B"],"score":236,"play_id":"bd4d1d79-2f7f-47fa-8ac3-035f9be8f443","local_time":"20180715142317","is_ascension_mode":false,"campfire_choices":[{"data":"Apotheosis","floor":6,"key":"SMITH"},{"data":"1","floor":13,"key":"LIFT"},{"floor":15,"key":"REST"},{"data":"2","floor":23,"key":"LIFT"}],"neow_cost":"NONE","seed_source_timestamp":236736334638224,"circlet_count":0,"master_deck":["Strike_B","Strike_B","Strike_B","Defend_B","Defend_B","Defend_B","Zap+1","Dualcast","Beam Cell","Scrape","Genetic Algorithm","Apotheosis+1","Coolheaded","Rainbow","Conserve Battery","Leap","Reboot","Echo Form","Capacitor","Necronomicurse","Tempest+1"],"relics":["Cracked Core","Shuriken","Girya","Orichalcum","White Beast Statue","Necronomicon","Spirit Poop","Peace Pipe","Toxic Egg 2"],"potions_floor_usage":[12,18,24,27],"damage_taken":[{"damage":10,"enemies":"Small Slimes","floor":1,"turns":3},{"damage":2,"enemies":"2 Louse","floor":4,"turns":2},{"damage":20,"enemies":"Lagavulin","floor":7,"turns":5},{"damage":0,"enemies":"Cultist","floor":10,"turns":2},{"damage":6,"enemies":"Large Slime","floor":11,"turns":5},{"damage":5,"enemies":"Gremlin Nob","floor":12,"turns":4},{"damage":2,"enemies":"Looter","floor":14,"turns":2},{"damage":27,"enemies":"Slime Boss","floor":16,"turns":10},{"damage":8,"enemies":"Shell Parasite","floor":18,"turns":5},{"damage":47,"enemies":"Book of Stabbing","floor":24,"turns":8},{"damage":13,"enemies":"2 Thieves","floor":27,"turns":2}],"seed_played":"-5747850038032365337","potions_obtained":[{"floor":4,"key":"SpeedPotion"},{"floor":7,"key":"Weak Potion"},{"floor":12,"key":"LiquidBronze"},{"floor":16,"key":"PowerPotion"},{"floor":18,"key":"FearPotion"},{"floor":24,"key":"Block Potion"}],"is_trial":false,"path_per_floor":["M","?","?","M","$","R","E","?","T","M","M","E","R","M","R","B",null,"M","?","?","?","?","R","E","$","T"],"character_chosen":"DEFECT","items_purchased":["Apotheosis"],"campfire_rested":1,"item_purchase_floors":[5],"current_hp_per_floor":[65,65,54,52,52,52,32,32,32,32,26,21,21,19,41,14,75,67,51,51,51,51,51,4,4,4,0],"gold":41,"neow_bonus":"ONE_RANDOM_RARE_CARD","is_prod":false,"is_daily":false,"chose_seed":false,"campfire_upgraded":1,"win_rate":0.0,"timestamp":1531632197,"path_taken":["M","?","?","M","$","R","E","?","T","M","?","E","R","M","R","BOSS","M","?","?","?","?","R","E","$","T","?"],"build_version":"2018-07-12","purchased_purges":1,"victory":false,"max_hp_per_floor":[75,75,75,75,75,75,75,75,75,75,75,75,75,75,75,75,75,75,75,75,75,75,75,75,75,75,75],"card_choices":[{"not_picked":["Tempest","Stack"],"picked":"Beam Cell","floor":1},{"not_picked":["Leap","Stack"],"picked":"Genetic Algorithm","floor":4},{"not_picked":["Tempest","Static Discharge"],"picked":"Coolheaded","floor":7},{"not_picked":["Tempest","Rip and Tear"],"picked":"Rainbow","floor":10},{"not_picked":["Static Discharge","Compile Driver"],"picked":"Conserve Battery","floor":11},{"not_picked":["Conserve Battery","Rebound"],"picked":"Leap","floor":12},{"not_picked":["Sweeping Beam","Rebound"],"picked":"Reboot","floor":14},{"not_picked":["Thunder Strike","Amplify"],"picked":"Echo Form","floor":16},{"not_picked":["Conserve Battery","Melter"],"picked":"Capacitor","floor":18},{"not_picked":["Leap","Cold Snap"],"picked":"Tempest+1","floor":24}],"player_experience":165800,"relics_obtained":[{"floor":7,"key":"Shuriken"},{"floor":9,"key":"Girya"},{"floor":12,"key":"Orichalcum"},{"floor":19,"key":"Necronomicon"},{"floor":24,"key":"Peace Pipe"},{"floor":26,"key":"Toxic Egg 2"}],"event_choices":[{"event_name":"Living Wall","player_choice":"Change","floor":2,"damage_taken":0},{"event_name":"World of Goop","player_choice":"Gather Gold","floor":3,"damage_taken":0},{"event_name":"Accursed Blacksmith","player_choice":"Forge","floor":8,"damage_taken":0},{"event_name":"Cursed Tome","player_choice":"Obtained Book","floor":19,"damage_taken":0},{"event_name":"Ghosts","player_choice":"Ignored","floor":20,"damage_taken":0},{"event_name":"Bonfire Elementals","player_choice":"CURSE","floor":21,"damage_taken":0},{"event_name":"Beggar","player_choice":"Gave Gold","floor":22,"damage_taken":0}],"boss_relics":[{"not_picked":["FrozenCore","Lizard Tail"],"picked":"White Beast Statue"}],"items_purged_floors":[25],"is_endless":false,"potions_floor_spawned":[4,7,12,16,18,24],"killed_by":"2 Thieves","ascension_level":0}