{"gold_per_floor":[209,229,154,154,174,174,204,221,221,255,283,283,283,96,96,96],"floor_reached":16,"playtime":557,"items_purged":["Strike_R","Strike_R"],"score":207,"play_id":"016d3746-439a-4765-b47c-a33ecb136265","local_time":"20190321114950","is_ascension_mode":true,"campfire_choices":[{"data":"Uppercut","floor":6,"key":"SMITH"},{"data":"Bash","floor":12,"key":"SMITH"},{"data":"Reckless Charge","floor":13,"key":"SMITH"},{"data":"Body Slam","floor":15,"key":"SMITH"}],"neow_cost":"NONE","seed_source_timestamp":8906206350001,"circlet_count":0,"master_deck":["AscendersBane","Strike_R","Strike_R","Strike_R","Defend_R+1","Defend_R","Defend_R","Defend_R","Bash+1","Anger+1","Reckless Charge+1","Uppercut+1","Iron Wave","Second Wind","Wild Strike","Flame Barrier","Body Slam+1"],"relics":["Burning Blood","Magic Flower","Thread and Needle","WingedGreaves","Mummified Hand"],"potions_floor_usage":[7,10,16],"damage_taken":[{"damage":5,"enemies":"2 Louse","floor":1,"turns":3},{"damage":12,"enemies":"Jaw Worm","floor":2,"turns":3},{"damage":2,"enemies":"Small Slimes","floor":5,"turns":3},{"damage":22,"enemies":"3 Sentries","floor":7,"turns":7},{"damage":14,"enemies":"Red Slaver","floor":8,"turns":2},{"damage":8,"enemies":"Lagavulin","floor":10,"turns":7},{"damage":3,"enemies":"Gremlin Nob","floor":11,"turns":4},{"damage":22,"enemies":"The Guardian","floor":16,"turns":7}],"seed_played":"-1720868897513725002","potions_obtained":[{"floor":2,"key":"Explosive Potion"},{"floor":8,"key":"GamblersBrew"},{"floor":10,"key":"Swift Potion"},{"floor":11,"key":"Block Potion"}],"is_trial":false,"path_per_floor":["M","M","$","?","M","R","E","M","T","E","E","R","R","$","R","B"],"character_chosen":"IRONCLAD","items_purchased":["Flame Barrier","Body Slam"],"campfire_rested":0,"item_purchase_floors":[14,14],"current_hp_per_floor":[69,63,63,40,44,44,28,23,23,24,30,30,30,30,30,8],"gold":96,"neow_bonus":"HUNDRED_GOLD","is_prod":false,"is_daily":false,"chose_seed":false,"campfire_upgraded":4,"win_rate":0,"timestamp":1553143790,"path_taken":["M","M","$","?","M","R","E","M","T","E","E","R","R","$","R","BOSS"],"build_version":"2019-01-23","purchased_purges":2,"victory":false,"max_hp_per_floor":[75,75,75,75,75,75,75,75,75,75,75,75,75,75,75,75],"card_choices":[{"not_picked":["Thunderclap","Intimidate"],"picked":"Anger","floor":1},{"not_picked":["Iron Wave","Rage"],"picked":"Reckless Charge","floor":2},{"not_picked":["Warcry","Bloodletting"],"picked":"Uppercut","floor":5},{"not_picked":["Exhume","Cleave"],"picked":"Iron Wave","floor":7},{"not_picked":["Perfected Strike","Reckless Charge"],"picked":"Second Wind","floor":8},{"not_picked":["Rupture","Cleave","Infernal Blade"],"picked":"SKIP","floor":10},{"not_picked":["Sentinel","Searing Blow"],"picked":"Wild Strike","floor":11}],"player_experience":402802,"relics_obtained":[{"floor":7,"key":"Magic Flower"},{"floor":9,"key":"Thread and Needle"},{"floor":10,"key":"WingedGreaves"},{"floor":11,"key":"Mummified Hand"}],"event_choices":[{"damage_healed":0,"gold_gain":0,"player_choice":"Entered Light","damage_taken":23,"max_hp_gain":0,"max_hp_loss":0,"event_name":"Shining Light","floor":4,"gold_loss":0,"cards_upgraded":["Defend_R","Anger"]}],"is_beta":false,"boss_relics":[],"items_purged_floors":[3,14],"is_endless":false,"potions_floor_spawned":[2,8,10,11],"killed_by":"The Guardian","ascension_level":15}