{"gold_per_floor":[110,110,124,124,199,226,226,242,266,298,298,398,398,418,418,517,517,531,531,542,569,569,569],"floor_reached":23,"playtime":1516,"items_purged":[],"score":286,"play_id":"01231cc3-12a2-47db-bc33-9830ffc201da","local_time":"20190403030252","is_ascension_mode":true,"campfire_choices":[{"floor":7,"key":"REST"},{"data":"Adrenaline","floor":13,"key":"SMITH"},{"floor":15,"key":"REST"}],"neow_cost":"NONE","seed_source_timestamp":961689407301981,"circlet_count":0,"master_deck":["Survivor","Neutralize","Quick Slash","Acrobatics","Dodge and Roll","Terror","Adrenaline+1","Deflect","Adrenaline","Storm of Steel","Eviscerate","Choke","Escape Plan","Backflip","Accuracy","Terror","Caltrops","Catalyst","Wraith Form v2","Blade Dance","Dagger Throw+1"],"relics":["Ring of the Snake","Juzu Bracelet","Centennial Puzzle","Vajra","Potion Belt","GremlinMask","Pandora\u0027s Box","MutagenicStrength","Dream Catcher","Sundial"],"potions_floor_usage":[6,10,16,23],"damage_taken":[{"damage":7,"enemies":"Small Slimes","floor":1,"turns":6},{"damage":3,"enemies":"2 Louse","floor":3,"turns":4},{"damage":23,"enemies":"Gremlin Nob","floor":6,"turns":5},{"damage":0,"enemies":"Cultist","floor":8,"turns":3},{"damage":5,"enemies":"Lagavulin","floor":10,"turns":5},{"damage":6,"enemies":"Exordium Thugs","floor":14,"turns":4},{"damage":38,"enemies":"Hexaghost","floor":16,"turns":13},{"damage":8,"enemies":"Shell Parasite","floor":18,"turns":3},{"damage":6,"enemies":"3 Byrds","floor":20,"turns":5},{"damage":44,"enemies":"Slavers","floor":23,"turns":5}],"seed_played":"-7364476066841762842","potions_obtained":[{"floor":1,"key":"Swift Potion"},{"floor":3,"key":"PowerPotion"},{"floor":8,"key":"Block Potion"},{"floor":16,"key":"SteroidPotion"},{"floor":20,"key":"LiquidBronze"}],"is_trial":false,"path_per_floor":["M","?","M","?","?","E","R","M","T","E","?","?","R","M","R","B",null,"M","?","M","T","?","E"],"character_chosen":"THE_SILENT","items_purchased":[],"campfire_rested":2,"item_purchase_floors":[],"current_hp_per_floor":[56,61,58,43,32,9,31,31,31,26,26,26,26,20,42,4,57,49,49,43,43,43,0],"gold":569,"neow_bonus":"RANDOM_COMMON_RELIC","is_prod":false,"is_daily":false,"chose_seed":false,"campfire_upgraded":1,"win_rate":0,"timestamp":1554274972,"path_taken":["M","?","M","?","?","E","R","M","T","E","?","?","R","M","R","BOSS","M","?","M","?","?","E"],"build_version":"2019-01-23","purchased_purges":0,"victory":false,"max_hp_per_floor":[70,75,75,75,75,75,75,75,75,75,75,75,75,75,75,75,75,75,75,75,75,75,75],"card_choices":[{"not_picked":["Expertise","Flechettes"],"picked":"Quick Slash","floor":1},{"not_picked":["Sucker Punch","Well Laid Plans"],"picked":"Acrobatics","floor":3},{"not_picked":["Sucker Punch","Bouncing Flask"],"picked":"Dodge and Roll","floor":6},{"not_picked":["Dodge and Roll","Deflect"],"picked":"Terror","floor":8},{"not_picked":["Flying Knee","Night Terror"],"picked":"Adrenaline","floor":10},{"not_picked":["Poisoned Stab","Eviscerate"],"picked":"Deflect","floor":14},{"not_picked":["Unload","Doppelganger"],"picked":"Adrenaline","floor":16},{"not_picked":["Deadly Poison+1","Bane+1"],"picked":"Blade Dance","floor":18},{"not_picked":["Terror","Deadly Poison+1"],"picked":"Dagger Throw+1","floor":20}],"player_experience":289982,"relics_obtained":[{"floor":6,"key":"Centennial Puzzle"},{"floor":9,"key":"Vajra"},{"floor":10,"key":"Potion Belt"},{"floor":21,"key":"Dream Catcher"}],"event_choices":[{"damage_healed":0,"gold_gain":0,"player_choice":"Donut","damage_taken":0,"max_hp_gain":5,"max_hp_loss":0,"event_name":"Big Fish","floor":2,"gold_loss":0},{"damage_healed":0,"gold_gain":0,"player_choice":"Entered Light","damage_taken":15,"max_hp_gain":0,"max_hp_loss":0,"event_name":"Shining Light","floor":4,"gold_loss":0,"cards_upgraded":["Strike_G","Strike_G"]},{"damage_healed":0,"gold_gain":75,"player_choice":"Gather Gold","damage_taken":11,"max_hp_gain":0,"max_hp_loss":0,"event_name":"World of Goop","floor":5,"gold_loss":0},{"damage_healed":0,"gold_gain":0,"player_choice":"Trade","damage_taken":0,"relics_obtained":["GremlinMask"],"max_hp_gain":0,"max_hp_loss":0,"event_name":"FaceTrader","floor":11,"gold_loss":0},{"damage_healed":0,"gold_gain":100,"player_choice":"Pray","damage_taken":0,"max_hp_gain":0,"max_hp_loss":0,"event_name":"Golden Shrine","floor":12,"gold_loss":0},{"damage_healed":0,"gold_gain":0,"player_choice":"Inject Mutagens","damage_taken":0,"relics_obtained":["MutagenicStrength"],"max_hp_gain":0,"max_hp_loss":0,"event_name":"Drug Dealer","floor":19,"gold_loss":0},{"damage_healed":0,"gold_gain":0,"player_choice":"Opened","damage_taken":0,"relics_obtained":["Sundial"],"max_hp_gain":0,"max_hp_loss":0,"event_name":"The Mausoleum","floor":22,"gold_loss":0}],"is_beta":false,"boss_relics":[{"not_picked":["Sozu","Runic Pyramid"],"picked":"Pandora\u0027s Box"}],"items_purged_floors":[],"is_endless":false,"potions_floor_spawned":[1,3,8,16,20],"killed_by":"Slavers","ascension_level":9}