{"gold_per_floor":[116,116,133,133,144,144,169,169,169,234,112,129,141,152,152,254,254,270,270,270,77,177,205,220,232,279,306,306,325,325,341,341,443,443,453,471,484,270,270,286,286,44,44,56,56,56,67,78,78,78],"floor_reached":50,"playtime":1735,"items_purged":["Strike_R","Pommel Strike","Anger","Defend_R"],"score":536,"play_id":"5b6bd90c-497b-44b0-b38c-cfd06e14e500","local_time":"20181124190147","is_ascension_mode":false,"campfire_choices":[{"data":"Bash","floor":6,"key":"SMITH"},{"data":"Clash","floor":8,"key":"SMITH"},{"floor":15,"key":"REST"},{"floor":30,"key":"REST"},{"floor":32,"key":"RECALL"},{"floor":41,"key":"REST"},{"floor":49,"key":"REST"}],"neow_cost":"PERCENT_DAMAGE","seed_source_timestamp":88610508751207,"circlet_count":0,"master_deck":["Bash+1","Metallicize","Clash+1","Clash","Rage","Offering","Flash of Steel","Clash+1","Anger+1","Fire Breathing","Madness","PanicButton","Decay"],"relics":["Burning Blood","Self Forming Clay","Regal Pillow","Sundial","Empty Cage","Enchiridion","Nunchaku","Mummified Hand","Pocketwatch","Magic Flower","Sozu","Gremlin Horn"],"potions_floor_usage":[5,16,16,23,27,33,33,37],"damage_taken":[{"damage":9,"enemies":"Cultist","floor":1,"turns":4},{"damage":3,"enemies":"Jaw Worm","floor":3,"turns":4},{"damage":0,"enemies":"Small Slimes","floor":5,"turns":3},{"damage":22,"enemies":"Gremlin Nob","floor":7,"turns":4},{"damage":21,"enemies":"Gremlin Nob","floor":10,"turns":4},{"damage":2,"enemies":"Exordium Wildlife","floor":12,"turns":3},{"damage":8,"enemies":"Red Slaver","floor":13,"turns":2},{"damage":2,"enemies":"Looter","floor":14,"turns":2},{"damage":19,"enemies":"Hexaghost","floor":16,"turns":5},{"damage":6,"enemies":"Spheric Guardian","floor":18,"turns":2},{"damage":11,"enemies":"Colosseum Slavers","floor":22,"turns":4},{"damage":16,"enemies":"Colosseum Nobs","floor":22,"turns":4},{"damage":18,"enemies":"Gremlin Leader","floor":23,"turns":4},{"damage":13,"enemies":"2 Thieves","floor":24,"turns":4},{"damage":6,"enemies":"Cultist and Chosen","floor":25,"turns":3},{"damage":8,"enemies":"Book of Stabbing","floor":27,"turns":3},{"damage":6,"enemies":"Snake Plant","floor":29,"turns":2},{"damage":8,"enemies":"3 Cultists","floor":31,"turns":3},{"damage":82,"enemies":"Automaton","floor":33,"turns":8},{"damage":40,"enemies":"3 Shapes","floor":35,"turns":4},{"damage":9,"enemies":"3 Darklings","floor":36,"turns":3},{"damage":6,"enemies":"Jaw Worm Horde","floor":37,"turns":4},{"damage":10,"enemies":"Sphere and 2 Shapes","floor":40,"turns":4},{"damage":40,"enemies":"Maw","floor":44,"turns":7},{"damage":25,"enemies":"Spire Growth","floor":47,"turns":3},{"damage":16,"enemies":"3 Darklings","floor":48,"turns":5},{"damage":73,"enemies":"Awakened One","floor":50,"turns":7}],"seed_played":"-7429202385461273209","potions_obtained":[{"floor":3,"key":"Explosive Potion"},{"floor":12,"key":"Swift Potion"},{"floor":14,"key":"Strength Potion"},{"floor":16,"key":"SpeedPotion"},{"floor":22,"key":"AttackPotion"},{"floor":25,"key":"SkillPotion"},{"floor":29,"key":"Regen Potion"},{"floor":31,"key":"Block Potion"}],"is_trial":false,"path_per_floor":["M","?","M","?","M","R","E","R","T","?","$","M","M","M","R","B",null,"M","?","?","$","?","E","M","M","T","E","?","M","R","M","R","B",null,"M","M","M","$","?","M","R","$","T","M","$","?","M","M","R","B"],"character_chosen":"IRONCLAD","items_purchased":["Clash","Flash of Steel","Madness","PanicButton"],"campfire_rested":4,"item_purchase_floors":[11,21,38,42],"current_hp_per_floor":[53,53,56,56,62,62,46,46,46,31,31,35,33,37,76,63,80,80,64,64,64,49,37,30,30,30,28,28,31,70,71,71,18,80,49,49,52,52,52,51,80,80,80,49,49,49,33,26,65,0],"gold":78,"neow_bonus":"REMOVE_TWO","is_prod":false,"is_daily":false,"chose_seed":false,"campfire_upgraded":2,"win_rate":0,"timestamp":1543082507,"path_taken":["M","?","M","?","?","R","E","R","T","?","?","M","?","M","R","BOSS","M","?","?","$","?","E","M","M","T","E","?","?","R","M","R","BOSS","M","M","?","$","?","M","R","$","T","M","?","?","M","M","R","BOSS"],"build_version":"2018-11-15","purchased_purges":4,"victory":false,"max_hp_per_floor":[80,80,80,80,80,80,80,80,80,80,80,80,80,80,80,80,80,80,80,80,80,80,80,80,80,80,80,80,80,80,80,80,80,80,80,80,80,80,80,80,80,80,80,80,80,80,80,80,80,80],"card_choices":[{"not_picked":["Perfected Strike","Headbutt"],"picked":"Pommel Strike","floor":1},{"not_picked":["Sword Boomerang","Feel No Pain"],"picked":"Metallicize","floor":3},{"not_picked":["Power Through","Shockwave","True Grit"],"picked":"SKIP","floor":5},{"not_picked":["Twin Strike","Entrench"],"picked":"Clash","floor":7},{"not_picked":["Flex","Pommel Strike"],"picked":"Anger","floor":10},{"not_picked":["Cleave","Thunderclap","Perfected Strike"],"picked":"SKIP","floor":12},{"not_picked":["Havoc","Sword Boomerang","Armaments"],"picked":"SKIP","floor":13},{"not_picked":["Dropkick","Evolve"],"picked":"Rage","floor":14},{"not_picked":["Barricade","Limit Break"],"picked":"Offering","floor":16},{"not_picked":["Shrug It Off+1","Havoc","Battle Trance"],"picked":"SKIP","floor":18},{"not_picked":["Second Wind","Iron Wave"],"picked":"Clash+1","floor":23},{"not_picked":["Bloodletting","Battle Trance","Havoc"],"picked":"SKIP","floor":24},{"not_picked":["Seeing Red","Sentinel","Perfected Strike"],"picked":"SKIP","floor":25},{"not_picked":["Clash+1","Pommel Strike+1","Havoc"],"picked":"SKIP","floor":27},{"not_picked":["Hemokinesis","Blood for Blood"],"picked":"Anger+1","floor":29},{"not_picked":["Havoc","Pommel Strike","Sever Soul"],"picked":"SKIP","floor":31},{"not_picked":["Carnage","Warcry","Rampage"],"picked":"SKIP","floor":35},{"not_picked":["Heavy Blade","Bloodletting+1"],"picked":"Fire Breathing","floor":36},{"not_picked":["Pommel Strike+1","Shrug It Off","Thunderclap"],"picked":"SKIP","floor":37},{"not_picked":["Cleave","Shrug It Off+1","True Grit"],"picked":"SKIP","floor":40},{"not_picked":["Blood for Blood+1","Searing Blow+1","Iron Wave+1"],"picked":"SKIP","floor":44},{"not_picked":["Dropkick","Carnage+1","Headbutt"],"picked":"SKIP","floor":47},{"not_picked":["Armaments+1","Clothesline","Warcry"],"picked":"SKIP","floor":48}],"player_experience":131509,"relics_obtained":[{"floor":7,"key":"Self Forming Clay"},{"floor":9,"key":"Regal Pillow"},{"floor":19,"key":"Enchiridion"},{"floor":22,"key":"Nunchaku"},{"floor":22,"key":"Mummified Hand"},{"floor":23,"key":"Pocketwatch"},{"floor":27,"key":"Magic Flower"},{"floor":43,"key":"Gremlin Horn"}],"event_choices":[{"cards_removed":["Strike_R"],"damage_healed":0,"gold_gain":0,"player_choice":"Forget","damage_taken":0,"max_hp_gain":0,"max_hp_loss":0,"event_name":"Living Wall","floor":2,"gold_loss":0},{"cards_removed":["Strike_R"],"damage_healed":0,"gold_gain":0,"player_choice":"Purged","damage_taken":0,"max_hp_gain":0,"max_hp_loss":0,"event_name":"Purifier","floor":4,"gold_loss":0},{"damage_healed":0,"gold_gain":0,"player_choice":"Searched \u00272\u0027 times","damage_taken":0,"relics_obtained":["Sundial"],"max_hp_gain":0,"max_hp_loss":0,"event_name":"Dead Adventurer","floor":10,"gold_loss":0},{"damage_healed":0,"gold_gain":0,"player_choice":"Obtained Book","damage_taken":16,"max_hp_gain":0,"max_hp_loss":0,"event_name":"Cursed Tome","floor":19,"gold_loss":0},{"damage_healed":0,"gold_gain":0,"player_choice":"Ignored","damage_taken":0,"max_hp_gain":0,"max_hp_loss":0,"event_name":"Ghosts","floor":20,"gold_loss":0},{"damage_healed":0,"gold_gain":0,"player_choice":"Fight","damage_taken":0,"max_hp_gain":0,"max_hp_loss":0,"event_name":"Colosseum","floor":22,"gold_loss":0},{"damage_healed":0,"gold_gain":0,"player_choice":"Fought Nobs","damage_taken":0,"max_hp_gain":0,"max_hp_loss":0,"event_name":"Colosseum","floor":22,"gold_loss":0},{"damage_healed":0,"gold_gain":0,"player_choice":"Ignored","damage_taken":0,"max_hp_gain":0,"max_hp_loss":0,"event_name":"Vampires","floor":28,"gold_loss":0},{"cards_removed":["Defend_R"],"damage_healed":0,"gold_gain":0,"player_choice":"Purged","damage_taken":0,"max_hp_gain":0,"max_hp_loss":0,"event_name":"Purifier","floor":39,"gold_loss":0},{"damage_healed":0,"gold_gain":0,"player_choice":"Cursed","damage_taken":0,"max_hp_gain":0,"max_hp_loss":0,"event_name":"Wheel of Change","floor":46,"gold_loss":0,"cards_obtained":["Decay"]}],"is_beta":false,"boss_relics":[{"not_picked":["Black Star","Ectoplasm"],"picked":"Empty Cage"},{"not_picked":["Orrery","Eternal Feather"],"picked":"Sozu"}],"items_purged_floors":[11,21,38,42],"is_endless":false,"potions_floor_spawned":[3,12,14,16,22,22,25,29,31,35,40,44],"killed_by":"Awakened One","ascension_level":0}