{"gold_per_floor":[114,132,149,13,13,13,39,39,66,101,34,109,136,150,150,245,245,257,257,72,92,103,103,103,161,233,247,273,27,27],"floor_reached":30,"playtime":1924,"items_purged":[],"score":286,"play_id":"df5a9794-1eb0-4c0f-bf7d-f160f03cfd3e","local_time":"20190129205006","is_ascension_mode":false,"campfire_choices":[{"data":"Meteor Strike","floor":6.0,"key":"SMITH"},{"data":"Self Repair","floor":8.0,"key":"SMITH"},{"floor":15.0,"key":"REST"},{"data":"Electrodynamics","floor":23.0,"key":"SMITH"}],"neow_cost":"NONE","seed_source_timestamp":28305839987116,"circlet_count":0,"master_deck":["Strike_B","Strike_B","Strike_B","Strike_B","Defend_B","Defend_B","Defend_B","Defend_B","Zap","Dualcast","Cold Snap","Self Repair+1","Capacitor","Meteor Strike+1","Doom and Gloom","Static Discharge","Auto Shields","Electrodynamics+1","Cold Snap","Conserve Battery","Echo Form","Defragment","Glacier","Turbo","Core Surge"],"special_seed":0,"relics":["Cracked Core","NeowsBlessing","Oddly Smooth Stone","Bottled Tornado","Vajra","Inserter","Nloth\u0027s Gift","Regal Pillow","MutagenicStrength","Tiny Chest","Bottled Lightning","Art of War","Matryoshka"],"potions_floor_usage":[],"damage_taken":[{"damage":0.0,"enemies":"Cultist","floor":1.0,"turns":1.0},{"damage":0.0,"enemies":"Jaw Worm","floor":2.0,"turns":1.0},{"damage":0.0,"enemies":"2 Louse","floor":3.0,"turns":1.0},{"damage":26.0,"enemies":"Gremlin Nob","floor":7.0,"turns":4.0},{"damage":29.0,"enemies":"3 Sentries","floor":10.0,"turns":6.0},{"damage":9.0,"enemies":"Lagavulin","floor":13.0,"turns":9.0},{"damage":10.0,"enemies":"Blue Slaver","floor":14.0,"turns":5.0},{"damage":29.0,"enemies":"Slime Boss","floor":16.0,"turns":9.0},{"damage":24.0,"enemies":"Shell Parasite","floor":18.0,"turns":9.0},{"damage":20.0,"enemies":"Chosen","floor":21.0,"turns":5.0},{"damage":8.0,"enemies":"Centurion and Healer","floor":22.0,"turns":12.0},{"damage":62.0,"enemies":"Slavers","floor":25.0,"turns":5.0},{"damage":18.0,"enemies":"Shelled Parasite and Fungi","floor":27.0,"turns":9.0},{"damage":20.0,"enemies":"Gremlin Leader","floor":28.0,"turns":9.0},{"damage":24,"enemies":"Cultist and Chosen","floor":30,"turns":4}],"seed_played":"510563148545324298","potions_obtained":[{"floor":1.0,"key":"Fire Potion"},{"floor":2.0,"key":"Explosive Potion"},{"floor":18.0,"key":"SteroidPotion"},{"floor":25.0,"key":"Weak Potion"}],"is_trial":false,"path_per_floor":["M","M","M","$","?","R","E","R","T","E","$","?","E","M","R","B",null,"M","?","$","M","M","R","?","E","T","M","E","$","M"],"character_chosen":"DEFECT","items_purchased":["Meteor Strike","Auto Shields","Defragment","Regal Pillow","Matryoshka"],"campfire_rested":1,"item_purchase_floors":[4,11,20,20,29],"current_hp_per_floor":[75,75,75,75,75,75,56,56,56,37,37,26,27,27,49,20,75,61,61,61,61,73,73,73,31,31,23,13,13,0],"gold":27,"neow_bonus":"THREE_ENEMY_KILL","is_prod":false,"is_daily":false,"chose_seed":false,"campfire_upgraded":3,"win_rate":0,"timestamp":1548791406,"path_taken":["M","?","M","$","?","R","E","R","T","E","?","?","E","M","R","BOSS","M","?","$","M","?","R","?","E","T","M","E","?","M"],"build_version":"2019-01-23","purchased_purges":0,"victory":false,"max_hp_per_floor":[75,75,75,75,75,75,75,75,75,75,75,75,75,75,75,75,75,75,75,75,75,75,75,75,75,75,75,75,75,75],"card_choices":[{"not_picked":["Double Energy","Turbo"],"picked":"Cold Snap","floor":1.0},{"not_picked":["Redo","Stack"],"picked":"Self Repair","floor":2.0},{"not_picked":["Steam","Redo"],"picked":"Capacitor","floor":3.0},{"not_picked":["Blizzard","Stack"],"picked":"Doom and Gloom","floor":7.0},{"not_picked":["Loop","Coolheaded"],"picked":"Static Discharge","floor":10.0},{"not_picked":["Consume","Lockon"],"picked":"Electrodynamics","floor":13.0},{"not_picked":["Turbo","Leap"],"picked":"Cold Snap","floor":14.0},{"not_picked":["Rebound","Consume"],"picked":"Conserve Battery","floor":15.0},{"not_picked":["Core Surge","Multi-Cast"],"picked":"Echo Form","floor":16.0},{"not_picked":["Lockon","Gash","Go for the Eyes"],"picked":"SKIP","floor":18.0},{"not_picked":["Rebound","Ball Lightning+1"],"picked":"Glacier","floor":21.0},{"not_picked":["Compile Driver","Multi-Cast"],"picked":"Turbo","floor":22.0},{"not_picked":["Compile Driver","Gash","Reprogram"],"picked":"SKIP","floor":25.0},{"not_picked":["Conserve Battery","Go for the Eyes","Streamline"],"picked":"SKIP","floor":27.0},{"not_picked":["Recycle+1","All For One"],"picked":"Core Surge","floor":28.0}],"player_experience":224829,"relics_obtained":[{"floor":7.0,"key":"Dream Catcher"},{"floor":9.0,"key":"Oddly Smooth Stone"},{"floor":10.0,"key":"Bottled Tornado"},{"floor":13.0,"key":"Vajra"},{"floor":25.0,"key":"Tiny Chest"},{"floor":26.0,"key":"Bottled Lightning"},{"floor":28.0,"key":"Art of War"}],"event_choices":[{"damage_healed":0.0,"max_hp_gain":0.0,"max_hp_loss":0.0,"gold_gain":0.0,"event_name":"The Cleric","player_choice":"Leave","floor":5.0,"gold_loss":0.0,"damage_taken":0.0},{"damage_healed":0.0,"max_hp_gain":0.0,"max_hp_loss":0.0,"gold_gain":75.0,"event_name":"World of Goop","player_choice":"Gather Gold","floor":12.0,"gold_loss":0.0,"damage_taken":11.0},{"damage_healed":0.0,"max_hp_gain":0.0,"max_hp_loss":0.0,"gold_gain":0.0,"event_name":"N\u0027loth","player_choice":"Traded Relic","floor":19.0,"relics_lost":["Dream Catcher"],"gold_loss":0.0,"damage_taken":0.0,"relics_obtained":["Nloth\u0027s Gift"]},{"damage_healed":0.0,"max_hp_gain":0.0,"max_hp_loss":0.0,"gold_gain":0.0,"event_name":"Drug Dealer","player_choice":"Inject Mutagens","floor":24.0,"gold_loss":0.0,"damage_taken":0.0,"relics_obtained":["MutagenicStrength"]}],"is_beta":false,"boss_relics":[{"not_picked":["Astrolabe","Cursed Key"],"picked":"Inserter"}],"items_purged_floors":[],"is_endless":false,"potions_floor_spawned":[1,2,18,25],"killed_by":"Cultist and Chosen","ascension_level":0}