{"gold_per_floor":[118,68,18,38,38,79,79,99,99,99,112,112,137,412,412,541,604,629,629,17,33,49,49,49],"floor_reached":24,"playtime":1230,"items_purged":[],"score":196,"play_id":"38f20fa4-e770-4669-bc16-2416f20fd036","local_time":"20190422133805","is_ascension_mode":false,"campfire_choices":[{"floor":7,"key":"REST"},{"floor":15,"key":"REST"},{"data":"Anger","floor":23,"key":"SMITH"}],"neow_cost":"NONE","seed_source_timestamp":636039552567143,"circlet_count":0,"master_deck":["Strike_R","Strike_R","Strike_R","Defend_R","Defend_R+1","Defend_R","Defend_R","Bash","Fire Breathing","Anger+1","Thunderclap","Cleave","Carnage","Juggernaut","Shrug It Off","Infernal Blade+1","Ghostly Armor+1"],"relics":["Runic Pyramid","Golden Idol","Blue Candle","Kunai","Tiny House","FossilizedHelix","Torii"],"potions_floor_usage":[16,18,22,22],"damage_taken":[{"damage":4,"enemies":"Small Slimes","floor":1,"turns":5},{"damage":7,"enemies":"2 Louse","floor":4,"turns":2},{"damage":27,"enemies":"Lagavulin","floor":6,"turns":6},{"damage":1,"enemies":"Cultist","floor":8,"turns":3},{"damage":9,"enemies":"Blue Slaver","floor":11,"turns":3},{"damage":0,"enemies":"Large Slime","floor":13,"turns":3},{"damage":30,"enemies":"The Guardian","floor":16,"turns":12},{"damage":19,"enemies":"2 Thieves","floor":18,"turns":4},{"damage":10,"enemies":"3 Byrds","floor":21,"turns":4},{"damage":8,"enemies":"Sentry and Sphere","floor":22,"turns":9},{"damage":52,"enemies":"Book of Stabbing","floor":24,"turns":6}],"seed_played":"-1174621488353142703","potions_obtained":[{"floor":1,"key":"SpeedPotion"},{"floor":4,"key":"Ancient Potion"},{"floor":10,"key":"EssenceOfSteel"},{"floor":10,"key":"Dexterity Potion"},{"floor":13,"key":"AttackPotion"},{"floor":17,"key":"AttackPotion"},{"floor":18,"key":"Ancient Potion"}],"is_trial":false,"path_per_floor":["M","?","$","M","?","E","R","M","T","?","M","?","M","?","R","B",null,"M","?","$","M","M","R","E"],"character_chosen":"IRONCLAD","items_purchased":["Anger","FossilizedHelix","Torii"],"campfire_rested":2,"item_purchase_floors":[3,20,20],"current_hp_per_floor":[76,76,76,69,49,22,46,45,45,45,36,29,29,29,53,23,85,66,66,66,56,48,48,0],"gold":49,"neow_bonus":"BOSS_RELIC","is_prod":false,"is_daily":false,"chose_seed":false,"campfire_upgraded":1,"win_rate":0,"timestamp":1555933085,"path_taken":["M","?","$","M","?","E","R","M","T","?","?","?","M","?","R","BOSS","M","?","$","M","?","R","E"],"build_version":"2019-01-23","purchased_purges":0,"victory":false,"max_hp_per_floor":[80,80,80,80,80,80,80,80,80,80,80,80,80,80,80,80,85,85,85,85,85,85,85,85],"card_choices":[{"not_picked":["Corruption","Flex"],"picked":"Fire Breathing","floor":1},{"not_picked":["Corruption","Shrug It Off"],"picked":"Thunderclap","floor":4},{"not_picked":["Iron Wave","Headbutt"],"picked":"Cleave","floor":6},{"not_picked":["True Grit","Burning Pact","Power Through"],"picked":"SKIP","floor":8},{"not_picked":["Anger","Combust"],"picked":"Carnage","floor":11},{"not_picked":["Flex","Pommel Strike","Sword Boomerang"],"picked":"SKIP","floor":13},{"not_picked":["Berserk","Dark Embrace"],"picked":"Juggernaut","floor":16},{"not_picked":["Sentinel","Perfected Strike"],"picked":"Shrug It Off","floor":17},{"not_picked":["Disarm+1","Twin Strike"],"picked":"Infernal Blade+1","floor":18},{"not_picked":["Iron Wave","Anger"],"picked":"Ghostly Armor+1","floor":21},{"not_picked":["Body Slam","Intimidate","Dropkick+1"],"picked":"SKIP","floor":22}],"player_experience":256944,"relics_obtained":[{"floor":6,"key":"Blue Candle"},{"floor":9,"key":"Kunai"}],"event_choices":[{"cards_removed":["Strike_R"],"damage_healed":0,"gold_gain":0,"player_choice":"Card Removal","damage_taken":0,"max_hp_gain":0,"max_hp_loss":0,"event_name":"The Cleric","floor":2,"gold_loss":50},{"damage_healed":0,"gold_gain":0,"player_choice":"Take Damage","damage_taken":20,"relics_obtained":["Golden Idol"],"max_hp_gain":0,"max_hp_loss":0,"event_name":"Golden Idol","floor":5,"gold_loss":0},{"damage_healed":0,"gold_gain":0,"player_choice":"Got Potions","damage_taken":0,"max_hp_gain":0,"max_hp_loss":0,"event_name":"Lab","floor":10,"gold_loss":0},{"cards_removed":["Strike_R"],"damage_healed":0,"gold_gain":0,"player_choice":"Card Removal","damage_taken":7,"max_hp_gain":0,"max_hp_loss":0,"event_name":"Golden Wing","floor":12,"gold_loss":0},{"damage_healed":0,"gold_gain":275,"player_choice":"Desecrate","damage_taken":0,"max_hp_gain":0,"max_hp_loss":0,"event_name":"Golden Shrine","floor":14,"gold_loss":0,"cards_obtained":["Regret"]},{"cards_removed":["Regret"],"damage_healed":0,"gold_gain":0,"player_choice":"Purged","damage_taken":0,"max_hp_gain":0,"max_hp_loss":0,"event_name":"Purifier","floor":19,"gold_loss":0}],"is_beta":false,"boss_relics":[{"not_picked":["Orrery","Coffee Dripper"],"picked":"Tiny House"}],"items_purged_floors":[],"is_endless":false,"potions_floor_spawned":[1,4,13,18],"killed_by":"Book of Stabbing","ascension_level":0}