{"gold_per_floor":[111,33,33,33,53,53,68,84,84,84,84,97,22,39,39,117,117,129,139,54,78,78,78,91,91,142,65,95,95,112,112],"floor_reached":31,"playtime":1373,"items_purged":["Strike_B"],"score":478,"play_id":"6f1fbec8-fdfd-4a49-b132-ab16bde36f84","local_time":"20190528160508","is_ascension_mode":true,"campfire_choices":[{"data":"Zap","floor":6,"key":"SMITH"},{"floor":11,"key":"REST"},{"floor":15,"key":"REST"},{"floor":23,"key":"REST"},{"data":"Ghostly","floor":25,"key":"SMITH"},{"floor":29,"key":"REST"}],"neow_cost":"PERCENT_DAMAGE","seed_source_timestamp":259462241213444,"circlet_count":0,"master_deck":["AscendersBane","Strike_B","Strike_B","Strike_B","Defend_B","Defend_B","Defend_B","Defend_B","Zap+1","Dualcast","Electrodynamics","Loop","Pain","BootSequence","Compile Driver","Tempest","Genetic Algorithm","Core Surge","Steam","White Noise","White Noise","Fusion","Go for the Eyes","Core Surge","Conserve Battery+1","Ghostly","Ghostly","Ghostly+1","Steam","Defragment","Static Discharge","White Noise","Heatsinks"],"relics":["Cracked Core","Sundial","WarpedTongs","Matryoshka","Orrery","Dodecahedron","Happy Flower","Dream Catcher","Mercury Hourglass","Ancient Tea Set","Pear"],"potions_floor_usage":[16,24,30,31],"damage_taken":[{"damage":2,"enemies":"2 Louse","floor":1,"turns":2},{"damage":7,"enemies":"Cultist","floor":5,"turns":3},{"damage":5,"enemies":"Jaw Worm","floor":7,"turns":3},{"damage":10,"enemies":"Gremlin Gang","floor":8,"turns":2},{"damage":21,"enemies":"Large Slime","floor":12,"turns":4},{"damage":4,"enemies":"Exordium Wildlife","floor":14,"turns":2},{"damage":24,"enemies":"The Guardian","floor":16,"turns":10},{"damage":20,"enemies":"Chosen","floor":18,"turns":6},{"damage":35,"enemies":"Shell Parasite","floor":19,"turns":7},{"damage":11,"enemies":"Snake Plant","floor":24,"turns":6},{"damage":6,"enemies":"Gremlin Leader","floor":28,"turns":6},{"damage":11,"enemies":"Snecko","floor":30,"turns":6},{"damage":30,"enemies":"Shelled Parasite and Fungi","floor":31,"turns":3}],"seed_played":"-3798311911463603391","potions_obtained":[{"floor":5,"key":"Explosive Potion"},{"floor":14,"key":"Swift Potion"},{"floor":18,"key":"Regen Potion"},{"floor":24,"key":"SneckoOil"}],"is_trial":false,"path_per_floor":["M","$","?","?","M","R","M","M","T","?","R","M","$","M","R","B",null,"M","M","?","T","?","R","M","R","T","$","E","R","M","M"],"character_chosen":"DEFECT","items_purchased":["Loop","Static Discharge"],"campfire_rested":4,"item_purchase_floors":[2,27],"current_hp_per_floor":[44,44,39,39,32,32,27,17,17,17,38,17,17,13,34,10,56,36,1,1,1,1,11,15,15,15,15,19,32,21,0],"gold":112,"neow_bonus":"THREE_RARE_CARDS","is_prod":false,"is_daily":false,"chose_seed":false,"campfire_upgraded":2,"win_rate":0,"timestamp":1559084708,"path_taken":["M","$","?","?","M","R","M","?","T","?","R","M","?","M","R","BOSS","M","?","?","?","?","R","M","R","T","?","E","R","?","M"],"build_version":"2019-01-23","purchased_purges":1,"victory":false,"max_hp_per_floor":[71,71,71,71,71,71,71,71,71,71,71,71,71,71,71,71,71,71,71,71,71,35,35,35,35,35,35,45,45,45,45],"card_choices":[{"not_picked":["Core Surge","Multi-Cast"],"picked":"Electrodynamics","floor":0},{"not_picked":["Hologram","Rebound","Turbo"],"picked":"SKIP","floor":1},{"not_picked":["Doom and Gloom","Go for the Eyes"],"picked":"BootSequence","floor":5},{"not_picked":["Darkness","Double Energy"],"picked":"Compile Driver","floor":7},{"not_picked":["Go for the Eyes","Hologram","Streamline"],"picked":"SKIP","floor":8},{"not_picked":["Gash","Rebound"],"picked":"Tempest","floor":12},{"not_picked":["Rebound","Redo"],"picked":"Genetic Algorithm","floor":14},{"not_picked":["Biased Cognition","Hyperbeam"],"picked":"Core Surge","floor":16},{"not_picked":["Hologram","Rebound"],"picked":"Steam","floor":17},{"not_picked":["Lockon","FTL"],"picked":"White Noise","floor":17},{"not_picked":["Lockon","Darkness"],"picked":"White Noise","floor":17},{"not_picked":["Coolheaded","Rebound"],"picked":"Fusion","floor":17},{"not_picked":["Streamline","Auto Shields"],"picked":"Go for the Eyes","floor":17},{"not_picked":["FTL","Hello World"],"picked":"Core Surge","floor":18},{"not_picked":["Redo","Self Repair"],"picked":"Conserve Battery+1","floor":19},{"not_picked":["Heatsinks","Rebound"],"picked":"Steam","floor":23},{"not_picked":["Redo","Leap+1"],"picked":"Defragment","floor":24},{"not_picked":["FTL","Sweeping Beam+1"],"picked":"White Noise","floor":28},{"not_picked":["Auto Shields","Capacitor"],"picked":"Heatsinks","floor":29},{"not_picked":["Recycle","Beam Cell","Chaos"],"picked":"SKIP","floor":30}],"player_experience":797943,"relics_obtained":[{"floor":9,"key":"Matryoshka"},{"floor":21,"key":"Happy Flower"},{"floor":21,"key":"Dream Catcher"},{"floor":26,"key":"Mercury Hourglass"},{"floor":26,"key":"Ancient Tea Set"},{"floor":28,"key":"Pear"}],"event_choices":[{"damage_healed":0,"gold_gain":0,"player_choice":"Success","damage_taken":5,"relics_obtained":["Sundial"],"max_hp_gain":0,"max_hp_loss":0,"event_name":"Scrap Ooze","floor":3,"gold_loss":0},{"damage_healed":0,"gold_gain":0,"player_choice":"Rummage","damage_taken":0,"relics_obtained":["WarpedTongs"],"max_hp_gain":0,"max_hp_loss":0,"event_name":"Accursed Blacksmith","floor":4,"gold_loss":0,"cards_obtained":["Pain"]},{"damage_healed":0,"gold_gain":0,"player_choice":"Searched \u00270\u0027 times","damage_taken":0,"max_hp_gain":0,"max_hp_loss":0,"event_name":"Dead Adventurer","floor":10,"gold_loss":0},{"damage_healed":0,"gold_gain":0,"player_choice":"Obtained Relic","damage_taken":0,"relics_obtained":["Dodecahedron"],"max_hp_gain":0,"max_hp_loss":0,"event_name":"Addict","floor":20,"gold_loss":85},{"damage_healed":0,"gold_gain":0,"player_choice":"Became a Ghost","damage_taken":0,"max_hp_gain":0,"max_hp_loss":36,"event_name":"Ghosts","floor":22,"gold_loss":0,"cards_obtained":["Ghostly","Ghostly","Ghostly"]}],"is_beta":false,"boss_relics":[{"not_picked":["Philosopher\u0027s Stone","Busted Crown"],"picked":"Orrery"}],"items_purged_floors":[13],"is_endless":false,"potions_floor_spawned":[5,14,18,24],"killed_by":"Shelled Parasite and Fungi","ascension_level":19}