{"gold_per_floor":[115,115,129,129,148,191,214,238,238,238,238,276,347,361,361,487,487,505,494,325,424,445,445,460,504,504,504,517,542,542,239,239,358,358,372,396,414,414,427,277,302,315,362,362,342,363,376,397,397,397,397,397,98,141,141],"floor_reached":55,"playtime":3070,"items_purged":["Strike_B","Defend_B"],"score":695,"play_id":"5f98d685-c6e5-4242-948f-9f32cb23cf87","local_time":"20190319225812","is_ascension_mode":false,"campfire_choices":[{"data":"Glacier","floor":11,"key":"SMITH"},{"floor":15,"key":"REST"},{"data":"Glacier","floor":23,"key":"SMITH"},{"floor":30,"key":"REST"},{"floor":32,"key":"REST"},{"floor":44,"key":"REST"},{"floor":49,"key":"RECALL"},{"data":"Panacea","floor":52,"key":"SMITH"}],"neow_cost":"NONE","seed_source_timestamp":521862064143759,"circlet_count":0,"master_deck":["Strike_B","Strike_B","Strike_B+1","Defend_B","Defend_B","Defend_B","Zap+1","Dualcast","Blind","Gash","Gash+1","Skim","Glacier+1","Blizzard+1","Sunder","Glacier+1","Consume","Seek","Panacea+1","Defragment+1","Cold Snap","Coolheaded","Gash","Ball Lightning","Blizzard+1","Reboot","Beam Cell+1","Glacier","White Noise","Double Energy+1","Self Repair","Coolheaded+1","Reboot","Darkness","Coolheaded+1"],"relics":["FrozenCore","Golden Idol","DataDisk","Happy Flower","Odd Mushroom","Whetstone","Shuriken","StoneCalendar","DollysMirror","Inserter","Regal Pillow","Art of War","Bottled Flame"],"potions_floor_usage":[16,16,41,42,50,54,55],"damage_taken":[{"damage":3,"enemies":"Jaw Worm","floor":1,"turns":4},{"damage":5,"enemies":"2 Louse","floor":3,"turns":2},{"damage":0,"enemies":"Small Slimes","floor":5,"turns":2},{"damage":17,"enemies":"Gremlin Nob","floor":6,"turns":4},{"damage":0,"enemies":"Exordium Wildlife","floor":7,"turns":4},{"damage":1,"enemies":"The Mushroom Lair","floor":12,"turns":4},{"damage":8,"enemies":"Gremlin Nob","floor":13,"turns":4},{"damage":0,"enemies":"Large Slime","floor":14,"turns":4},{"damage":3,"enemies":"The Guardian","floor":16,"turns":12},{"damage":16,"enemies":"Spheric Guardian","floor":18,"turns":7},{"damage":11,"enemies":"2 Thieves","floor":19,"turns":4},{"damage":3,"enemies":"Centurion and Healer","floor":22,"turns":11},{"damage":9,"enemies":"Snake Plant","floor":24,"turns":7},{"damage":31,"enemies":"Gremlin Leader","floor":25,"turns":9},{"damage":0,"enemies":"Sentry and Sphere","floor":28,"turns":7},{"damage":0,"enemies":"Cultist and Chosen","floor":29,"turns":7},{"damage":14,"enemies":"Champ","floor":33,"turns":14},{"damage":53,"enemies":"3 Darklings","floor":35,"turns":5},{"damage":7,"enemies":"Orb Walker","floor":36,"turns":4},{"damage":4,"enemies":"3 Darklings","floor":37,"turns":6},{"damage":0,"enemies":"Writhing Mass","floor":39,"turns":8},{"damage":3,"enemies":"Maw","floor":41,"turns":8},{"damage":19,"enemies":"Transient","floor":42,"turns":5},{"damage":0,"enemies":"Jaw Worm Horde","floor":46,"turns":6},{"damage":4,"enemies":"Sphere and 2 Shapes","floor":47,"turns":6},{"damage":10,"enemies":"Maw","floor":48,"turns":8},{"damage":9,"enemies":"Time Eater","floor":50,"turns":15},{"damage":75,"enemies":"Shield and Spear","floor":54,"turns":8},{"damage":49,"enemies":"The Heart","floor":55,"turns":5}],"seed_played":"1561064846721919749","potions_obtained":[{"floor":6,"key":"Dexterity Potion"},{"floor":13,"key":"Dexterity Potion"},{"floor":22,"key":"SpeedPotion"},{"floor":24,"key":"Weak Potion"},{"floor":28,"key":"FairyPotion"},{"floor":42,"key":"Strength Potion"},{"floor":45,"key":"Swift Potion"},{"floor":46,"key":"FocusPotion"}],"is_trial":false,"path_per_floor":["M","?","M","?","M","E","M","T","T","?","R","?","?","M","R","B",null,"M","M","$","?","M","R","M","E","T","?","M","M","R","$","R","B",null,"M","M","M","$","M","$","M","M","T","R","?","M","M","M","R","B",null,"R","$","E","B"],"character_chosen":"DEFECT","items_purchased":["Panacea","DollysMirror","Self Repair","Regen Potion","Darkness","Art of War","GamblersBrew"],"campfire_rested":4,"item_purchase_floors":[20,31,40,40,53,53,53],"current_hp_per_floor":[72,57,52,34,34,17,17,17,17,22,22,21,13,13,37,34,80,64,53,53,53,50,50,41,10,10,10,10,10,34,34,58,44,80,27,20,16,16,16,16,35,16,16,55,55,62,65,62,62,53,80,80,80,5,0],"gold":141,"neow_bonus":"RANDOM_COLORLESS","is_prod":false,"is_daily":false,"chose_seed":false,"campfire_upgraded":3,"win_rate":0,"timestamp":1553003892,"path_taken":["M","?","M","?","?","E","M","?","T","?","R","?","?","M","R","BOSS","M","M","$","?","M","R","M","E","T","?","M","M","R","$","R","BOSS","M","M","M","$","M","$","M","M","T","R","?","M","?","M","R","BOSS","R","$","E","BOSS"],"build_version":"2019-01-23","purchased_purges":2,"victory":false,"max_hp_per_floor":[75,75,75,75,75,75,75,75,75,80,80,80,80,80,80,80,80,80,80,80,80,80,80,80,80,80,80,80,80,80,80,80,80,80,80,80,80,80,80,80,80,80,80,80,80,80,80,80,80,80,80,80,80,80,80],"card_choices":[{"not_picked":["Double Energy","Storm"],"picked":"Gash","floor":1},{"not_picked":["Ball Lightning","Recycle"],"picked":"Gash","floor":3},{"not_picked":["Hologram","Cold Snap"],"picked":"Skim","floor":5},{"not_picked":["Amplify","Thunder Strike"],"picked":"Glacier","floor":6},{"not_picked":["Cold Snap","Stack"],"picked":"Blizzard","floor":7},{"not_picked":["Conserve Battery","Streamline"],"picked":"Sunder","floor":12},{"not_picked":["Streamline","Hologram"],"picked":"Glacier","floor":13},{"not_picked":["Chaos","Rebound"],"picked":"Consume","floor":14},{"not_picked":["Creative AI","Hyperbeam"],"picked":"Seek","floor":16},{"not_picked":["Hologram","Compile Driver","Steam"],"picked":"SKIP","floor":18},{"not_picked":["Hello World","Go for the Eyes","Streamline+1"],"picked":"SKIP","floor":19},{"not_picked":["Skim","Cold Snap"],"picked":"Defragment+1","floor":22},{"not_picked":["Compile Driver","Tempest"],"picked":"Cold Snap","floor":24},{"not_picked":["Sunder","Darkness"],"picked":"Coolheaded","floor":25},{"not_picked":["Sweeping Beam","Rainbow"],"picked":"Gash","floor":28},{"not_picked":["Go for the Eyes","Loop"],"picked":"Ball Lightning","floor":29},{"not_picked":["Meteor Strike","Buffer"],"picked":"Reboot","floor":33},{"not_picked":["Sweeping Beam+1","Compile Driver+1"],"picked":"Beam Cell+1","floor":35},{"not_picked":["Compile Driver","Barrage"],"picked":"Glacier","floor":36},{"not_picked":["Steam Power+1","Tempest+1"],"picked":"White Noise","floor":37},{"not_picked":["Beam Cell","Lockon+1"],"picked":"Double Energy+1","floor":39},{"not_picked":["Go for the Eyes+1","Cold Snap+1"],"picked":"Coolheaded+1","floor":41},{"not_picked":["Undo","Compile Driver+1","Sunder+1"],"picked":"SKIP","floor":42},{"not_picked":["Barrage","Hologram"],"picked":"Reboot","floor":46},{"not_picked":["Hologram","Rip and Tear","Cold Snap+1"],"picked":"SKIP","floor":47},{"not_picked":["Chaos","Leap+1","Coolheaded+1"],"picked":"SKIP","floor":48},{"not_picked":["Barrage","Compile Driver"],"picked":"Coolheaded+1","floor":54}],"player_experience":333297,"relics_obtained":[{"floor":6,"key":"DataDisk"},{"floor":8,"key":"Happy Flower"},{"floor":12,"key":"Odd Mushroom"},{"floor":13,"key":"Whetstone"},{"floor":25,"key":"Shuriken"},{"floor":26,"key":"StoneCalendar"},{"floor":43,"key":"Regal Pillow"},{"floor":54,"key":"Bottled Flame"}],"event_choices":[{"damage_healed":0,"gold_gain":0,"player_choice":"Entered Light","damage_taken":15,"max_hp_gain":0,"max_hp_loss":0,"event_name":"Shining Light","floor":2,"gold_loss":0,"cards_upgraded":["Strike_B","Zap"]},{"damage_healed":0,"gold_gain":0,"player_choice":"Take Damage","damage_taken":18,"relics_obtained":["Golden Idol"],"max_hp_gain":0,"max_hp_loss":0,"event_name":"Golden Idol","floor":4,"gold_loss":0},{"damage_healed":0,"gold_gain":0,"player_choice":"Donut","damage_taken":0,"max_hp_gain":5,"max_hp_loss":0,"event_name":"Big Fish","floor":10,"gold_loss":0},{"damage_healed":0,"gold_gain":0,"player_choice":"Fought Mushrooms","damage_taken":0,"max_hp_gain":0,"max_hp_loss":0,"event_name":"Mushrooms","floor":12,"gold_loss":0},{"damage_healed":0,"gold_gain":0,"player_choice":"Searched \u00272\u0027 times","damage_taken":0,"max_hp_gain":0,"max_hp_loss":0,"event_name":"Dead Adventurer","floor":13,"gold_loss":0},{"damage_healed":0,"gold_gain":99,"player_choice":"Stole From Cult","damage_taken":0,"max_hp_gain":0,"max_hp_loss":0,"event_name":"Nest","floor":21,"gold_loss":0},{"damage_healed":0,"gold_gain":0,"player_choice":"Ignored","damage_taken":0,"max_hp_gain":0,"max_hp_loss":0,"event_name":"Vampires","floor":27,"gold_loss":0},{"damage_healed":0,"gold_gain":0,"player_choice":"Bought 1 Potion","damage_taken":0,"max_hp_gain":0,"max_hp_loss":0,"event_name":"The Woman in Blue","floor":45,"gold_loss":0}],"is_beta":false,"boss_relics":[{"not_picked":["Coffee Dripper","Astrolabe"],"picked":"FrozenCore"},{"not_picked":["Lizard Tail","Velvet Choker"],"picked":"Inserter"}],"items_purged_floors":[20,31],"is_endless":false,"potions_floor_spawned":[6,13,22,24,28,35,37,42,46,47],"killed_by":"The Heart","ascension_level":0}