{"gold_per_floor":[118,132,144,158,158,158,184,259,314,314,342,362,362,382,382,478,478,491,506,524,542,54,54],"floor_reached":23,"playtime":1338,"items_purged":["Strike_B"],"score":306,"play_id":"99cc7cf8-eab5-454f-baa2-16813544deb9","local_time":"20190504181107","is_ascension_mode":true,"campfire_choices":[{"floor":6,"key":"REST"},{"floor":10,"key":"REST"},{"data":"Creative AI","floor":15,"key":"SMITH"}],"neow_cost":"NONE","seed_source_timestamp":16149644727700,"circlet_count":0,"master_deck":["Strike_B","Strike_B","Strike_B","Defend_B","Defend_B","Defend_B","Defend_B","Zap","Dualcast","Go for the Eyes","Beam Cell","Creative AI+1","Loop","Machine Learning","Coolheaded+1","Consume","Defragment","Apotheosis"],"relics":["Cracked Core","Boot","Symbiotic Virus","Ancient Tea Set","Bag of Marbles","Happy Flower","Sozu","Oddly Smooth Stone"],"potions_floor_usage":[11,16,20,23,23],"damage_taken":[{"damage":0,"enemies":"Small Slimes","floor":1,"turns":2},{"damage":0,"enemies":"2 Louse","floor":2,"turns":2},{"damage":7,"enemies":"Cultist","floor":3,"turns":4},{"damage":15,"enemies":"Large Slime","floor":4,"turns":5},{"damage":25,"enemies":"Lagavulin","floor":7,"turns":6},{"damage":32,"enemies":"3 Sentries","floor":11,"turns":6},{"damage":5,"enemies":"2 Fungi Beasts","floor":12,"turns":3},{"damage":9,"enemies":"Looter","floor":14,"turns":3},{"damage":0,"enemies":"Slime Boss","floor":16,"turns":5},{"damage":3,"enemies":"Chosen","floor":18,"turns":4},{"damage":19,"enemies":"3 Byrds","floor":19,"turns":4},{"damage":24,"enemies":"Snecko","floor":20,"turns":7},{"damage":23,"enemies":"Cultist and Chosen","floor":21,"turns":5},{"damage":9,"enemies":"Slavers","floor":23,"turns":1}],"seed_played":"-1337664845143421392","potions_obtained":[{"floor":2,"key":"SkillPotion"},{"floor":7,"key":"Strength Potion"},{"floor":11,"key":"PowerPotion"},{"floor":12,"key":"Dexterity Potion"},{"floor":16,"key":"SkillPotion"}],"is_trial":false,"path_per_floor":["M","M","M","M","?","R","E","?","T","R","E","M","?","M","R","B",null,"M","M","M","M","$","E"],"character_chosen":"DEFECT","items_purchased":["Defragment","Apotheosis","Oddly Smooth Stone"],"campfire_rested":2,"item_purchase_floors":[22,22,22],"current_hp_per_floor":[75,75,75,67,25,47,29,18,18,40,15,10,75,66,66,66,75,72,53,29,6,6,0],"gold":54,"neow_bonus":"RANDOM_COMMON_RELIC","is_prod":false,"is_daily":false,"chose_seed":false,"campfire_upgraded":1,"win_rate":0,"timestamp":1557007867,"path_taken":["M","M","M","M","?","R","E","?","T","R","E","M","?","M","R","BOSS","M","?","M","M","$","E"],"build_version":"2019-01-23","purchased_purges":1,"victory":false,"max_hp_per_floor":[75,75,75,75,75,75,75,75,75,75,75,75,75,75,75,75,75,75,75,75,75,75,75],"card_choices":[{"not_picked":["Streamline","Barrage"],"picked":"Go for the Eyes","floor":1},{"not_picked":["Stack","Auto Shields"],"picked":"Self Repair","floor":2},{"not_picked":["Hologram","Double Energy"],"picked":"Beam Cell","floor":3},{"not_picked":["Turbo","Compile Driver","Hologram"],"picked":"SKIP","floor":4},{"not_picked":["Core Surge","Barrage"],"picked":"Creative AI","floor":7},{"not_picked":["Storm","Compile Driver"],"picked":"Loop","floor":11},{"not_picked":["Steam Power","Streamline","Tempest"],"picked":"SKIP","floor":12},{"not_picked":["Barrage","Hologram","Gash"],"picked":"SKIP","floor":14},{"not_picked":["Buffer","All For One"],"picked":"Machine Learning","floor":16},{"not_picked":["Lockon","Sunder","Stack"],"picked":"SKIP","floor":18},{"not_picked":["Darkness","Ball Lightning","Rebound"],"picked":"SKIP","floor":19},{"not_picked":["BootSequence+1","Aggregate"],"picked":"Coolheaded+1","floor":20},{"not_picked":["Go for the Eyes","Meteor Strike"],"picked":"Consume","floor":21}],"player_experience":728849,"relics_obtained":[{"floor":7,"key":"Ancient Tea Set"},{"floor":9,"key":"Bag of Marbles"},{"floor":11,"key":"Happy Flower"}],"event_choices":[{"damage_healed":0,"gold_gain":0,"player_choice":"Success","damage_taken":42,"relics_obtained":["Symbiotic Virus"],"max_hp_gain":0,"max_hp_loss":0,"event_name":"Scrap Ooze","floor":5,"gold_loss":0},{"damage_healed":0,"gold_gain":75,"player_choice":"Gather Gold","damage_taken":11,"max_hp_gain":0,"max_hp_loss":0,"event_name":"World of Goop","floor":8,"gold_loss":0},{"cards_removed":["Self Repair"],"damage_healed":65,"gold_gain":0,"player_choice":"Offered Uncommon","damage_taken":0,"max_hp_gain":0,"max_hp_loss":0,"event_name":"Bonfire Elementals","floor":13,"gold_loss":0}],"is_beta":false,"boss_relics":[{"not_picked":["Cursed Key","Calling Bell"],"picked":"Sozu"}],"items_purged_floors":[22],"is_endless":false,"potions_floor_spawned":[2,7,11,12,16,20,21],"killed_by":"Slavers","ascension_level":4}