{"gold_per_floor":[114,133,133,148,148,148,73,73,97,24,58,69,80,95,95,190,190,201,217,317,341,341],"floor_reached":22,"playtime":1194,"items_purged":["Strike_G"],"score":186,"play_id":"7aef889d-95e8-4edb-a391-d817d2145baa","local_time":"20190321010826","is_ascension_mode":false,"campfire_choices":[{"data":"Dash","floor":6.0,"key":"SMITH"},{"data":"Neutralize","floor":8.0,"key":"SMITH"},{"data":"Caltrops","floor":15.0,"key":"SMITH"}],"neow_cost":"NONE","seed_source_timestamp":617940565633892,"circlet_count":0,"master_deck":["Defend_G+1","Defend_G","Defend_G","Defend_G+1","Strike_G","Strike_G","Survivor","Neutralize+1","Dash+1","Backstab","Backflip","Caltrops+1","Blur","Escape Plan","Malaise","Expertise+1","Distraction+1","Bullet Time+1","Acrobatics","Leg Sweep+1","Catalyst+1"],"special_seed":0,"relics":["Ring of the Snake","Bronze Scales","Art of War","Omamori","Sundial","Astrolabe","Girya","Frozen Egg 2","Anchor"],"potions_floor_usage":[20,20,20],"damage_taken":[{"damage":0.0,"enemies":"Jaw Worm","floor":1.0,"turns":4.0},{"damage":0.0,"enemies":"2 Louse","floor":2.0,"turns":3.0},{"damage":0.0,"enemies":"Cultist","floor":4.0,"turns":3.0},{"damage":10.0,"enemies":"Gremlin Nob","floor":11.0,"turns":5.0},{"damage":3.0,"enemies":"Large Slime","floor":12.0,"turns":5.0},{"damage":0.0,"enemies":"Exordium Wildlife","floor":13.0,"turns":3.0},{"damage":0.0,"enemies":"Lots of Slimes","floor":14.0,"turns":3.0},{"damage":8.0,"enemies":"Hexaghost","floor":16.0,"turns":11.0},{"damage":6.0,"enemies":"2 Thieves","floor":18.0,"turns":4.0},{"damage":0.0,"enemies":"3 Byrds","floor":19.0,"turns":4.0},{"damage":7,"enemies":"Colosseum Slavers","floor":20,"turns":5},{"damage":23,"enemies":"Colosseum Nobs","floor":20,"turns":4},{"damage":0,"enemies":"Centurion and Healer","floor":22,"turns":20}],"seed_played":"5935625312202192790","potions_obtained":[{"floor":2.0,"key":"Energy Potion"},{"floor":11.0,"key":"Explosive Potion"},{"floor":13.0,"key":"AttackPotion"}],"is_trial":false,"path_per_floor":["M","M","?","M","?","R","$","R","T","$","E","M","M","M","R","B",null,"M","M","?","T","M"],"character_chosen":"THE_SILENT","items_purchased":["Caltrops"],"campfire_rested":0,"item_purchase_floors":[10],"current_hp_per_floor":[70,70,63,63,49,49,49,49,49,49,39,36,36,36,36,28,70,64,64,34,34,34],"gold":341,"neow_bonus":"RANDOM_COMMON_RELIC","is_prod":false,"is_daily":false,"chose_seed":false,"campfire_upgraded":3,"win_rate":0,"timestamp":1553098106,"path_taken":["M","M","?","M","?","R","$","R","T","?","E","M","M","M","R","BOSS","M","M","?","?","?"],"build_version":"2019-01-23","purchased_purges":1,"victory":false,"max_hp_per_floor":[70,70,70,70,70,70,70,70,70,70,70,70,70,70,70,70,70,70,70,70,70,70],"card_choices":[{"not_picked":["Slice","Blade Dance"],"picked":"Dash","floor":1.0},{"not_picked":["Flying Knee","Noxious Fumes"],"picked":"Backstab","floor":2.0},{"not_picked":["Blade Dance","Choke"],"picked":"Backflip","floor":4.0},{"not_picked":["Infinite Blades","Masterful Stab","Slice"],"picked":"SKIP","floor":11.0},{"not_picked":["Sucker Punch","Prepared"],"picked":"Blur","floor":12.0},{"not_picked":["Bane","Dodge and Roll"],"picked":"Escape Plan","floor":13.0},{"not_picked":["Terror","Underhanded Strike","Choke"],"picked":"SKIP","floor":14.0},{"not_picked":["Grand Finale","A Thousand Cuts"],"picked":"Malaise","floor":16.0},{"not_picked":["Slice","Prepared"],"picked":"Acrobatics","floor":18.0},{"not_picked":["Distraction","Flying Knee+1"],"picked":"Leg Sweep+1","floor":19.0},{"not_picked":["Blur","Sucker Punch"],"picked":"Catalyst+1","floor":20}],"player_experience":338789,"relics_obtained":[{"floor":9.0,"key":"Omamori"},{"floor":11.0,"key":"Sundial"},{"floor":20,"key":"Girya"},{"floor":20,"key":"Frozen Egg 2"},{"floor":21,"key":"Anchor"}],"event_choices":[{"damage_healed":0.0,"max_hp_gain":0.0,"max_hp_loss":0.0,"gold_gain":0.0,"event_name":"Scrap Ooze","player_choice":"Success","floor":3.0,"gold_loss":0.0,"damage_taken":7.0,"relics_obtained":["Art of War"]},{"damage_healed":0.0,"max_hp_gain":0.0,"max_hp_loss":0.0,"gold_gain":0.0,"event_name":"Shining Light","player_choice":"Entered Light","floor":5.0,"gold_loss":0.0,"damage_taken":14.0,"cards_upgraded":["Defend_G","Defend_G"]},{"damage_healed":0,"gold_gain":0,"player_choice":"Fight","damage_taken":0,"max_hp_gain":0,"max_hp_loss":0,"event_name":"Colosseum","floor":20,"gold_loss":0},{"damage_healed":0,"gold_gain":0,"player_choice":"Fought Nobs","damage_taken":0,"max_hp_gain":0,"max_hp_loss":0,"event_name":"Colosseum","floor":20,"gold_loss":0}],"is_beta":false,"boss_relics":[{"not_picked":["Philosopher\u0027s Stone","Busted Crown"],"picked":"Astrolabe"}],"items_purged_floors":[7],"is_endless":false,"potions_floor_spawned":[2,11,13,14,19,20],"killed_by":"Centurion and Healer","ascension_level":0}