{"gold_per_floor":[112,128,128,303,317,317,336,336,336,336,346,366,366,35,35,138,138,103,103,203,220,86,86,101,117,140,155,168,3,3,30,30,30],"floor_reached":33,"playtime":1486,"items_purged":["Doubt","Defend_B"],"score":259,"play_id":"39f62d63-1d99-4958-88c5-feef0c6c518a","local_time":"20180715134521","is_ascension_mode":false,"campfire_choices":[{"data":"Zap","floor":6,"key":"SMITH"},{"data":"Hologram","floor":8,"key":"SMITH"},{"data":"Dualcast","floor":10,"key":"SMITH"},{"data":"Chill","floor":15,"key":"SMITH"},{"data":"Ball Lightning","floor":23,"key":"SMITH"},{"floor":32,"key":"REST"}],"neow_cost":"NONE","seed_source_timestamp":233659292003911,"circlet_count":0,"master_deck":["Strike_B","Strike_B","Strike_B","Strike_B","Defend_B","Defend_B","Defend_B","Zap+1","Dualcast+1","Hologram+1","Chill+1","Compile Driver+1","Beam Cell","Leap+1","Genetic Algorithm","All For One","Ball Lightning+1","Auto Shields","Tempest+1","Capacitor","Consume+1","Redo","Ball Lightning","Dramatic Entrance","Gash"],"relics":["FrozenCore","Anchor","Unceasing Top","Mummified Hand","Strawberry","Blue Candle"],"potions_floor_usage":[16,16,31,33],"damage_taken":[{"damage":0,"enemies":"2 Louse","floor":1,"turns":2},{"damage":5,"enemies":"Small Slimes","floor":2,"turns":3},{"damage":0,"enemies":"Cultist","floor":5,"turns":3},{"damage":5,"enemies":"Exordium Wildlife","floor":7,"turns":5},{"damage":0,"enemies":"3 Louse","floor":11,"turns":2},{"damage":0,"enemies":"2 Fungi Beasts","floor":12,"turns":3},{"damage":28,"enemies":"The Guardian","floor":16,"turns":10},{"damage":4,"enemies":"2 Thieves","floor":18,"turns":5},{"damage":17,"enemies":"3 Byrds","floor":21,"turns":6},{"damage":11,"enemies":"Snake Plant","floor":24,"turns":6},{"damage":0,"enemies":"Slaver and Parasite","floor":25,"turns":7},{"damage":14,"enemies":"Chosen and Byrds","floor":27,"turns":6},{"damage":2,"enemies":"Sentry and Sphere","floor":28,"turns":7},{"damage":36,"enemies":"Slavers","floor":31,"turns":6},{"damage":57,"enemies":"Collector","floor":33,"turns":10}],"seed_played":"4303781425369059545","potions_obtained":[{"floor":2,"key":"Weak Potion"},{"floor":11,"key":"PowerPotion"},{"floor":12,"key":"LiquidBronze"},{"floor":18,"key":"Ancient Potion"},{"floor":24,"key":"Regen Potion"},{"floor":30,"key":"Energy Potion"}],"is_trial":false,"path_per_floor":["M","M","?","?","M","R","M","R","T","R","M","M","?","$","R","B",null,"M","?","?","M","$","R","M","M","T","M","M","$","?","E","R"],"character_chosen":"DEFECT","items_purchased":["Mummified Hand","Auto Shields","Redo","Ball Lightning","Dramatic Entrance"],"campfire_rested":1,"item_purchase_floors":[14,22,29,29,29],"current_hp_per_floor":[75,70,75,75,75,75,70,70,70,70,70,70,54,54,54,26,80,76,76,76,59,59,59,48,48,55,41,39,39,39,18,44,0],"gold":30,"neow_bonus":"RANDOM_COMMON_RELIC","is_prod":false,"is_daily":false,"chose_seed":false,"campfire_upgraded":5,"win_rate":0.0,"timestamp":1531629921,"path_taken":["M","M","?","?","M","R","M","R","T","R","M","?","?","$","R","BOSS","M","?","?","M","$","R","?","M","T","M","M","?","?","E","R","BOSS"],"build_version":"2018-07-12","purchased_purges":2,"victory":false,"max_hp_per_floor":[75,75,80,80,80,80,80,80,80,80,80,80,80,80,80,80,80,80,80,80,80,80,80,80,80,87,87,87,87,87,87,87,87],"card_choices":[{"not_picked":["Turbo","Stack"],"picked":"Hologram","floor":1},{"not_picked":["Reprogram","Sweeping Beam"],"picked":"Chill","floor":2},{"not_picked":["Lockon","Tempest"],"picked":"Compile Driver","floor":5},{"not_picked":["Coolheaded","Chill"],"picked":"Beam Cell","floor":7},{"not_picked":["Stack","Static Discharge"],"picked":"Leap","floor":11},{"not_picked":["Rebound","Gash"],"picked":"Genetic Algorithm","floor":12},{"not_picked":["Meteor Strike","Buffer"],"picked":"All For One","floor":16},{"not_picked":["Barrage","Chaos","Fusion"],"picked":"SKIP","floor":18},{"not_picked":["Leap","Sweeping Beam"],"picked":"Ball Lightning","floor":21},{"not_picked":["Turbo","Chill"],"picked":"Tempest+1","floor":24},{"not_picked":["Cold Snap","Chaos+1"],"picked":"Capacitor","floor":25},{"not_picked":["Leap","Glacier"],"picked":"Consume+1","floor":27},{"not_picked":["Compile Driver","Lockon","Rebound"],"picked":"SKIP","floor":28},{"not_picked":["Reboot","Genetic Algorithm"],"picked":"Gash","floor":31}],"player_experience":162803,"relics_obtained":[{"floor":9,"key":"Unceasing Top"},{"floor":26,"key":"Strawberry"},{"floor":31,"key":"Blue Candle"}],"event_choices":[{"event_name":"Big Fish","player_choice":"Donut","floor":3,"damage_taken":0},{"event_name":"Liars Game","player_choice":"agreed","floor":4,"damage_taken":0},{"event_name":"Shining Light","player_choice":"Entered Light","floor":13,"damage_taken":0},{"event_name":"Drug Dealer","player_choice":"Ignored","floor":19,"damage_taken":0},{"event_name":"Golden Shrine","player_choice":"Pray","floor":20,"damage_taken":0},{"event_name":"The Lab","player_choice":"Got Potions","floor":30,"damage_taken":0}],"boss_relics":[{"not_picked":["Lizard Tail","Ectoplasm"],"picked":"FrozenCore"}],"items_purged_floors":[14,22],"is_endless":false,"potions_floor_spawned":[2,11,12,18,24,25],"killed_by":"Collector","ascension_level":0}