{"gold_per_floor":[114,130,130,144,164,198,198,213,239,258,94,94,123,133,133,235,235,245,245,256,273,300,300,327,327,327,327,343,369,172,172,172,172],"floor_reached":33,"playtime":2808,"items_purged":["Strike_R"],"score":297,"play_id":"a32310be-566f-463d-8a87-a679df393916","local_time":"20190523024658","is_ascension_mode":false,"campfire_choices":[{"floor":7.0,"key":"REST"},{"floor":12.0,"key":"REST"},{"floor":15.0,"key":"REST"},{"data":"Whirlwind","floor":23,"key":"SMITH"},{"floor":25,"key":"REST"},{"floor":27,"key":"REST"},{"floor":32,"key":"REST"}],"neow_cost":"NONE","seed_source_timestamp":119509995432200,"circlet_count":0,"master_deck":["Strike_R","Strike_R","Strike_R","Strike_R","Defend_R+1","Defend_R","Defend_R","Defend_R+1","Bash","Shrug It Off","Entrench","Whirlwind+1","Rage","Pommel Strike","Finesse","Headbutt","Armaments+1","Infernal Blade","Battle Trance","Twin Strike+1","Anger+1","Warcry+1","Shrug It Off+1","Necronomicurse"],"special_seed":0,"relics":["Burning Blood","War Paint","Ice Cream","Bronze Scales","Lantern","Orichalcum","Black Star","Red Mask","Toxic Egg 2","Potion Belt","Mummified Hand","Champion Belt","Boot","Anchor","Necronomicon"],"potions_floor_usage":[22,24,29,33],"damage_taken":[{"damage":1.0,"enemies":"Cultist","floor":1.0,"turns":5.0},{"damage":6.0,"enemies":"Jaw Worm","floor":2.0,"turns":4.0},{"damage":0.0,"enemies":"2 Louse","floor":4.0,"turns":5.0},{"damage":10.0,"enemies":"Blue Slaver","floor":5.0,"turns":7.0},{"damage":54.0,"enemies":"Lagavulin","floor":6.0,"turns":10.0},{"damage":10.0,"enemies":"3 Louse","floor":8.0,"turns":2.0},{"damage":3.0,"enemies":"Lots of Slimes","floor":10.0,"turns":2.0},{"damage":30.0,"enemies":"Gremlin Nob","floor":13.0,"turns":4.0},{"damage":6.0,"enemies":"Large Slime","floor":14.0,"turns":8.0},{"damage":43.0,"enemies":"Slime Boss","floor":16.0,"turns":12.0},{"damage":17.0,"enemies":"2 Thieves","floor":18.0,"turns":5.0},{"damage":6,"enemies":"3 Byrds","floor":20,"turns":5},{"damage":34,"enemies":"Sentry and Sphere","floor":21,"turns":8},{"damage":10,"enemies":"Masked Bandits","floor":22,"turns":5},{"damage":19,"enemies":"Slavers","floor":24,"turns":8},{"damage":20,"enemies":"Centurion and Healer","floor":28,"turns":5},{"damage":47,"enemies":"Book of Stabbing","floor":29,"turns":7},{"damage":72,"enemies":"Champ","floor":33,"turns":14}],"seed_played":"-415201748876430496","potions_obtained":[{"floor":2.0,"key":"SpeedPotion"},{"floor":6.0,"key":"SkillPotion"},{"floor":8.0,"key":"GamblersBrew"},{"floor":10.0,"key":"Block Potion"},{"floor":13.0,"key":"Energy Potion"},{"floor":21,"key":"Block Potion"},{"floor":22,"key":"SkillPotion"},{"floor":24,"key":"FairyPotion"}],"is_trial":false,"path_per_floor":["M","M","?","M","M","E","R","M","T","M","$","R","E","M","R","B",null,"M","?","M","M","?","R","E","R","T","R","M","E","$","?","R","B"],"character_chosen":"IRONCLAD","items_purchased":["Finesse","Shrug It Off+1","Anchor"],"campfire_rested":6,"item_purchase_floors":[11,30,30],"current_hp_per_floor":[80,80,80,80,76,28,52,48,48,51,51,75,51,51,75,38,80,69,80,80,52,48,48,35,59,59,80,66,25,25,9,33,0],"gold":172,"neow_bonus":"RANDOM_COMMON_RELIC","is_prod":false,"is_daily":false,"chose_seed":false,"campfire_upgraded":1,"win_rate":0.0,"timestamp":1558604818,"path_taken":["M","M","?","M","M","E","R","M","T","M","$","R","E","?","R","BOSS","M","?","M","M","?","R","E","R","T","R","M","E","$","?","R","BOSS"],"build_version":"2019-01-23","purchased_purges":1,"victory":false,"max_hp_per_floor":[80,80,80,80,80,80,80,80,80,80,80,80,80,80,80,80,80,80,80,80,80,80,80,80,80,80,80,80,80,80,80,80,80],"card_choices":[{"not_picked":["Pommel Strike","Warcry"],"picked":"Shrug It Off","floor":1.0},{"not_picked":["Burning Pact","Second Wind"],"picked":"Entrench","floor":2.0},{"not_picked":["Burning Pact","Clothesline"],"picked":"Whirlwind","floor":4.0},{"not_picked":["Dual Wield","Shrug It Off","Thunderclap"],"picked":"SKIP","floor":5.0},{"not_picked":["Heavy Blade","Pummel","Uppercut"],"picked":"SKIP","floor":6.0},{"not_picked":["Impervious","Heavy Blade"],"picked":"Rage","floor":8.0},{"not_picked":["Clothesline","Headbutt"],"picked":"Pommel Strike","floor":10.0},{"not_picked":["Intimidate","Anger","Reckless Charge"],"picked":"SKIP","floor":13.0},{"not_picked":["Flex","Heavy Blade"],"picked":"Headbutt","floor":14.0},{"not_picked":["Whirlwind","Headbutt"],"picked":"Armaments+1","floor":18.0},{"not_picked":["True Grit","Perfected Strike","Dropkick+1"],"picked":"SKIP","floor":20},{"not_picked":["True Grit","Spot Weakness"],"picked":"Infernal Blade","floor":21},{"not_picked":["Heavy Blade","Spot Weakness+1"],"picked":"Battle Trance","floor":22},{"not_picked":["Seeing Red","Fiend Fire"],"picked":"Twin Strike+1","floor":24},{"not_picked":["Clash","Rampage"],"picked":"Anger+1","floor":28},{"not_picked":["Thunderclap","Pummel"],"picked":"Warcry+1","floor":29}],"player_experience":16737,"relics_obtained":[{"floor":6.0,"key":"Bronze Scales"},{"floor":9.0,"key":"Lantern"},{"floor":13.0,"key":"Orichalcum"},{"floor":22,"key":"Red Mask"},{"floor":24,"key":"Toxic Egg 2"},{"floor":24,"key":"Potion Belt"},{"floor":26,"key":"Mummified Hand"},{"floor":29,"key":"Champion Belt"},{"floor":29,"key":"Boot"},{"floor":31,"key":"Necronomicon"}],"event_choices":[{"damage_healed":0.0,"max_hp_gain":0.0,"max_hp_loss":0.0,"gold_gain":0.0,"event_name":"WeMeetAgain","player_choice":"Gave Potion","floor":3.0,"gold_loss":0.0,"damage_taken":0.0,"relics_obtained":["Ice Cream"]},{"damage_healed":26,"gold_gain":0,"player_choice":"Heal","damage_taken":0,"max_hp_gain":0,"max_hp_loss":0,"event_name":"The Library","floor":19,"gold_loss":0},{"damage_healed":0,"gold_gain":0,"player_choice":"Fought Bandits","damage_taken":0,"max_hp_gain":0,"max_hp_loss":0,"event_name":"Masked Bandits","floor":22,"gold_loss":0},{"damage_healed":0,"gold_gain":0,"player_choice":"Obtained Book","damage_taken":16,"max_hp_gain":0,"max_hp_loss":0,"event_name":"Cursed Tome","floor":31,"gold_loss":0}],"is_beta":false,"boss_relics":[{"not_picked":["Snecko Eye","Empty Cage"],"picked":"Black Star"}],"items_purged_floors":[11],"is_endless":false,"potions_floor_spawned":[2,6,8,10,13,21,22,24],"killed_by":"Champ","ascension_level":0}