{"gold_per_floor":[17,27,27,27,46,74,74,74,121,121,136,136],"floor_reached":12,"playtime":625,"items_purged":[],"score":152,"play_id":"29d85df6-fa61-49ee-881a-eb7a5376379a","local_time":"20190528161638","is_ascension_mode":true,"campfire_choices":[{"floor":7,"key":"REST"},{"data":"Leap","floor":10,"key":"SMITH"}],"neow_cost":"NO_GOLD","seed_source_timestamp":260900742575524,"circlet_count":0,"master_deck":["AscendersBane","Strike_B","Strike_B","Strike_B","Strike_B","Defend_B","Defend_B","Defend_B","Defend_B","Zap","Dualcast","Ball Lightning","Sweeping Beam","Leap+1","Loop"],"relics":["Cracked Core","Calipers","Juzu Bracelet","Golden Idol","Orichalcum"],"potions_floor_usage":[12],"damage_taken":[{"damage":3,"enemies":"2 Louse","floor":1,"turns":2},{"damage":1,"enemies":"Cultist","floor":2,"turns":3},{"damage":10,"enemies":"Small Slimes","floor":5,"turns":2},{"damage":37,"enemies":"3 Sentries","floor":6,"turns":10},{"damage":6,"enemies":"Looter","floor":11,"turns":3},{"damage":29,"enemies":"Lagavulin","floor":12,"turns":7}],"seed_played":"-9107436465846973636","potions_obtained":[{"floor":4,"key":"Weak Potion"},{"floor":4,"key":"GamblersBrew"},{"floor":11,"key":"Fire Potion"}],"is_trial":false,"path_per_floor":["M","M","$","?","M","E","R","?","T","R","M","E"],"character_chosen":"DEFECT","items_purchased":[],"campfire_rested":1,"item_purchase_floors":[],"current_hp_per_floor":[61,60,60,60,50,13,34,34,34,34,28,0],"gold":136,"neow_bonus":"ONE_RARE_RELIC","is_prod":false,"is_daily":false,"chose_seed":false,"campfire_upgraded":1,"win_rate":0,"timestamp":1559085398,"path_taken":["M","M","$","?","M","E","R","?","T","R","M","E"],"build_version":"2019-01-23","purchased_purges":0,"victory":false,"max_hp_per_floor":[71,71,71,71,71,71,71,64,64,64,64,64],"card_choices":[{"not_picked":["Coolheaded","Conserve Battery"],"picked":"Ball Lightning","floor":1},{"not_picked":["Steam","Reprogram"],"picked":"Sweeping Beam","floor":2},{"not_picked":["Chill","Creative AI"],"picked":"Leap","floor":5},{"not_picked":["Tempest","Rebound"],"picked":"Loop","floor":6},{"not_picked":["Barrage","Capacitor","Gash"],"picked":"SKIP","floor":11}],"player_experience":799316,"relics_obtained":[{"floor":6,"key":"Juzu Bracelet"},{"floor":9,"key":"Orichalcum"}],"event_choices":[{"damage_healed":0,"gold_gain":0,"player_choice":"Got Potions","damage_taken":0,"max_hp_gain":0,"max_hp_loss":0,"event_name":"Lab","floor":4,"gold_loss":0},{"damage_healed":0,"gold_gain":0,"player_choice":"Lose Max HP","damage_taken":0,"relics_obtained":["Golden Idol"],"max_hp_gain":0,"max_hp_loss":7,"event_name":"Golden Idol","floor":8,"gold_loss":0}],"is_beta":false,"boss_relics":[],"items_purged_floors":[],"is_endless":false,"potions_floor_spawned":[11],"killed_by":"Lagavulin","ascension_level":19}