{"gold_per_floor":[117,117,133,150,150,177,193,143,143,15,15,15,30,48,48,145,145,157,185,185,185,185,198,217,217,217,316,329,357,357,282,282,381,381,400,622,226,226],"floor_reached":38,"playtime":1216,"items_purged":["Strike_B","Defend_B+1"],"score":417,"play_id":"f64c8f23-fee2-4ec4-bf0f-3d4aaa1572e1","local_time":"20181130163224","is_ascension_mode":false,"campfire_choices":[{"data":"Echo Form","floor":12.0,"key":"SMITH"},{"floor":15.0,"key":"REST"},{"floor":25.0,"key":"REST"},{"data":"Loop","floor":30,"key":"SMITH"},{"floor":32,"key":"REST"}],"neow_cost":"NONE","seed_source_timestamp":10994879983275,"circlet_count":0,"master_deck":["Strike_B+1","Strike_B+1","Defend_B+1","Defend_B+1","Zap","Dualcast+1","Static Discharge+1","Ball Lightning","Go for the Eyes","Echo Form+1","Conserve Battery","BootSequence","FTL","Leap+1","Melter","Loop+1","Self Repair","Conserve Battery","White Noise","Thunder Strike","Seek"],"special_seed":0,"relics":["Cracked Core","NeowsBlessing","Pear","Gremlin Horn","Bird Faced Urn","Sozu","Red Mask","Nilry\u0027s Codex","Ice Cream","Mummified Hand","Inserter","DataDisk"],"potions_floor_usage":[],"damage_taken":[{"damage":0.0,"enemies":"2 Louse","floor":1.0,"turns":1.0},{"damage":0.0,"enemies":"Cultist","floor":3.0,"turns":1.0},{"damage":0.0,"enemies":"Jaw Worm","floor":4.0,"turns":1.0},{"damage":18.0,"enemies":"Gremlin Nob","floor":6.0,"turns":4.0},{"damage":0.0,"enemies":"3 Louse","floor":7.0,"turns":1.0},{"damage":0.0,"enemies":"Exordium Wildlife","floor":13.0,"turns":4.0},{"damage":22.0,"enemies":"Exordium Thugs","floor":14.0,"turns":4.0},{"damage":37.0,"enemies":"Slime Boss","floor":16.0,"turns":7.0},{"damage":20.0,"enemies":"2 Thieves","floor":18.0,"turns":4.0},{"damage":13.0,"enemies":"Masked Bandits","floor":19.0,"turns":3.0},{"damage":8.0,"enemies":"3 Byrds","floor":23.0,"turns":2.0},{"damage":32.0,"enemies":"Cultist and Chosen","floor":24.0,"turns":4.0},{"damage":12.0,"enemies":"Chosen and Byrds","floor":28.0,"turns":5.0},{"damage":61.0,"enemies":"Slavers","floor":29.0,"turns":5.0},{"damage":32,"enemies":"Automaton","floor":33,"turns":9},{"damage":42,"enemies":"3 Shapes","floor":35,"turns":5},{"damage":83,"enemies":"2 Orb Walkers","floor":38,"turns":4}],"seed_played":"2421808980145339951","potions_obtained":[{"floor":4.0,"key":"Explosive Potion"},{"floor":13.0,"key":"SkillPotion"},{"floor":14.0,"key":"FocusPotion"}],"is_trial":false,"path_per_floor":["M","?","M","M","?","E","M","?","T","$","T","R","M","M","R","B",null,"M","?","?","?","?","M","M","R","T","?","M","E","E","R","?","R","B",null,"M","?","$","?"],"character_chosen":"DEFECT","items_purchased":["Conserve Battery","DataDisk","Seek"],"campfire_rested":3,"item_purchase_floors":[10,37,37],"current_hp_per_floor":[75,75,75,75,60,52,52,52,52,52,52,52,56,38,63,30,85,69,60,60,60,44,42,40,65,65,65,72,35,35,35,60,57,85,67,67,67,0],"gold":226,"neow_bonus":"THREE_ENEMY_KILL","is_prod":false,"is_daily":false,"chose_seed":false,"campfire_upgraded":2,"win_rate":0,"timestamp":1543591944,"path_taken":["M","?","?","M","?","E","M","?","T","$","?","R","?","M","R","BOSS","M","?","?","?","?","?","M","R","T","?","M","E","R","?","R","BOSS","M","?","$","?"],"build_version":"2018-11-15","purchased_purges":2,"victory":false,"max_hp_per_floor":[75,75,75,75,75,85,85,85,85,85,85,85,85,85,85,85,85,85,85,85,85,85,85,85,85,85,85,85,85,85,85,85,85,85,85,85,85,85],"card_choices":[{"not_picked":["Ball Lightning","Reprogram"],"picked":"Static Discharge","floor":1.0},{"not_picked":["Steam","Hologram"],"picked":"Ball Lightning","floor":3.0},{"not_picked":["Turbo","Rebound"],"picked":"Go for the Eyes","floor":4.0},{"not_picked":["Genetic Algorithm","Tempest"],"picked":"Echo Form","floor":6.0},{"not_picked":["Streamline","Consume","Steam"],"picked":"SKIP","floor":7.0},{"not_picked":["Reprogram","Streamline"],"picked":"BootSequence","floor":13.0},{"not_picked":["Barrage","Steam Power"],"picked":"FTL","floor":14.0},{"not_picked":["Reprogram","Hologram"],"picked":"Leap+1","floor":18.0},{"not_picked":["Go for the Eyes","Undo"],"picked":"Melter","floor":19.0},{"not_picked":["Turbo","Consume"],"picked":"Self Repair","floor":23.0},{"not_picked":["Hologram","Streamline"],"picked":"Conserve Battery","floor":24.0},{"not_picked":["Gash+1","Sweeping Beam+1","All For One"],"picked":"SKIP","floor":28.0},{"not_picked":["Chaos","Hologram+1"],"picked":"White Noise","floor":29},{"not_picked":["Rainbow","Multi-Cast"],"picked":"Thunder Strike","floor":33},{"not_picked":["Beam Cell","Steam+1","Genetic Algorithm"],"picked":"SKIP","floor":35}],"player_experience":155756,"relics_obtained":[{"floor":6.0,"key":"Pear"},{"floor":9.0,"key":"Gremlin Horn"},{"floor":11.0,"key":"Bird Faced Urn"},{"floor":19.0,"key":"Red Mask"},{"floor":22.0,"key":"Nilry\u0027s Codex"},{"floor":26.0,"key":"Ice Cream"},{"floor":29,"key":"Mummified Hand"}],"event_choices":[{"damage_healed":0.0,"max_hp_gain":0.0,"max_hp_loss":0.0,"gold_gain":0.0,"event_name":"Accursed Blacksmith","player_choice":"Forge","floor":2.0,"gold_loss":0.0,"damage_taken":0.0,"cards_upgraded":["Static Discharge"]},{"damage_healed":0.0,"max_hp_gain":0.0,"max_hp_loss":0.0,"gold_gain":0.0,"event_name":"Shining Light","player_choice":"Entered Light","floor":5.0,"gold_loss":0.0,"damage_taken":15.0,"cards_upgraded":["Dualcast","Defend_B"]},{"cards_removed":["Strike_B"],"damage_healed":0.0,"max_hp_gain":0.0,"max_hp_loss":0.0,"gold_gain":0.0,"event_name":"The Cleric","player_choice":"Card Removal","floor":8.0,"gold_loss":50.0,"damage_taken":0.0},{"damage_healed":0.0,"max_hp_gain":0.0,"max_hp_loss":0.0,"gold_gain":0.0,"event_name":"Masked Bandits","player_choice":"Fought Bandits","floor":19.0,"gold_loss":0.0,"damage_taken":0.0},{"damage_healed":0.0,"max_hp_gain":0.0,"max_hp_loss":0.0,"gold_gain":0.0,"event_name":"Back to Basics","player_choice":"Simplicity","floor":20.0,"gold_loss":0.0,"damage_taken":0.0,"cards_upgraded":["Strike_B","Strike_B","Defend_B","Defend_B","Defend_B"]},{"damage_healed":0.0,"max_hp_gain":0.0,"max_hp_loss":0.0,"gold_gain":0.0,"event_name":"The Library","player_choice":"Read","floor":21.0,"gold_loss":0.0,"damage_taken":0.0,"cards_obtained":["Loop"]},{"damage_healed":0.0,"max_hp_gain":0.0,"max_hp_loss":0.0,"gold_gain":0.0,"event_name":"Cursed Tome","player_choice":"Obtained Book","floor":22.0,"gold_loss":0.0,"damage_taken":16.0},{"damage_healed":0.0,"max_hp_gain":0.0,"max_hp_loss":0.0,"gold_gain":99.0,"event_name":"Nest","player_choice":"Stole From Cult","floor":27.0,"gold_loss":0.0,"damage_taken":0.0},{"cards_removed":["Defend_B"],"damage_healed":0,"gold_gain":0,"player_choice":"Gave Gold","damage_taken":0,"max_hp_gain":0,"max_hp_loss":0,"event_name":"Beggar","floor":31,"gold_loss":75},{"damage_healed":0,"gold_gain":222,"player_choice":"Wore Mask","damage_taken":0,"max_hp_gain":0,"max_hp_loss":0,"event_name":"Tomb of Lord Red Mask","floor":36,"gold_loss":0},{"damage_healed":0,"gold_gain":0,"player_choice":"Fight","damage_taken":0,"max_hp_gain":0,"max_hp_loss":0,"event_name":"Mysterious Sphere","floor":38,"gold_loss":0}],"is_beta":false,"boss_relics":[{"not_picked":["Nuclear Battery","FrozenCore"],"picked":"Sozu"},{"not_picked":["Runic Dome","Eternal Feather"],"picked":"Inserter"}],"items_purged_floors":[10,37],"is_endless":false,"potions_floor_spawned":[4,13,14,19,24,33,35],"killed_by":"2 Orb Walkers","ascension_level":0}