{"gold_per_floor":[115,115,129,204,219,219,230,249,249,267,280,280,295,295,295,393,393,403,403,252,269,269,302,8,8,8,8,20,20,20,39,39,140,140,155,168,168],"floor_reached":37,"playtime":1768,"items_purged":["Blizzard"],"score":408,"play_id":"31302354-9e93-4d84-b58c-eaccb6694915","local_time":"20180623172438","is_ascension_mode":false,"campfire_choices":[{"floor":6.0,"key":"REST"},{"data":"Rainbow","floor":12.0,"key":"SMITH"},{"floor":15.0,"key":"REST"},{"data":"Electrodynamics","floor":25.0,"key":"SMITH"},{"data":"Defragment","floor":29,"key":"SMITH"},{"data":"Jack Of All Trades","floor":32,"key":"SMITH"}],"neow_cost":"","seed_source_timestamp":101810384352024,"circlet_count":0,"master_deck":["Strike_B+1","Strike_B+1","Strike_B+1","Defend_B+1","Defend_B+1","Defend_B+1","Defend_B+1","Zap+1","Dualcast","Redo","Ball Lightning","Leap","Sweeping Beam","Capacitor","Rainbow+1","Sweeping Beam","Zap","Dramatic Entrance","Electrodynamics+1","Stack","Ball Lightning","Jack Of All Trades+1","Loop","Ghostly","Ghostly","Ghostly","Ghostly","Ghostly","Defragment+1","Conserve Battery","Buffer","Gash"],"special_seed":0,"relics":["Cracked Core","Question Card","Busted Crown","Bag of Preparation","Anchor","Nloth\u0027s Gift"],"potions_floor_usage":[33,33,33],"damage_taken":[{"damage":3.0,"enemies":"Jaw Worm","floor":1.0,"turns":3.0},{"damage":0.0,"enemies":"2 Louse","floor":3.0,"turns":1.0},{"damage":0.0,"enemies":"Small Slimes","floor":5.0,"turns":2.0},{"damage":3.0,"enemies":"3 Louse","floor":7.0,"turns":2.0},{"damage":21.0,"enemies":"Large Slime","floor":8.0,"turns":5.0},{"damage":8.0,"enemies":"Red Slaver","floor":10.0,"turns":2.0},{"damage":0.0,"enemies":"Lots of Slimes","floor":11.0,"turns":2.0},{"damage":6.0,"enemies":"Large Slime","floor":13.0,"turns":4.0},{"damage":20.0,"enemies":"Slime Boss","floor":16.0,"turns":9.0},{"damage":14.0,"enemies":"Shell Parasite","floor":18.0,"turns":5.0},{"damage":10.0,"enemies":"3 Byrds","floor":21.0,"turns":2.0},{"damage":1.0,"enemies":"Gremlin Leader","floor":23.0,"turns":6.0},{"damage":0,"enemies":"Centurion and Healer","floor":28,"turns":4},{"damage":1,"enemies":"Snecko","floor":31,"turns":5},{"damage":13,"enemies":"Champ","floor":33,"turns":11},{"damage":0,"enemies":"3 Darklings","floor":35,"turns":3},{"damage":1,"enemies":"3 Shapes","floor":36,"turns":3},{"damage":38,"enemies":"Maw","floor":37,"turns":8}],"seed_played":"-7372928727201464397","potions_obtained":[{"floor":3.0,"key":"Dexterity Potion"},{"floor":5.0,"key":"Block Potion"},{"floor":7.0,"key":"Explosive Potion"},{"floor":13.0,"key":"Explosive Potion"},{"floor":21.0,"key":"Dexterity Potion"},{"floor":23.0,"key":"Weak Potion"},{"floor":31,"key":"Weak Potion"}],"is_trial":false,"path_per_floor":["M","?","M","?","M","R","M","M","T","M","M","R","M","?","R","B",null,"M","?","$","M","?","E","$","R","T","?","M","R","$","M","R","B",null,"M","M"],"character_chosen":"DEFECT","items_purchased":["Ball Lightning","Jack Of All Trades","Defragment","Anchor"],"campfire_rested":2,"item_purchase_floors":[],"current_hp_per_floor":[72,65,65,54,54,75,72,51,51,43,43,43,37,37,59,39,75,61,61,61,51,37,36,36,36,36,36,36,36,36,35,35,22,37,37,36,0],"gold":168,"neow_bonus":"","is_prod":false,"is_daily":false,"chose_seed":false,"campfire_upgraded":4,"win_rate":0.0,"timestamp":1529767478,"path_taken":["M","?","M","?","?","R","M","M","T","?","?","R","M","?","R","BOSS","M","?","$","?","?","E","$","R","T","?","M","R","$","M","R","BOSS","M","?","M"],"build_version":"2018-06-21v2","purchased_purges":1,"victory":false,"max_hp_per_floor":[75,75,75,75,75,75,75,75,75,75,75,75,75,75,75,75,75,75,75,75,75,37,37,37,37,37,37,37,37,37,37,37,37,37,37,37,37],"card_choices":[{"not_picked":["Barrage","Fusion"],"picked":"Redo","floor":1.0},{"not_picked":["White Noise","Fusion"],"picked":"Ball Lightning","floor":3.0},{"not_picked":["Compile Driver","Barrage"],"picked":"Leap","floor":5.0},{"not_picked":["Steam","Gash"],"picked":"Blizzard","floor":7.0},{"not_picked":["Gash","Redo"],"picked":"Sweeping Beam","floor":8.0},{"not_picked":["Reinforced Body","Ball Lightning","Rebound"],"picked":"Capacitor","floor":10.0},{"not_picked":["Steam Power","Go for the Eyes","Beam Cell"],"picked":"Rainbow","floor":11.0},{"not_picked":["Blizzard","Stack","Rip and Tear"],"picked":"Sweeping Beam","floor":13.0},{"not_picked":["Fission","Echo Form","Reboot"],"picked":"Electrodynamics","floor":16.0},{"not_picked":["Streamline"],"picked":"Stack","floor":18.0},{"not_picked":["Streamline+1"],"picked":"Loop","floor":21.0},{"not_picked":["Barrage+1","FTL"],"picked":"SKIP","floor":23.0},{"not_picked":["Coolheaded","Steam Power"],"picked":"SKIP","floor":28},{"not_picked":["Stack"],"picked":"Conserve Battery","floor":31},{"not_picked":["Electrodynamics"],"picked":"Buffer","floor":33},{"not_picked":["Doom and Gloom","Steam Power"],"picked":"SKIP","floor":35},{"not_picked":["Stack"],"picked":"Gash","floor":36}],"player_experience":25015,"relics_obtained":[{"floor":9.0,"key":"Question Card"},{"floor":23.0,"key":"Bag of Preparation"},{"floor":26.0,"key":"Letter Opener"}],"event_choices":[{"event_name":"Golden Wing","player_choice":"Card Removal","floor":2.0,"damage_taken":0.0},{"event_name":"World of Goop","player_choice":"Gather Gold","floor":4.0,"damage_taken":0.0},{"event_name":"Match and Keep!","player_choice":"2 cards matched","floor":14.0,"damage_taken":0.0},{"event_name":"Back to Basics","player_choice":"Simplicity","floor":19.0,"damage_taken":0.0},{"event_name":"Ghosts","player_choice":"Became a Ghost","floor":22.0,"damage_taken":0.0},{"event_name":"N\u0027loth","player_choice":"Traded a Letter Opener","floor":27.0,"damage_taken":0.0}],"boss_relics":[{"not_picked":["White Beast Statue","Lizard Tail"],"picked":"Busted Crown"},{"not_picked":["Runic Dome","Philosopher\u0027s Stone","Snecko Eye"]}],"items_purged_floors":[],"is_endless":false,"potions_floor_spawned":[3,5,7,13,21,23,31],"killed_by":"Maw","ascension_level":0}