{"gold_per_floor":[115,126,144,155,155,155,190,190,190,203,233,8,19,375,375,474,474,492,492,417,211,211,238,257,257,329,329,342,342],"floor_reached":29,"playtime":2403,"items_purged":["Defend_G","Strike_G"],"score":278,"play_id":"7b0bbb48-e371-41be-8234-e847e27e9805","local_time":"20190525151550","is_ascension_mode":true,"campfire_choices":[{"data":"Calculated Gamble","floor":6.0,"key":"SMITH"},{"floor":8.0,"key":"REST"},{"data":"Bane","floor":15.0,"key":"SMITH"},{"floor":25.0,"key":"REST"},{"data":"Bouncing Flask","floor":27.0,"key":"SMITH"}],"neow_cost":"NONE","seed_source_timestamp":337228995381600,"circlet_count":0,"master_deck":["Defend_G","Defend_G","Defend_G","Defend_G","Strike_G","Strike_G+1","Strike_G","Strike_G","Survivor+1","Neutralize","Caltrops","Calculated Gamble+1","Bane+1","Deflect","Prepared","Poisoned Stab","Burst","Bouncing Flask+1","Deadly Poison","Blur"],"special_seed":0,"relics":["Ring of the Snake","Pen Nib","Anchor","The Courier","Lee\u0027s Waffle","Old Coin","Eternal Feather","Matryoshka","Boot","Nilry\u0027s Codex","Bag of Preparation","Orichalcum"],"potions_floor_usage":[29],"damage_taken":[{"damage":0.0,"enemies":"Cultist","floor":1.0,"turns":5.0},{"damage":0.0,"enemies":"2 Louse","floor":2.0,"turns":3.0},{"damage":0.0,"enemies":"Small Slimes","floor":3.0,"turns":5.0},{"damage":23.0,"enemies":"Exordium Thugs","floor":4.0,"turns":7.0},{"damage":11.0,"enemies":"Lagavulin","floor":7.0,"turns":10.0},{"damage":1.0,"enemies":"Large Slime","floor":10.0,"turns":7.0},{"damage":18.0,"enemies":"3 Sentries","floor":11.0,"turns":10.0},{"damage":3.0,"enemies":"Blue Slaver","floor":13.0,"turns":3.0},{"damage":20.0,"enemies":"3 Sentries","floor":14.0,"turns":11.0},{"damage":24.0,"enemies":"Hexaghost","floor":16.0,"turns":11.0},{"damage":11.0,"enemies":"Shell Parasite","floor":18.0,"turns":7.0},{"damage":70.0,"enemies":"Gremlin Leader","floor":23.0,"turns":10.0},{"damage":0.0,"enemies":"Chosen","floor":24.0,"turns":4.0},{"damage":25.0,"enemies":"Shelled Parasite and Fungi","floor":28.0,"turns":7.0},{"damage":21,"enemies":"Cultist and Chosen","floor":29,"turns":4}],"seed_played":"-7895952692040462195","potions_obtained":[{"floor":2.0,"key":"EssenceOfSteel"},{"floor":3.0,"key":"AttackPotion"},{"floor":4.0,"key":"AttackPotion"},{"floor":10.0,"key":"Dexterity Potion"},{"floor":11.0,"key":"SpeedPotion"},{"floor":18.0,"key":"Regen Potion"},{"floor":23.0,"key":"Block Potion"},{"floor":28.0,"key":"Energy Potion"}],"is_trial":false,"path_per_floor":["M","M","M","M","?","R","E","R","T","M","E","$","M","?","R","B",null,"M","?","?","$","?","E","M","R","T","R","M","M"],"character_chosen":"THE_SILENT","items_purchased":["Lee\u0027s Waffle","Boot"],"campfire_rested":2,"item_purchase_floors":[12,21],"current_hp_per_floor":[77,77,77,54,39,39,28,51,51,50,32,84,81,61,61,37,84,73,73,73,73,57,2,2,36,36,45,20,0],"gold":342,"neow_bonus":"TEN_PERCENT_HP_BONUS","is_prod":false,"is_daily":false,"chose_seed":false,"campfire_upgraded":3,"win_rate":0,"timestamp":1558822550,"path_taken":["M","?","M","M","?","R","E","R","T","M","E","$","M","?","R","BOSS","M","?","?","$","?","E","M","R","T","R","M","M"],"build_version":"2019-01-23","purchased_purges":2,"victory":false,"max_hp_per_floor":[77,77,77,77,77,77,77,77,77,77,77,84,84,84,84,84,84,84,84,84,84,84,84,84,84,84,84,84,84],"card_choices":[{"not_picked":["Dagger Spray","Slice"],"picked":"Caltrops","floor":1.0},{"not_picked":["Well Laid Plans","Dagger Spray"],"picked":"Calculated Gamble","floor":2.0},{"not_picked":["Masterful Stab","Endless Agony"],"picked":"Bane","floor":3.0},{"not_picked":["Finisher","Sucker Punch","Flying Knee"],"picked":"SKIP","floor":4.0},{"not_picked":["Outmaneuver","Flying Knee","Well Laid Plans"],"picked":"SKIP","floor":7.0},{"not_picked":["Crippling Poison","Backstab"],"picked":"Deflect","floor":10.0},{"not_picked":["Wraith Form v2","Eviscerate"],"picked":"Prepared","floor":11.0},{"not_picked":["Endless Agony","Flying Knee","Caltrops"],"picked":"SKIP","floor":13.0},{"not_picked":["Backstab","Flechettes"],"picked":"Poisoned Stab","floor":14.0},{"not_picked":["Doppelganger","Malaise"],"picked":"Burst","floor":16.0},{"not_picked":["Backstab","Sucker Punch"],"picked":"Bouncing Flask","floor":18.0},{"not_picked":["Quick Slash","Underhanded Strike+1","Riddle With Holes"],"picked":"SKIP","floor":23.0},{"not_picked":["Prepared","Skewer"],"picked":"Deadly Poison","floor":24.0},{"not_picked":["Slice","Dodge and Roll"],"picked":"Blur","floor":28.0}],"player_experience":87109,"relics_obtained":[{"floor":7.0,"key":"Pen Nib"},{"floor":9.0,"key":"Anchor"},{"floor":11.0,"key":"The Courier"},{"floor":14.0,"key":"Old Coin"},{"floor":22.0,"key":"Nilry\u0027s Codex"},{"floor":23.0,"key":"Bag of Preparation"},{"floor":26.0,"key":"Orichalcum"}],"event_choices":[{"damage_healed":0.0,"max_hp_gain":0.0,"max_hp_loss":0.0,"gold_gain":0.0,"event_name":"Shining Light","player_choice":"Entered Light","floor":5.0,"gold_loss":0.0,"damage_taken":15.0,"cards_upgraded":["Survivor","Strike_G"]},{"damage_healed":0.0,"max_hp_gain":0.0,"max_hp_loss":0.0,"gold_gain":0.0,"event_name":"Dead Adventurer","player_choice":"Searched \u00271\u0027 times","floor":14.0,"gold_loss":0.0,"damage_taken":0.0},{"damage_healed":0.0,"max_hp_gain":0.0,"max_hp_loss":0.0,"gold_gain":0.0,"event_name":"The Mausoleum","player_choice":"Opened","floor":19.0,"gold_loss":0.0,"damage_taken":0.0,"relics_obtained":["Matryoshka"],"cards_obtained":["Writhe"]},{"cards_removed":["Writhe"],"damage_healed":0.0,"max_hp_gain":0.0,"max_hp_loss":0.0,"gold_gain":0.0,"event_name":"Beggar","player_choice":"Gave Gold","floor":20.0,"gold_loss":75.0,"damage_taken":0.0},{"damage_healed":0.0,"max_hp_gain":0.0,"max_hp_loss":0.0,"gold_gain":0.0,"event_name":"Cursed Tome","player_choice":"Obtained Book","floor":22.0,"gold_loss":0.0,"damage_taken":16.0}],"is_beta":false,"boss_relics":[{"not_picked":["Fusion Hammer","Philosopher\u0027s Stone"],"picked":"Eternal Feather"}],"items_purged_floors":[12,21],"is_endless":false,"potions_floor_spawned":[2,3,4,10,11,18,23,28],"killed_by":"Cultist and Chosen","ascension_level":2}