{"gold_per_floor":[111,131,131,143,153,179,179,213,213,213,230,230,242,207,207,303,303,314,314,41,41,51,51,64,93,167,196,21,36,61,41,41,136,136,152,152,203,303,303,334,23,55,55,55,67,86,115,125,125,125],"floor_reached":51,"playtime":5362,"items_purged":["Sucker Punch"],"score":1254,"play_id":"12066101-b72b-421a-9101-705289fd8b70","local_time":"20190329020644","is_ascension_mode":true,"campfire_choices":[{"data":"Dash","floor":7,"key":"SMITH"},{"data":"Adrenaline","floor":10,"key":"SMITH"},{"data":"Catalyst","floor":12,"key":"SMITH"},{"data":"Poisoned Stab","floor":15,"key":"SMITH"},{"data":"After Image","floor":23,"key":"SMITH"},{"floor":32,"key":"REST"},{"data":"Burst","floor":44,"key":"SMITH"},{"data":"Noxious Fumes","floor":49,"key":"SMITH"}],"neow_cost":"NONE","seed_source_timestamp":522465972804555,"circlet_count":0,"master_deck":["Survivor+1","Neutralize","Dash+1","Dagger Throw","Poisoned Stab+1","All Out Attack","Backflip","Adrenaline+1","Catalyst+1","Acrobatics","Burst+1","Noxious Fumes+1","Infinite Blades","Quick Slash","Dodge and Roll","Tactician","After Image+1","Underhanded Strike","Adrenaline","Footwork","Footwork","Deflect","Footwork","Bouncing Flask+1","Backflip+1","Bouncing Flask","PiercingWail+1","Calculated Gamble+1","Burst+1","Prepared+1","Blur+1","Corpse Explosion+1","Noxious Fumes+1","Tactician+1","Deadly Poison+1","Bandage Up+1","Dodge and Roll+1","Acrobatics+1","Calculated Gamble+1","Backflip+1","Noxious Fumes+1"],"relics":["Ring of the Snake","NeowsBlessing","Snake Skull","War Paint","Oddly Smooth Stone","Pandora\u0027s Box","The Courier","Tough Bandages","Toxic Egg 2","Mercury Hourglass","Regal Pillow","Cursed Key","Pocketwatch","FossilizedHelix","Dead Branch","Lee\u0027s Waffle","Dodecahedron","Bottled Flame"],"potions_floor_usage":[6,8,11,16,25,29,30,30,42,50,50],"damage_taken":[{"damage":0,"enemies":"Jaw Worm","floor":1,"turns":1},{"damage":0,"enemies":"Cultist","floor":2,"turns":1},{"damage":0,"enemies":"Small Slimes","floor":4,"turns":1},{"damage":4,"enemies":"Exordium Wildlife","floor":5,"turns":6},{"damage":10,"enemies":"3 Sentries","floor":6,"turns":5},{"damage":17,"enemies":"Lagavulin","floor":8,"turns":5},{"damage":0,"enemies":"Large Slime","floor":11,"turns":5},{"damage":13,"enemies":"Exordium Thugs","floor":13,"turns":7},{"damage":18,"enemies":"Hexaghost","floor":16,"turns":11},{"damage":10,"enemies":"3 Byrds","floor":18,"turns":5},{"damage":0,"enemies":"Chosen","floor":22,"turns":2},{"damage":3,"enemies":"Centurion and Healer","floor":24,"turns":6},{"damage":29,"enemies":"Gremlin Leader","floor":25,"turns":5},{"damage":0,"enemies":"Book of Stabbing","floor":27,"turns":5},{"damage":5,"enemies":"Snake Plant","floor":29,"turns":4},{"damage":0,"enemies":"Slavers","floor":30,"turns":4},{"damage":16,"enemies":"Automaton","floor":33,"turns":7},{"damage":0,"enemies":"Orb Walker","floor":35,"turns":3},{"damage":37,"enemies":"2 Orb Walkers","floor":37,"turns":4},{"damage":0,"enemies":"Mind Bloom Boss Battle","floor":38,"turns":4},{"damage":0,"enemies":"Nemesis","floor":40,"turns":7},{"damage":0,"enemies":"Reptomancer","floor":42,"turns":4},{"damage":0,"enemies":"3 Darklings","floor":45,"turns":2},{"damage":0,"enemies":"Sphere and 2 Shapes","floor":46,"turns":3},{"damage":29,"enemies":"Nemesis","floor":47,"turns":5},{"damage":0,"enemies":"Transient","floor":48,"turns":5},{"damage":16,"enemies":"Time Eater","floor":50,"turns":7}],"seed_played":"151475857013130698","potions_obtained":[{"floor":1,"key":"Strength Potion"},{"floor":5,"key":"PowerPotion"},{"floor":8,"key":"EssenceOfSteel"},{"floor":11,"key":"Fruit Juice"},{"floor":13,"key":"Weak Potion"},{"floor":22,"key":"SpeedPotion"},{"floor":24,"key":"Explosive Potion"},{"floor":29,"key":"SkillPotion"},{"floor":30,"key":"SpeedPotion"},{"floor":31,"key":"SteroidPotion"},{"floor":40,"key":"Dexterity Potion"},{"floor":45,"key":"EssenceOfSteel"}],"is_trial":false,"path_per_floor":["M","M","?","M","M","E","R","E","T","R","M","R","M","?","R","B",null,"M","?","$","?","M","R","M","E","T","E","$","M","E","?","R","B",null,"M","?","?","?","?","E","$","E","T","R","M","M","E","M","R","B",null],"character_chosen":"THE_SILENT","items_purchased":["Footwork","Footwork","Deflect","Footwork","Bouncing Flask","Burst+1","Regen Potion","Lee\u0027s Waffle","Bandage Up+1","Dodge and Roll+1"],"campfire_rested":1,"item_purchase_floors":[20,20,20,20,20,28,28,41,41,41],"current_hp_per_floor":[63,63,63,63,59,49,49,32,32,32,37,37,24,42,42,24,62,52,52,52,52,52,52,49,20,20,20,20,29,29,29,66,50,69,69,69,32,32,32,32,78,78,78,78,78,78,55,67,67,57],"gold":125,"neow_bonus":"THREE_ENEMY_KILL","is_prod":false,"is_daily":false,"chose_seed":false,"campfire_upgraded":7,"win_rate":0,"timestamp":1553839604,"path_taken":["M","M","?","M","M","E","R","E","T","R","?","R","M","?","R","BOSS","M","?","$","?","?","R","M","E","T","E","$","M","E","?","R","BOSS","M","?","?","?","?","E","?","E","T","R","M","M","E","M","R","BOSS"],"build_version":"2019-01-23","purchased_purges":1,"victory":true,"max_hp_per_floor":[70,70,70,70,70,70,70,70,70,70,75,75,75,75,75,75,75,75,75,75,75,75,75,75,75,75,75,75,75,75,75,75,75,75,75,71,71,71,71,71,78,78,78,78,78,78,78,78,78,78],"card_choices":[{"not_picked":["Riddle With Holes","Sucker Punch"],"picked":"Dash","floor":1},{"not_picked":["Cloak And Dagger","Prepared"],"picked":"Dagger Throw","floor":2},{"not_picked":["Acrobatics","Night Terror"],"picked":"Poisoned Stab","floor":4},{"not_picked":["Dagger Throw","Outmaneuver"],"picked":"All Out Attack","floor":5},{"not_picked":["Predator","Outmaneuver"],"picked":"Backflip","floor":6},{"not_picked":["Endless Agony","Sucker Punch"],"picked":"Adrenaline","floor":8},{"not_picked":["Deadly Poison","Dagger Spray"],"picked":"Catalyst","floor":11},{"not_picked":["Outmaneuver","Blade Dance"],"picked":"Acrobatics","floor":13},{"not_picked":["Glass Knife","Adrenaline"],"picked":"Burst","floor":16},{"not_picked":["Dagger Throw","Dash+1","Dagger Spray"],"picked":"SKIP","floor":18},{"not_picked":["Dagger Throw","Flying Knee"],"picked":"Backflip+1","floor":22},{"not_picked":["Outmaneuver","Underhanded Strike"],"picked":"Bouncing Flask","floor":24},{"not_picked":["Prepared","Masterful Stab+1"],"picked":"PiercingWail+1","floor":25},{"not_picked":["PiercingWail+1","Backflip+1"],"picked":"Calculated Gamble+1","floor":27},{"not_picked":["Flying Knee+1","Blade Dance+1"],"picked":"Prepared+1","floor":29},{"not_picked":["All Out Attack","Dagger Throw"],"picked":"Blur+1","floor":30},{"not_picked":["Malaise+1","Adrenaline+1"],"picked":"Corpse Explosion+1","floor":33},{"not_picked":["PiercingWail+1","Deflect+1"],"picked":"Noxious Fumes+1","floor":35},{"not_picked":["Endless Agony","Bane"],"picked":"Tactician+1","floor":37},{"not_picked":["Backflip+1","Outmaneuver+1"],"picked":"Deadly Poison+1","floor":40},{"not_picked":["Deflect+1","PiercingWail+1"],"picked":"Acrobatics+1","floor":42},{"not_picked":["Outmaneuver+1","Venomology+1"],"picked":"Calculated Gamble+1","floor":45},{"not_picked":["Blade Dance+1","Bane"],"picked":"Backflip+1","floor":46},{"not_picked":["Phantasmal Killer+1","Riddle With Holes+1"],"picked":"Noxious Fumes+1","floor":47},{"not_picked":["Poisoned Stab+1","Predator+1","Dagger Spray+1"],"picked":"SKIP","floor":48}],"player_experience":272802,"relics_obtained":[{"floor":6,"key":"Snake Skull"},{"floor":8,"key":"War Paint"},{"floor":9,"key":"Oddly Smooth Stone"},{"floor":25,"key":"Tough Bandages"},{"floor":26,"key":"Toxic Egg 2"},{"floor":27,"key":"Mercury Hourglass"},{"floor":30,"key":"Regal Pillow"},{"floor":37,"key":"Pocketwatch"},{"floor":38,"key":"FossilizedHelix"},{"floor":40,"key":"Dead Branch"},{"floor":42,"key":"Dodecahedron"},{"floor":47,"key":"Bottled Flame"}],"event_choices":[{"cards_removed":["Strike_G"],"damage_healed":0,"gold_gain":0,"player_choice":"Purged","damage_taken":0,"max_hp_gain":0,"max_hp_loss":0,"event_name":"Purifier","floor":3,"gold_loss":0},{"damage_healed":18,"gold_gain":0,"player_choice":"Healed","damage_taken":0,"max_hp_gain":0,"max_hp_loss":0,"event_name":"The Cleric","floor":14,"gold_loss":35},{"damage_healed":0,"gold_gain":0,"player_choice":"Opened","damage_taken":0,"relics_obtained":["The Courier"],"max_hp_gain":0,"max_hp_loss":0,"event_name":"The Mausoleum","floor":19,"gold_loss":0},{"damage_healed":0,"gold_gain":0,"player_choice":"Upgraded","damage_taken":0,"max_hp_gain":0,"max_hp_loss":0,"event_name":"Upgrade Shrine","floor":21,"gold_loss":0,"cards_upgraded":["Bouncing Flask"]},{"damage_healed":0,"gold_gain":0,"player_choice":"Bought 1 Potion","damage_taken":0,"max_hp_gain":0,"max_hp_loss":0,"event_name":"The Woman in Blue","floor":31,"gold_loss":0},{"damage_healed":0,"gold_gain":0,"player_choice":"Max HP","damage_taken":0,"max_hp_gain":0,"max_hp_loss":4,"event_name":"Winding Halls","floor":36,"gold_loss":0},{"damage_healed":0,"gold_gain":0,"player_choice":"Fight","damage_taken":0,"max_hp_gain":0,"max_hp_loss":0,"event_name":"Mysterious Sphere","floor":37,"gold_loss":0},{"damage_healed":0,"gold_gain":0,"player_choice":"Fight","damage_taken":0,"max_hp_gain":0,"max_hp_loss":0,"event_name":"MindBloom","floor":38,"gold_loss":0},{"damage_healed":0,"gold_gain":0,"player_choice":"Ignored","damage_taken":0,"max_hp_gain":0,"max_hp_loss":0,"event_name":"Tomb of Lord Red Mask","floor":39,"gold_loss":0}],"is_beta":false,"boss_relics":[{"not_picked":["Ectoplasm","Tiny House"],"picked":"Pandora\u0027s Box"},{"not_picked":["Empty Cage","Black Star"],"picked":"Cursed Key"}],"items_purged_floors":[41],"is_endless":false,"potions_floor_spawned":[1,5,8,11,13,22,24,29,30,40,45,48],"ascension_level":8}