{"gold_per_floor":[116,130,143,0,0,0,0,43,43,43,66,110,65],"floor_reached":13,"playtime":658,"items_purged":[],"score":126,"play_id":"96c868d8-f21f-4ef4-83e9-252c20177c84","local_time":"20190321001547","is_ascension_mode":true,"campfire_choices":[{"data":"Demon Form","floor":6,"key":"SMITH"},{"data":"Bash","floor":10,"key":"SMITH"}],"neow_cost":"NONE","seed_source_timestamp":2011401936739264,"circlet_count":0,"master_deck":["Strike_R","Strike_R","Strike_R","Strike_R","Strike_R","Defend_R","Defend_R","Defend_R","Defend_R","Bash+1","Demon Form+1","Flex","Anger","Heavy Blade","Feed","Cleave","Reaper"],"relics":["Burning Blood","Centennial Puzzle","Golden Idol","The Courier","Question Card","Self Forming Clay"],"potions_floor_usage":[13],"damage_taken":[{"damage":24,"enemies":"Small Slimes","floor":1,"turns":4},{"damage":12,"enemies":"Jaw Worm","floor":2,"turns":3},{"damage":6,"enemies":"2 Louse","floor":3,"turns":3},{"damage":13,"enemies":"Gremlin Nob","floor":8,"turns":3},{"damage":23,"enemies":"Red Slaver","floor":11,"turns":3},{"damage":20,"enemies":"Lagavulin","floor":12,"turns":4},{"damage":35,"enemies":"Exordium Thugs","floor":13,"turns":3}],"seed_played":"-7318887268722469508","potions_obtained":[{"floor":2,"key":"Dexterity Potion"},{"floor":8,"key":"Strength Potion"},{"floor":12,"key":"LiquidBronze"}],"is_trial":false,"path_per_floor":["M","M","M","$","?","R","$","E","T","R","M","E","M"],"character_chosen":"IRONCLAD","items_purchased":["Centennial Puzzle"],"campfire_rested":0,"item_purchase_floors":[4],"current_hp_per_floor":[54,48,48,48,48,48,48,41,41,41,24,13,0],"gold":65,"neow_bonus":"ONE_RANDOM_RARE_CARD","is_prod":false,"is_daily":false,"chose_seed":false,"campfire_upgraded":2,"win_rate":0,"timestamp":1553141747,"path_taken":["M","M","M","$","?","R","$","E","T","R","M","E","M"],"build_version":"2019-01-23","purchased_purges":0,"victory":false,"max_hp_per_floor":[80,80,80,80,74,74,74,74,74,74,74,77,77],"card_choices":[{"not_picked":["Havoc","Pommel Strike"],"picked":"Flex","floor":1},{"not_picked":["Entrench","Sentinel"],"picked":"Anger","floor":2},{"not_picked":["Twin Strike","Bloodletting"],"picked":"Heavy Blade","floor":3},{"not_picked":["Sword Boomerang","Heavy Blade"],"picked":"Feed","floor":8},{"not_picked":["Hemokinesis","Sword Boomerang","Iron Wave"],"picked":"Cleave","floor":11},{"not_picked":["Anger","Hemokinesis","Battle Trance"],"picked":"Reaper","floor":12}],"player_experience":230982,"relics_obtained":[{"floor":8,"key":"The Courier"},{"floor":9,"key":"Question Card"},{"floor":12,"key":"Self Forming Clay"}],"event_choices":[{"damage_healed":0,"gold_gain":0,"player_choice":"Lose Max HP","damage_taken":0,"relics_obtained":["Golden Idol"],"max_hp_gain":0,"max_hp_loss":6,"event_name":"Golden Idol","floor":5,"gold_loss":0}],"is_beta":false,"boss_relics":[],"items_purged_floors":[],"is_endless":false,"potions_floor_spawned":[2,8,12],"killed_by":"Exordium Thugs","ascension_level":7}