{"gold_per_floor":[109,120,132,147,207,238,203,203,227,262,282,282,308,308,308,409,409,424,295,305,325,325],"floor_reached":22,"playtime":1867,"items_purged":["Doubt"],"score":247,"play_id":"7120e0eb-685f-4ea6-b9f6-c01a000f180e","local_time":"20190530235554","is_ascension_mode":true,"campfire_choices":[{"floor":8,"key":"RECALL"},{"data":"Flame Barrier","floor":15,"key":"SMITH"}],"neow_cost":"NONE","seed_source_timestamp":19337349359800,"circlet_count":0,"master_deck":["Strike_R","Strike_R","Strike_R","Strike_R","Strike_R","Defend_R","Defend_R","Defend_R","Defend_R","Bash+1","Cleave","Anger","Battle Trance","Perfected Strike","Carnage","Clothesline","Impervious","Flame Barrier+1","Parasite","Parasite","Pommel Strike+1","Seeing Red","True Grit","Anger","Havoc+1"],"relics":["Burning Blood","Dream Catcher","Art of War","Meat on the Bone","Calling Bell","Oddly Smooth Stone","Shuriken","Prayer Wheel"],"potions_floor_usage":[4,6,10,16,16,18,22],"damage_taken":[{"damage":0,"enemies":"2 Louse","floor":1,"turns":2},{"damage":4,"enemies":"Jaw Worm","floor":2,"turns":3},{"damage":0,"enemies":"Small Slimes","floor":3,"turns":3},{"damage":3,"enemies":"2 Fungi Beasts","floor":4,"turns":3},{"damage":24,"enemies":"Gremlin Nob","floor":6,"turns":4},{"damage":30,"enemies":"Lagavulin","floor":10,"turns":5},{"damage":12,"enemies":"Large Slime","floor":11,"turns":4},{"damage":13,"enemies":"3 Sentries","floor":13,"turns":7},{"damage":40,"enemies":"Hexaghost","floor":16,"turns":9},{"damage":15,"enemies":"Chosen","floor":18,"turns":6},{"damage":20,"enemies":"Spheric Guardian","floor":20,"turns":5},{"damage":55,"enemies":"Centurion and Healer","floor":21,"turns":8},{"damage":38,"enemies":"Shelled Parasite and Fungi","floor":22,"turns":6}],"seed_played":"-6607462426998726902","potions_obtained":[{"floor":1,"key":"SkillPotion"},{"floor":2,"key":"Ancient Potion"},{"floor":6,"key":"SteroidPotion"},{"floor":11,"key":"Ancient Potion"},{"floor":13,"key":"FearPotion"},{"floor":16,"key":"Swift Potion"},{"floor":21,"key":"EssenceOfSteel"}],"is_trial":false,"path_per_floor":["M","M","M","M","?","E","?","R","T","E","M","?","E","?","R","B",null,"M","$","M","M","M"],"character_chosen":"IRONCLAD","items_purchased":["True Grit"],"campfire_rested":0,"item_purchase_floors":[19],"current_hp_per_floor":[80,80,80,80,80,62,80,80,80,56,50,50,43,48,48,26,85,76,76,62,25,0],"gold":325,"neow_bonus":"THREE_CARDS","is_prod":false,"is_daily":false,"chose_seed":false,"campfire_upgraded":1,"win_rate":0,"timestamp":1559253354,"path_taken":["M","M","M","M","?","E","?","R","T","E","M","?","E","?","R","BOSS","M","$","M","M","M"],"build_version":"2019-01-23","purchased_purges":1,"victory":false,"max_hp_per_floor":[80,80,80,80,80,80,80,80,80,80,80,80,80,85,85,85,85,85,85,85,85,85],"card_choices":[{"not_picked":["Blood for Blood","Corruption"],"picked":"Cleave","floor":0},{"not_picked":["Entrench","Second Wind"],"picked":"Anger","floor":1},{"not_picked":["Corruption","Evolve"],"picked":"Battle Trance","floor":2},{"not_picked":["Rage","Battle Trance"],"picked":"Perfected Strike","floor":3},{"not_picked":["Iron Wave","Pommel Strike"],"picked":"Carnage","floor":4},{"not_picked":["Headbutt","Body Slam"],"picked":"Clothesline","floor":6},{"not_picked":["Anger","Feel No Pain"],"picked":"Impervious","floor":10},{"not_picked":["Twin Strike","Armaments"],"picked":"Flame Barrier","floor":11},{"not_picked":["Cleave","Sword Boomerang","Flex"],"picked":"SKIP","floor":13},{"not_picked":["Metallicize","Fire Breathing+1"],"picked":"Pommel Strike+1","floor":18},{"not_picked":["Wild Strike","Fiend Fire"],"picked":"Seeing Red","floor":18},{"not_picked":["True Grit","Flex"],"picked":"Anger","floor":20},{"not_picked":["Searing Blow+1","Power Through"],"picked":"Havoc+1","floor":20},{"not_picked":["Sword Boomerang","Cleave","Intimidate"],"picked":"SKIP","floor":21},{"not_picked":["Dropkick","Dual Wield","Bloodletting"],"picked":"SKIP","floor":21}],"player_experience":343645,"relics_obtained":[{"floor":6,"key":"Dream Catcher"},{"floor":10,"key":"Art of War"},{"floor":13,"key":"Meat on the Bone"},{"floor":17,"key":"Oddly Smooth Stone"},{"floor":17,"key":"Shuriken"},{"floor":17,"key":"Prayer Wheel"}],"event_choices":[{"damage_healed":0,"gold_gain":60,"player_choice":"Gained Gold","damage_taken":0,"max_hp_gain":0,"max_hp_loss":0,"event_name":"Golden Wing","floor":5,"gold_loss":0},{"damage_healed":20,"gold_gain":0,"player_choice":"Healed","damage_taken":0,"max_hp_gain":0,"max_hp_loss":0,"event_name":"The Cleric","floor":7,"gold_loss":35},{"damage_healed":0,"gold_gain":0,"player_choice":"Grow","damage_taken":0,"max_hp_gain":0,"max_hp_loss":0,"event_name":"Living Wall","floor":12,"gold_loss":0,"cards_upgraded":["Bash"]},{"damage_healed":0,"gold_gain":0,"player_choice":"Donut","damage_taken":0,"max_hp_gain":5,"max_hp_loss":0,"event_name":"Big Fish","floor":14,"gold_loss":0}],"is_beta":false,"boss_relics":[{"not_picked":["Ectoplasm","Tiny House"],"picked":"Calling Bell"}],"items_purged_floors":[19],"is_endless":false,"potions_floor_spawned":[1,2,6,11,13,16,21],"killed_by":"Shelled Parasite and Fungi","ascension_level":4}