{"gold_per_floor":[117,192,205,205,217,217,230,263,263,288,288,288,307,369,369,369],"floor_reached":16,"playtime":926,"items_purged":[],"score":193,"play_id":"52e91430-e6e9-4acb-b77f-964640fcd596","local_time":"20190605031018","is_ascension_mode":true,"campfire_choices":[{"data":"Bouncing Flask","floor":6,"key":"SMITH"},{"floor":12,"key":"REST"},{"data":"Bullet Time","floor":15,"key":"SMITH"}],"neow_cost":"NONE","seed_source_timestamp":1327328563061063,"circlet_count":0,"master_deck":["AscendersBane","Defend_G","Defend_G","Defend_G","Defend_G","Defend_G","Strike_G","Strike_G","Strike_G","Strike_G","Strike_G","Survivor","Neutralize","Bullet Time+1","Poisoned Stab","Quick Slash","Bouncing Flask+1","Leg Sweep","Acrobatics","Glass Knife","PiercingWail","Well Laid Plans"],"relics":["Ring of the Snake","Blood Vial","Omamori","Pear","Pantograph","Potion Belt"],"potions_floor_usage":[8,8,14,14],"damage_taken":[{"damage":0,"enemies":"Small Slimes","floor":1,"turns":6},{"damage":0,"enemies":"2 Louse","floor":3,"turns":3},{"damage":0,"enemies":"Cultist","floor":5,"turns":3},{"damage":8,"enemies":"Exordium Thugs","floor":7,"turns":6},{"damage":2,"enemies":"Gremlin Nob","floor":8,"turns":3},{"damage":28,"enemies":"Lagavulin","floor":10,"turns":6},{"damage":3,"enemies":"Looter","floor":13,"turns":3},{"damage":30,"enemies":"Lagavulin Event","floor":14,"turns":5},{"damage":45,"enemies":"Slime Boss","floor":16,"turns":9}],"seed_played":"4513011990663154729","potions_obtained":[{"floor":5,"key":"SteroidPotion"},{"floor":7,"key":"EssenceOfSteel"},{"floor":10,"key":"EntropicBrew"}],"is_trial":false,"path_per_floor":["M","?","M","?","M","R","M","E","T","E","T","R","M","?","R","B"],"character_chosen":"THE_SILENT","items_purchased":[],"campfire_rested":1,"item_purchase_floors":[],"current_hp_per_floor":[59,48,48,48,48,48,40,38,38,22,22,44,43,15,15,0],"gold":369,"neow_bonus":"ONE_RANDOM_RARE_CARD","is_prod":false,"is_daily":false,"chose_seed":false,"campfire_upgraded":2,"win_rate":0,"timestamp":1559718618,"path_taken":["M","?","M","?","?","R","M","E","T","E","?","R","M","?","R","BOSS"],"build_version":"2019-01-23","purchased_purges":0,"victory":false,"max_hp_per_floor":[66,66,66,66,66,66,66,66,66,76,76,76,76,76,76,76],"card_choices":[{"not_picked":["Tactician","Bane"],"picked":"Poisoned Stab","floor":1},{"not_picked":["Poisoned Stab","Expertise"],"picked":"Quick Slash","floor":3},{"not_picked":["Backstab","Dagger Spray"],"picked":"Bouncing Flask","floor":5},{"not_picked":["Tactician","PiercingWail"],"picked":"Leg Sweep","floor":7},{"not_picked":["Finisher","Blade Dance"],"picked":"Acrobatics","floor":8},{"not_picked":["Eviscerate","Poisoned Stab"],"picked":"Glass Knife","floor":10},{"not_picked":["Finisher","Outmaneuver"],"picked":"PiercingWail","floor":13},{"not_picked":["Bane","Poisoned Stab"],"picked":"Well Laid Plans","floor":14}],"player_experience":466962,"relics_obtained":[{"floor":8,"key":"Blood Vial"},{"floor":9,"key":"Omamori"},{"floor":10,"key":"Pear"},{"floor":11,"key":"Pantograph"},{"floor":14,"key":"Potion Belt"}],"event_choices":[{"damage_healed":0,"gold_gain":75,"player_choice":"Gather Gold","damage_taken":11,"max_hp_gain":0,"max_hp_loss":0,"event_name":"World of Goop","floor":2,"gold_loss":0},{"damage_healed":0,"gold_gain":0,"player_choice":"0 cards matched","damage_taken":0,"max_hp_gain":0,"max_hp_loss":0,"event_name":"Match and Keep!","floor":4,"gold_loss":0,"cards_obtained":[]},{"damage_healed":0,"gold_gain":0,"player_choice":"Searched \u00271\u0027 times","damage_taken":0,"max_hp_gain":0,"max_hp_loss":0,"event_name":"Dead Adventurer","floor":14,"gold_loss":0}],"is_beta":false,"boss_relics":[],"items_purged_floors":[],"is_endless":false,"potions_floor_spawned":[5,7,10],"killed_by":"Slime Boss","ascension_level":15}