{"gold_per_floor":[113,130,148,161,174,174,174,174,201,213,244,272,284,18,18,139,139,157,175,75,0,0,0,13,31,31,31,31,0,13,37,37,37],"floor_reached":33,"playtime":2841,"items_purged":["Defend_B","Heatsinks"],"score":335,"play_id":"1b9e3d54-9ab5-4f86-928b-7eaf1effca37","local_time":"20190427233630","is_ascension_mode":true,"campfire_choices":[{"data":"BootSequence","floor":6,"key":"SMITH"},{"data":"Self Repair","floor":8,"key":"SMITH"},{"data":"Hologram","floor":10,"key":"SMITH"},{"floor":15,"key":"REST"},{"floor":23,"key":"REST"},{"floor":28,"key":"REST"},{"data":"Echo Form","floor":32,"key":"SMITH"}],"neow_cost":"NONE","seed_source_timestamp":1085189474000740,"circlet_count":0,"master_deck":["Zap","Dualcast","Ball Lightning","Self Repair+1","Hologram+1","BootSequence+1","Electrodynamics","Leap","Echo Form+1","Multi-Cast","Scrape","Beam Cell","Streamline","Cold Snap+1","Defragment","Hologram","FTL"],"relics":["Cracked Core","Centennial Puzzle","MawBank","Golden Idol","Runic Capacitor","Pandora\u0027s Box","Frozen Egg 2"],"potions_floor_usage":[5,16,33,33,33],"damage_taken":[{"damage":1,"enemies":"Cultist","floor":1,"turns":3},{"damage":4,"enemies":"2 Louse","floor":2,"turns":2},{"damage":2,"enemies":"Jaw Worm","floor":3,"turns":3},{"damage":9,"enemies":"Looter","floor":4,"turns":3},{"damage":0,"enemies":"Red Slaver","floor":5,"turns":3},{"damage":0,"enemies":"2 Fungi Beasts","floor":11,"turns":3},{"damage":6,"enemies":"3 Louse","floor":12,"turns":4},{"damage":0,"enemies":"Slime Boss","floor":16,"turns":7},{"damage":33,"enemies":"Spheric Guardian","floor":18,"turns":4},{"damage":15,"enemies":"Shell Parasite","floor":19,"turns":5},{"damage":26,"enemies":"Shelled Parasite and Fungi","floor":24,"turns":8},{"damage":23,"enemies":"Centurion and Healer","floor":25,"turns":5},{"damage":10,"enemies":"Snake Plant","floor":30,"turns":4},{"damage":9,"enemies":"3 Cultists","floor":31,"turns":3},{"damage":72,"enemies":"Champ","floor":33,"turns":10}],"seed_played":"4319983989368104691","potions_obtained":[{"floor":2,"key":"EssenceOfSteel"},{"floor":4,"key":"Energy Potion"},{"floor":19,"key":"LiquidBronze"},{"floor":24,"key":"Ancient Potion"},{"floor":25,"key":"Dexterity Potion"}],"is_trial":false,"path_per_floor":["M","M","M","M","M","R","?","R","T","R","M","M","?","$","R","B",null,"M","M","$","?","?","R","M","M","T","?","R","?","M","M","R","B"],"character_chosen":"DEFECT","items_purchased":["Runic Capacitor"],"campfire_rested":3,"item_purchase_floors":[14],"current_hp_per_floor":[74,70,75,73,75,75,75,75,75,75,75,75,57,57,75,75,75,52,57,57,57,57,75,59,46,46,46,68,68,75,66,66,0],"gold":37,"neow_bonus":"RANDOM_COMMON_RELIC","is_prod":false,"is_daily":false,"chose_seed":false,"campfire_upgraded":4,"win_rate":0,"timestamp":1556433390,"path_taken":["M","M","M","M","M","R","?","R","T","R","?","M","?","$","R","BOSS","M","M","$","?","?","R","M","?","T","?","R","?","M","M","R","BOSS"],"build_version":"2019-01-23","purchased_purges":2,"victory":false,"max_hp_per_floor":[75,75,75,75,75,75,75,75,75,75,75,75,75,75,75,75,75,75,75,75,75,75,75,75,75,75,75,75,75,75,75,75,75],"card_choices":[{"not_picked":["Beam Cell","Rebound"],"picked":"Ball Lightning","floor":1},{"not_picked":["Compile Driver","Streamline"],"picked":"Self Repair","floor":2},{"not_picked":["Undo","Skim"],"picked":"Hologram","floor":3},{"not_picked":["Rebound","Chill","Reprogram"],"picked":"SKIP","floor":4},{"not_picked":["Go for the Eyes","Gash"],"picked":"BootSequence","floor":5},{"not_picked":["Redo","Double Energy"],"picked":"Electrodynamics","floor":11},{"not_picked":["Undo","Consume"],"picked":"Leap","floor":12},{"not_picked":["Reboot","Amplify"],"picked":"Echo Form","floor":16},{"not_picked":["White Noise","Hologram+1"],"picked":"Cold Snap+1","floor":18},{"not_picked":["Go for the Eyes","Streamline","Recycle"],"picked":"SKIP","floor":19},{"not_picked":["Cold Snap","Lockon"],"picked":"Defragment","floor":24},{"not_picked":["Steam Power","All For One"],"picked":"Hologram","floor":25},{"not_picked":["Streamline+1","Cold Snap"],"picked":"FTL","floor":30},{"not_picked":["Rip and Tear+1","Conserve Battery","Steam"],"picked":"SKIP","floor":31}],"player_experience":145757,"relics_obtained":[{"floor":9,"key":"MawBank"},{"floor":26,"key":"Frozen Egg 2"}],"event_choices":[{"cards_removed":["Strike_B"],"damage_healed":0,"gold_gain":0,"player_choice":"Offered Basic","damage_taken":0,"max_hp_gain":0,"max_hp_loss":0,"event_name":"Bonfire Elementals","floor":7,"gold_loss":0},{"damage_healed":0,"gold_gain":0,"player_choice":"Take Damage","damage_taken":18,"relics_obtained":["Golden Idol"],"max_hp_gain":0,"max_hp_loss":0,"event_name":"Golden Idol","floor":13,"gold_loss":0},{"cards_removed":["Consume"],"damage_healed":0,"gold_gain":0,"player_choice":"Gave Gold","damage_taken":0,"max_hp_gain":0,"max_hp_loss":0,"event_name":"Beggar","floor":21,"gold_loss":75},{"damage_healed":0,"gold_gain":0,"player_choice":"Leave","damage_taken":0,"max_hp_gain":0,"max_hp_loss":0,"event_name":"FaceTrader","floor":22,"gold_loss":0},{"damage_healed":0,"gold_gain":0,"player_choice":"Paid Fearfully","damage_taken":0,"max_hp_gain":0,"max_hp_loss":0,"event_name":"Masked Bandits","floor":29,"gold_loss":31}],"is_beta":false,"boss_relics":[{"not_picked":["Sozu","Inserter"],"picked":"Pandora\u0027s Box"}],"items_purged_floors":[14,20],"is_endless":false,"potions_floor_spawned":[2,4,19,24,25],"killed_by":"Champ","ascension_level":3}