{"gold_per_floor":[116,41,41,291,308,308,328,357,357,369,369,380,81,97,97,201,201,212,227,30,49,49,79,79,4,4,4,21,21,21,21,21,126,126,136,14,14,67,67,67,127,127,127,143,160,176,0,0,0,0],"floor_reached":51,"playtime":1829,"items_purged":["Strike_R","Regret","Strike_R"],"score":776,"play_id":"4e04a3ba-7541-44f4-852e-9ceb24bd3e28","local_time":"20180706165948","is_ascension_mode":true,"campfire_choices":[{"data":"Body Slam","floor":6,"key":"SMITH"},{"floor":11,"key":"DIG"},{"data":"Apotheosis","floor":15,"key":"SMITH"},{"floor":24,"key":"DIG"},{"floor":29,"key":"DIG"},{"floor":32,"key":"REST"},{"floor":40,"key":"DIG"},{"floor":42,"key":"DIG"},{"floor":49,"key":"DIG"}],"neow_cost":"NONE","seed_source_timestamp":104162748433720,"circlet_count":0,"master_deck":["Strike_R","Strike_R","Defend_R","Defend_R+1","Defend_R","Defend_R","Bash","Body Slam+1","Iron Wave","Body Slam","Ghostly Armor+1","Shrug It Off","Thunderclap","Apotheosis+1","Disarm","Demon Form","Ghostly Armor","Inflame","Decay","Twin Strike","Juggernaut","Intimidate+1","Iron Wave","Trip","Inflame","Writhe","Dual Wield+1","Shrug It Off+1","Juggernaut"],"relics":["Burning Blood","Shovel","Mummified Hand","Velvet Choker","Nloth\u0027s Gift","Bronze Scales","Sundial","War Paint","Blood Vial","Bottled Tornado","Black Star","Peace Pipe","Bottled Flame","Bag of Preparation","Tiny Chest","Boot","Toxic Egg 2","Red Mask","Pen Nib"],"potions_floor_usage":[8,8,33,38,50,50],"damage_taken":[{"damage":12,"enemies":"Small Slimes","floor":1,"turns":5},{"damage":12,"enemies":"Cultist","floor":5,"turns":5},{"damage":2,"enemies":"Jaw Worm","floor":7,"turns":3},{"damage":12,"enemies":"Gremlin Nob","floor":8,"turns":4},{"damage":11,"enemies":"Lots of Slimes","floor":10,"turns":6},{"damage":2,"enemies":"Blue Slaver","floor":12,"turns":4},{"damage":8,"enemies":"Exordium Thugs","floor":14,"turns":6},{"damage":14,"enemies":"Hexaghost","floor":16,"turns":11},{"damage":8,"enemies":"3 Byrds","floor":18,"turns":6},{"damage":21,"enemies":"Chosen","floor":19,"turns":6},{"damage":17,"enemies":"Snecko","floor":21,"turns":7},{"damage":26,"enemies":"Slavers","floor":23,"turns":6},{"damage":8,"enemies":"Centurion and Healer","floor":28,"turns":6},{"damage":4,"enemies":"Champ","floor":33,"turns":7},{"damage":14,"enemies":"Orb Walker","floor":35,"turns":5},{"damage":16,"floor":38,"turns":6},{"damage":14,"enemies":"Giant Head","floor":41,"turns":7},{"damage":9,"enemies":"3 Darklings","floor":44,"turns":6},{"damage":19,"enemies":"4 Shapes","floor":45,"turns":7},{"damage":4,"enemies":"Maw","floor":46,"turns":6},{"damage":65,"enemies":"Donu and Deca","floor":50,"turns":9}],"seed_played":"-8501303900815557088","potions_obtained":[{"floor":1,"key":"Fire Potion"},{"floor":5,"key":"Poison Potion"},{"floor":14,"key":"Weak Potion"},{"floor":18,"key":"Fire Potion"},{"floor":28,"key":"Weak Potion"},{"floor":45,"key":"PowerPotion"},{"floor":46,"key":"Explosive Potion"}],"is_trial":false,"path_per_floor":["M","$","?","?","M","R","M","E","T","M","R","M","$","M","R","B",null,"M","M","$","M","?","E","R","?","T","?","M","R","?","T","R","B",null,"M","$","?","?","?","R","E","R","T","M","M","M","?","?","R","B"],"character_chosen":"IRONCLAD","items_purchased":["Apotheosis","Ghostly Armor","Iron Wave","EssenceOfSteel"],"campfire_rested":1,"item_purchase_floors":[13,20,36,36],"current_hp_per_floor":[74,74,74,74,68,68,72,66,66,61,68,72,72,70,70,62,87,85,70,70,59,59,39,39,39,39,39,37,37,37,37,63,67,87,79,79,79,71,87,87,79,79,79,78,67,71,71,71,71,14],"gold":0,"neow_bonus":"THREE_CARDS","is_prod":false,"is_daily":false,"chose_seed":false,"campfire_upgraded":2,"win_rate":0,"timestamp":1530889188,"path_taken":["M","$","?","?","M","R","?","E","T","M","R","M","$","?","R","BOSS","M","M","$","?","?","E","R","?","T","?","?","R","?","?","R","BOSS","M","$","?","?","?","R","E","R","T","M","M","?","?","?","R","BOSS"],"build_version":"2018-07-05","purchased_purges":3,"victory":true,"max_hp_per_floor":[80,80,80,80,80,80,80,80,80,80,87,87,87,87,87,87,87,87,87,87,87,87,87,87,87,87,87,87,87,87,87,87,87,87,87,87,87,87,87,87,87,87,87,87,87,87,87,87,87,87],"card_choices":[{"not_picked":["True Grit","Intimidate"],"picked":"Body Slam","floor":0},{"not_picked":["Rampage","Battle Trance"],"picked":"Iron Wave","floor":1},{"not_picked":["True Grit","Dual Wield"],"picked":"Body Slam","floor":5},{"not_picked":["Clash","Reckless Charge"],"picked":"Ghostly Armor","floor":7},{"not_picked":["Second Wind","Corruption"],"picked":"Shrug It Off","floor":8},{"not_picked":["Corruption","True Grit","Cleave"],"picked":"SKIP","floor":10},{"not_picked":["Reckless Charge","Uppercut"],"picked":"Thunderclap","floor":12},{"not_picked":["Shrug It Off","Wild Strike"],"picked":"Disarm","floor":14},{"not_picked":["Bludgeon","Reaper"],"picked":"Demon Form","floor":16},{"not_picked":["Heavy Blade","Iron Wave"],"picked":"Burning Pact","floor":18},{"not_picked":["Battle Trance","Clothesline","Perfected Strike+1"],"picked":"SKIP","floor":19},{"not_picked":["Heavy Blade","Burning Pact"],"picked":"Inflame","floor":21},{"not_picked":["Brutality","Wild Strike+1","Spot Weakness"],"picked":"SKIP","floor":23},{"not_picked":["Flex","Carnage","Pommel Strike"],"picked":"SKIP","floor":28},{"not_picked":["Dark Embrace","Feed"],"picked":"Juggernaut","floor":33},{"not_picked":["Clothesline+1","Clash"],"picked":"Intimidate+1","floor":35},{"not_picked":["Swift Strike","Panacea"],"picked":"Trip","floor":37},{"not_picked":["Twin Strike","Pommel Strike+1"],"picked":"Inflame","floor":38},{"not_picked":["Perfected Strike+1","Fiend Fire","Wild Strike"],"picked":"SKIP","floor":41},{"not_picked":["Clothesline","Warcry+1"],"picked":"Dual Wield+1","floor":44},{"not_picked":["Clash","Wild Strike","Anger"],"picked":"SKIP","floor":45},{"not_picked":["Warcry+1","Shockwave+1"],"picked":"Shrug It Off+1","floor":46}],"player_experience":84979,"relics_obtained":[{"floor":8,"key":"Shovel"},{"floor":9,"key":"Mummified Hand"},{"floor":11,"key":"Strawberry"},{"floor":23,"key":"Bronze Scales"},{"floor":24,"key":"Sundial"},{"floor":26,"key":"War Paint"},{"floor":29,"key":"Blood Vial"},{"floor":31,"key":"Bottled Tornado"},{"floor":38,"key":"Peace Pipe"},{"floor":40,"key":"Bottled Flame"},{"floor":41,"key":"Bag of Preparation"},{"floor":41,"key":"Tiny Chest"},{"floor":42,"key":"Boot"},{"floor":43,"key":"Toxic Egg 2"},{"floor":49,"key":"Pen Nib"}],"event_choices":[{"event_name":"Purifier","player_choice":"One Purge","floor":3,"damage_taken":0},{"event_name":"Golden Shrine","player_choice":"Desecrate","floor":4,"damage_taken":0},{"event_name":"N\u0027loth","player_choice":"Traded a Strawberry","floor":22,"damage_taken":0},{"event_name":"Beggar","player_choice":"Gave Gold","floor":25,"damage_taken":0},{"event_name":"Forgotten Altar","player_choice":"Smashed Altar","floor":27,"damage_taken":0},{"event_name":"The Library","player_choice":"Read","floor":30,"damage_taken":0},{"event_name":"SensoryStone","player_choice":"Memory 1","floor":37,"damage_taken":0},{"event_name":"Mysterious Sphere","player_choice":"Fight","floor":38,"damage_taken":0},{"event_name":"Winding Halls","player_choice":"Writhe","floor":39,"damage_taken":0},{"event_name":"Tomb of Lord Red Mask","player_choice":"Paid","floor":47,"damage_taken":0},{"event_name":"Duplicator","player_choice":"One dupe","floor":48,"damage_taken":0}],"boss_relics":[{"not_picked":["Philosopher\u0027s Stone","Runic Pyramid"],"picked":"Velvet Choker"},{"not_picked":["Orrery","Fusion Hammer"],"picked":"Black Star"}],"items_purged_floors":[2,13,20],"is_endless":false,"potions_floor_spawned":[1,5,14,18,28,45,46],"ascension_level":1}