{"gold_per_floor":[113,188,153,172,189,520,520,286,286,306,306,336,336],"floor_reached":13,"playtime":375,"items_purged":["Strike_G"],"score":93,"play_id":"5263510c-ba67-49b6-b66b-ac455129d925","local_time":"20181125160138","is_ascension_mode":false,"campfire_choices":[{"floor":11,"key":"REST"}],"neow_cost":"TEN_PERCENT_HP_LOSS","seed_source_timestamp":165549705299947,"circlet_count":0,"master_deck":["Defend_G","Defend_G","Defend_G","Defend_G","Defend_G","Strike_G","Strike_G","Strike_G","Strike_G","Survivor","Neutralize","Deadly Poison","Noxious Fumes","Bouncing Flask","Poisoned Stab","PiercingWail"],"relics":["Ring of the Snake","Turnip","Old Coin","Potion Belt","Membership Card","Bottled Lightning"],"potions_floor_usage":[12],"damage_taken":[{"damage":5,"enemies":"2 Louse","floor":1,"turns":3},{"damage":0,"enemies":"Small Slimes","floor":4,"turns":3},{"damage":9,"enemies":"Cultist","floor":5,"turns":4},{"damage":27,"enemies":"3 Sentries","floor":6,"turns":6},{"damage":6,"enemies":"Large Slime","floor":10,"turns":6},{"damage":36,"enemies":"Gremlin Nob","floor":12,"turns":5},{"damage":3,"enemies":"Exordium Thugs","floor":13,"turns":3}],"seed_played":"8922496737434646328","potions_obtained":[{"floor":5,"key":"Ancient Potion"},{"floor":6,"key":"FearPotion"}],"is_trial":false,"path_per_floor":["M","?","?","M","M","E","?","$","T","M","R","E","M"],"character_chosen":"THE_SILENT","items_purchased":["Membership Card"],"campfire_rested":1,"item_purchase_floors":[8],"current_hp_per_floor":[58,47,62,62,53,26,26,26,26,20,38,2,0],"gold":336,"neow_bonus":"ONE_RARE_RELIC","is_prod":false,"is_daily":false,"chose_seed":false,"campfire_upgraded":0,"win_rate":0,"timestamp":1543158098,"path_taken":["M","?","?","M","M","E","?","$","T","M","R","E","M"],"build_version":"2018-11-15","purchased_purges":1,"victory":false,"max_hp_per_floor":[63,63,63,63,63,63,63,63,63,63,63,63,63],"card_choices":[{"not_picked":["Sucker Punch","Dagger Throw"],"picked":"Deadly Poison","floor":1},{"not_picked":["Bane","Leg Sweep"],"picked":"Noxious Fumes","floor":4},{"not_picked":["Prepared","Blur"],"picked":"Bouncing Flask","floor":5},{"not_picked":["Distraction","Predator","Cloak And Dagger"],"picked":"SKIP","floor":6},{"not_picked":["Cloak And Dagger","Blade Dance"],"picked":"Poisoned Stab","floor":10},{"not_picked":["Dagger Spray","Dash"],"picked":"PiercingWail","floor":12}],"player_experience":137187,"relics_obtained":[{"floor":6,"key":"Old Coin"},{"floor":12,"key":"Bottled Lightning"}],"event_choices":[{"damage_healed":0,"gold_gain":75,"player_choice":"Gather Gold","damage_taken":11,"max_hp_gain":0,"max_hp_loss":0,"event_name":"World of Goop","floor":2,"gold_loss":0},{"damage_healed":15,"gold_gain":0,"player_choice":"Healed","damage_taken":0,"max_hp_gain":0,"max_hp_loss":0,"event_name":"The Cleric","floor":3,"gold_loss":35},{"damage_healed":0,"gold_gain":0,"player_choice":"Gave Potion","damage_taken":0,"relics_obtained":["Potion Belt"],"max_hp_gain":0,"max_hp_loss":0,"event_name":"WeMeetAgain","floor":7,"gold_loss":0}],"is_beta":false,"boss_relics":[],"items_purged_floors":[8],"is_endless":false,"potions_floor_spawned":[5,6],"killed_by":"Exordium Thugs","ascension_level":0}