{"gold_per_floor":[115,130,55,66,83,83,97,16,43,43,71,83,94,111,111,207,207,222,222,147,178,178,178,204,221,248,248],"floor_reached":27,"playtime":919,"items_purged":["Strike_R"],"score":235,"play_id":"985b8eae-d09e-4b43-a806-c207c2a7c18c","local_time":"20190602233824","is_ascension_mode":false,"campfire_choices":[{"data":"Combust","floor":6,"key":"SMITH"},{"floor":15,"key":"REST"},{"data":"True Grit","floor":23,"key":"SMITH"}],"neow_cost":"NONE","seed_source_timestamp":102570934883686,"circlet_count":0,"master_deck":["Strike_R","Strike_R","Strike_R","Defend_R","Defend_R","Defend_R","Defend_R","Bash","Combust+1","Shrug It Off","Reaper","Pommel Strike","Fire Breathing","Blood for Blood","Fire Breathing","True Grit+1","Metallicize","Brutality","Intimidate","Berserk","Havoc+1"],"relics":["Burning Blood","NeowsBlessing","Omamori","PreservedInsect","Snecko Eye","Bag of Preparation","Red Mask","The Courier","Blood Vial"],"potions_floor_usage":[16,16,24,24],"damage_taken":[{"damage":0,"enemies":"2 Louse","floor":1,"turns":1},{"damage":0,"enemies":"Cultist","floor":2,"turns":1},{"damage":0,"enemies":"Small Slimes","floor":4,"turns":1},{"damage":20,"enemies":"Looter","floor":5,"turns":3},{"damage":2,"enemies":"2 Fungi Beasts","floor":7,"turns":2},{"damage":36,"enemies":"Lagavulin","floor":11,"turns":6},{"damage":17,"enemies":"Large Slime","floor":12,"turns":4},{"damage":17,"enemies":"Exordium Thugs","floor":13,"turns":4},{"damage":15,"enemies":"Exordium Wildlife","floor":14,"turns":4},{"damage":51,"enemies":"The Guardian","floor":16,"turns":11},{"damage":20,"enemies":"Spheric Guardian","floor":18,"turns":4},{"damage":10,"enemies":"Masked Bandits","floor":21,"turns":4},{"damage":56,"enemies":"Gremlin Leader","floor":24,"turns":7},{"damage":19,"enemies":"Chosen","floor":25,"turns":6},{"damage":27,"enemies":"Centurion and Healer","floor":27,"turns":10}],"seed_played":"-8404816117725522549","potions_obtained":[{"floor":1,"key":"Block Potion"},{"floor":2,"key":"LiquidBronze"},{"floor":4,"key":"Strength Potion"},{"floor":13,"key":"Fire Potion"},{"floor":16,"key":"Swift Potion"},{"floor":25,"key":"Dexterity Potion"}],"is_trial":false,"path_per_floor":["M","M","$","M","M","R","M","$","T","?","E","M","M","M","R","B",null,"M","?","?","?","?","R","E","M","T","M"],"character_chosen":"IRONCLAD","items_purchased":["Blood for Blood"],"campfire_rested":1,"item_purchase_floors":[8],"current_hp_per_floor":[80,80,80,80,72,72,76,76,76,76,46,39,36,27,51,10,80,66,66,66,74,74,74,30,21,21,0],"gold":248,"neow_bonus":"THREE_ENEMY_KILL","is_prod":false,"is_daily":false,"chose_seed":false,"campfire_upgraded":2,"win_rate":0,"timestamp":1559511504,"path_taken":["M","M","$","M","M","R","M","$","T","?","E","M","?","?","R","BOSS","M","?","?","?","?","R","E","M","T","M"],"build_version":"2019-01-23","purchased_purges":1,"victory":false,"max_hp_per_floor":[80,80,80,80,80,80,80,80,80,80,80,80,80,80,80,80,80,80,80,80,80,80,80,80,80,80,80],"card_choices":[{"not_picked":["Shrug It Off","Sword Boomerang"],"picked":"Combust","floor":1},{"not_picked":["Sword Boomerang","Entrench"],"picked":"Shrug It Off","floor":2},{"not_picked":["Twin Strike","Sword Boomerang"],"picked":"Reaper","floor":4},{"not_picked":["Battle Trance","Sentinel"],"picked":"Pommel Strike","floor":5},{"not_picked":["Perfected Strike","Clash"],"picked":"Fire Breathing","floor":7},{"not_picked":["Headbutt","Wild Strike","Perfected Strike"],"picked":"SKIP","floor":11},{"not_picked":["Headbutt","Flex"],"picked":"Fire Breathing","floor":12},{"not_picked":["Evolve","Wild Strike"],"picked":"True Grit","floor":13},{"not_picked":["Cleave","Sword Boomerang"],"picked":"Metallicize","floor":14},{"not_picked":["Feed","Juggernaut"],"picked":"Brutality","floor":16},{"not_picked":["Dual Wield+1","Sentinel"],"picked":"Intimidate","floor":18},{"not_picked":["Flex","Pommel Strike"],"picked":"Berserk","floor":24},{"not_picked":["Flex","Reckless Charge"],"picked":"Havoc+1","floor":25}],"player_experience":281625,"relics_obtained":[{"floor":9,"key":"Omamori"},{"floor":11,"key":"PreservedInsect"},{"floor":21,"key":"Red Mask"},{"floor":24,"key":"The Courier"},{"floor":26,"key":"Blood Vial"}],"event_choices":[{"damage_healed":0,"gold_gain":0,"player_choice":"Cursed","damage_taken":0,"max_hp_gain":0,"max_hp_loss":0,"event_name":"Wheel of Change","floor":10,"gold_loss":0,"cards_obtained":["Decay"]},{"damage_healed":0,"gold_gain":0,"player_choice":"Opened","damage_taken":0,"relics_obtained":["Bag of Preparation"],"max_hp_gain":0,"max_hp_loss":0,"event_name":"The Mausoleum","floor":19,"gold_loss":0},{"cards_removed":["Strike_R"],"damage_healed":0,"gold_gain":0,"player_choice":"Gave Gold","damage_taken":0,"max_hp_gain":0,"max_hp_loss":0,"event_name":"Beggar","floor":20,"gold_loss":75},{"damage_healed":0,"gold_gain":0,"player_choice":"Fought Bandits","damage_taken":0,"max_hp_gain":0,"max_hp_loss":0,"event_name":"Masked Bandits","floor":21,"gold_loss":0},{"damage_healed":0,"gold_gain":0,"player_choice":"Ignored","damage_taken":0,"max_hp_gain":0,"max_hp_loss":0,"event_name":"Ghosts","floor":22,"gold_loss":0}],"is_beta":false,"boss_relics":[{"not_picked":["White Beast Statue","Mark of Pain"],"picked":"Snecko Eye"}],"items_purged_floors":[3],"is_endless":false,"potions_floor_spawned":[1,2,4,13,16,25],"killed_by":"Centurion and Healer","ascension_level":0}