{"gold_per_floor":[111,77,77,2,17,17,49,49,49,67,84,101,101,119,119,119],"floor_reached":16,"playtime":611,"items_purged":["Strike_B"],"score":210,"play_id":"9f9b213a-a518-4b7e-a293-c772d6fa1a83","local_time":"20190517182705","is_ascension_mode":true,"campfire_choices":[{"data":"Reinforced Body","floor":6,"key":"SMITH"},{"data":"Recycle","floor":8,"key":"SMITH"},{"data":"Streamline","floor":15,"key":"SMITH"}],"neow_cost":"NONE","seed_source_timestamp":602236289894,"circlet_count":0,"master_deck":["AscendersBane","Strike_B","Strike_B","Strike_B","Defend_B","Defend_B","Defend_B","Defend_B","Zap","Dualcast","Go for the Eyes+1","Reinforced Body+1","Recycle+1","Streamline+1"],"relics":["Cracked Core","NeowsBlessing","Smiling Mask","Boot"],"potions_floor_usage":[11,16],"damage_taken":[{"damage":0,"enemies":"Small Slimes","floor":1,"turns":1},{"damage":0,"enemies":"Jaw Worm","floor":5,"turns":1},{"damage":0,"enemies":"3 Sentries","floor":7,"turns":1},{"damage":0,"enemies":"Cultist","floor":10,"turns":4},{"damage":1,"enemies":"Exordium Thugs","floor":11,"turns":5},{"damage":0,"enemies":"Large Slime","floor":12,"turns":6},{"damage":0,"enemies":"Blue Slaver","floor":14,"turns":4},{"damage":68,"enemies":"Hexaghost","floor":16,"turns":9}],"seed_played":"-5124053845251242930","potions_obtained":[{"floor":5,"key":"FearPotion"},{"floor":10,"key":"Poison Potion"},{"floor":14,"key":"SpeedPotion"}],"is_trial":false,"path_per_floor":["M","$","?","$","M","R","E","R","T","M","M","M","?","M","R","B"],"character_chosen":"DEFECT","items_purchased":["Reinforced Body"],"campfire_rested":0,"item_purchase_floors":[2],"current_hp_per_floor":[68,68,68,68,68,68,68,68,68,68,67,67,67,67,67,0],"gold":119,"neow_bonus":"THREE_ENEMY_KILL","is_prod":false,"is_daily":false,"chose_seed":false,"campfire_upgraded":3,"win_rate":0,"timestamp":1558142825,"path_taken":["M","$","?","$","M","R","E","R","T","M","M","M","?","?","R","BOSS"],"build_version":"2019-01-23","purchased_purges":1,"victory":false,"max_hp_per_floor":[75,75,75,75,75,75,75,75,75,75,75,75,75,75,75,75],"card_choices":[{"not_picked":["Streamline","Stack"],"picked":"Go for the Eyes","floor":1},{"not_picked":["Leap","Force Field","Reprogram"],"picked":"SKIP","floor":5},{"not_picked":["Ball Lightning","Turbo"],"picked":"Recycle","floor":7},{"not_picked":["Recycle","Gash","Aggregate"],"picked":"SKIP","floor":10},{"not_picked":["Barrage","Go for the Eyes","Scrape"],"picked":"SKIP","floor":11},{"not_picked":["Beam Cell","Stack","Sunder"],"picked":"SKIP","floor":12},{"not_picked":["Fusion","Amplify"],"picked":"Streamline","floor":14}],"player_experience":605559,"relics_obtained":[{"floor":7,"key":"Smiling Mask"},{"floor":9,"key":"Boot"}],"event_choices":[{"damage_healed":0,"gold_gain":0,"player_choice":"Ignored","damage_taken":0,"max_hp_gain":0,"max_hp_loss":0,"event_name":"Liars Game","floor":3,"gold_loss":0},{"damage_healed":0,"gold_gain":0,"player_choice":"Forge","damage_taken":0,"max_hp_gain":0,"max_hp_loss":0,"event_name":"Accursed Blacksmith","floor":13,"gold_loss":0,"cards_upgraded":["Go for the Eyes"]}],"is_beta":false,"boss_relics":[],"items_purged_floors":[4],"is_endless":false,"potions_floor_spawned":[5,10,14],"killed_by":"Hexaghost","ascension_level":13}