{"gold_per_floor":[115,40,50,50,50,83,83,101,101,101,1,14,14,27,27,27],"floor_reached":16,"playtime":1002,"items_purged":["Strike_B","Strike_B"],"score":165,"play_id":"bc3b00bb-e258-4243-8a3b-ba17ff2e0a22","local_time":"20190512113146","is_ascension_mode":true,"campfire_choices":[{"floor":7,"key":"REST"},{"floor":10,"key":"REST"},{"floor":15,"key":"REST"}],"neow_cost":"NONE","seed_source_timestamp":529531175331188,"circlet_count":0,"master_deck":["AscendersBane","Strike_B","Defend_B","Defend_B","Defend_B","Defend_B","Zap","Dualcast","Meteor Strike","Self Repair","Scrape","Go for the Eyes","Fission","Parasite"],"relics":["Cracked Core","Pear","Frozen Egg 2"],"potions_floor_usage":[6,6,14],"damage_taken":[{"damage":1,"enemies":"Cultist","floor":1,"turns":3},{"damage":2,"enemies":"2 Louse","floor":3,"turns":2},{"damage":56,"enemies":"Lagavulin","floor":6,"turns":8},{"damage":13,"enemies":"Jaw Worm","floor":8,"turns":4},{"damage":34,"enemies":"Large Slime","floor":12,"turns":8},{"damage":26,"enemies":"Exordium Wildlife","floor":14,"turns":6},{"damage":111,"enemies":"The Guardian","floor":16,"turns":14}],"seed_played":"-2943173083610221220","potions_obtained":[{"floor":1,"key":"FearPotion"},{"floor":3,"key":"Energy Potion"},{"floor":8,"key":"AttackPotion"},{"floor":12,"key":"Ancient Potion"}],"is_trial":false,"path_per_floor":["M","$","M","?","?","E","R","M","T","R","$","M","?","M","R","B"],"character_chosen":"DEFECT","items_purchased":[],"campfire_rested":3,"item_purchase_floors":[],"current_hp_per_floor":[67,67,72,72,72,33,58,52,52,77,77,50,71,52,77,0],"gold":27,"neow_bonus":"ONE_RANDOM_RARE_CARD","is_prod":false,"is_daily":false,"chose_seed":false,"campfire_upgraded":0,"win_rate":0,"timestamp":1557685906,"path_taken":["M","?","M","?","?","E","R","M","T","R","$","M","?","M","R","BOSS"],"build_version":"2019-01-23","purchased_purges":2,"victory":false,"max_hp_per_floor":[75,75,75,75,75,85,85,85,85,85,85,85,85,85,85,85],"card_choices":[{"not_picked":["Stack","Leap"],"picked":"Self Repair","floor":1},{"not_picked":["Barrage","Redo","Gash"],"picked":"SKIP","floor":3},{"not_picked":["Turbo","Barrage","Steam"],"picked":"SKIP","floor":6},{"not_picked":["Heatsinks","Ball Lightning"],"picked":"Go for the Eyes","floor":8},{"not_picked":["Streamline","Hello World+1"],"picked":"Fission","floor":12},{"not_picked":["Heatsinks+1","Gash","Static Discharge+1"],"picked":"SKIP","floor":14}],"player_experience":494467,"relics_obtained":[{"floor":6,"key":"Pear"},{"floor":9,"key":"Frozen Egg 2"}],"event_choices":[{"damage_healed":0,"gold_gain":0,"cards_transformed":["Strike_B"],"player_choice":"Change","damage_taken":0,"max_hp_gain":0,"max_hp_loss":0,"event_name":"Living Wall","floor":4,"gold_loss":0,"cards_obtained":["Scrape"]},{"damage_healed":0,"gold_gain":0,"player_choice":"Ignored","damage_taken":0,"max_hp_gain":0,"max_hp_loss":0,"event_name":"Liars Game","floor":5,"gold_loss":0},{"damage_healed":21,"gold_gain":0,"player_choice":"Healed and dodged fight","damage_taken":0,"max_hp_gain":0,"max_hp_loss":0,"event_name":"Mushrooms","floor":13,"gold_loss":0,"cards_obtained":["Parasite"]}],"is_beta":false,"boss_relics":[],"items_purged_floors":[2,11],"is_endless":false,"potions_floor_spawned":[1,3,8,12],"killed_by":"The Guardian","ascension_level":13}