{"gold_per_floor":[216,47,47,47,71,71,95,118,118,45,58,158,174,174,174,295,295,311,311,330,330,343,343,154,154],"floor_reached":25,"playtime":1282,"items_purged":["Strike_B","Strike_B"],"score":309,"play_id":"24f19003-fa33-4eb9-8f26-c1daed071296","local_time":"20190511231146","is_ascension_mode":true,"campfire_choices":[{"data":"Deep Breath","floor":6,"key":"SMITH"},{"floor":15,"key":"REST"},{"floor":23,"key":"REST"}],"neow_cost":"NONE","seed_source_timestamp":514302893137973,"circlet_count":0,"master_deck":["AscendersBane","Strike_B","Defend_B","Defend_B","Defend_B","Defend_B","Zap","Dualcast","Melter","Deep Breath+1","Gash","Scrape","BootSequence","Seek","Fission","Buffer","Impatience"],"relics":["Cracked Core","Bloody Idol","Pantograph","Nloth\u0027s Gift"],"potions_floor_usage":[16,18,18],"damage_taken":[{"damage":2,"enemies":"Jaw Worm","floor":1,"turns":3},{"damage":10,"enemies":"2 Louse","floor":5,"turns":2},{"damage":1,"enemies":"Cultist","floor":7,"turns":3},{"damage":5,"enemies":"2 Fungi Beasts","floor":8,"turns":4},{"damage":10,"enemies":"Lots of Slimes","floor":11,"turns":3},{"damage":0,"enemies":"3 Louse","floor":13,"turns":3},{"damage":44,"enemies":"The Guardian","floor":16,"turns":12},{"damage":9,"enemies":"Shell Parasite","floor":18,"turns":4},{"damage":0,"enemies":"Spheric Guardian","floor":20,"turns":2},{"damage":30,"enemies":"Centurion and Healer","floor":22,"turns":8},{"damage":56,"enemies":"Gremlin Leader","floor":25,"turns":6}],"seed_played":"7651929977451069710","potions_obtained":[{"floor":1,"key":"Energy Potion"},{"floor":11,"key":"LiquidBronze"},{"floor":16,"key":"Block Potion"}],"is_trial":false,"path_per_floor":["M","$","?","?","M","R","M","M","T","$","M","?","M","?","R","B",null,"M","?","M","?","M","R","$","E"],"character_chosen":"DEFECT","items_purchased":["Deep Breath","Scrape","Impatience"],"campfire_rested":2,"item_purchase_floors":[2,10,24],"current_hp_per_floor":[66,66,66,66,56,56,55,50,50,50,40,40,40,33,53,25,58,49,49,54,54,29,49,49,0],"gold":154,"neow_bonus":"HUNDRED_GOLD","is_prod":false,"is_daily":false,"chose_seed":false,"campfire_upgraded":1,"win_rate":0,"timestamp":1557641506,"path_taken":["M","$","?","?","M","R","?","M","T","$","M","?","?","?","R","BOSS","M","?","M","?","?","R","$","E"],"build_version":"2019-01-23","purchased_purges":2,"victory":false,"max_hp_per_floor":[75,75,69,69,69,69,69,69,69,69,69,69,69,69,69,69,69,69,69,69,69,69,69,69,69],"card_choices":[{"not_picked":["Hologram","Storm"],"picked":"Melter","floor":1},{"not_picked":["Rip and Tear","Redo","Sweeping Beam"],"picked":"SKIP","floor":5},{"not_picked":["Undo","Chill","Static Discharge"],"picked":"SKIP","floor":7},{"not_picked":["Steam","Sweeping Beam"],"picked":"Gash","floor":8},{"not_picked":["Fusion","Doom and Gloom"],"picked":"BootSequence","floor":11},{"not_picked":["Steam","Glacier","Streamline"],"picked":"SKIP","floor":13},{"not_picked":["Rainbow","Multi-Cast"],"picked":"Seek","floor":16},{"not_picked":["Gash","Conserve Battery"],"picked":"Fission","floor":17},{"not_picked":["Go for the Eyes","Leap","Compile Driver"],"picked":"SKIP","floor":18},{"not_picked":["Cold Snap","Loop"],"picked":"Buffer","floor":20},{"not_picked":["Storm","Hologram","Conserve Battery"],"picked":"SKIP","floor":22}],"player_experience":481609,"relics_obtained":[{"floor":9,"key":"Pantograph"}],"event_choices":[{"damage_healed":0,"gold_gain":0,"player_choice":"Lose Max HP","damage_taken":0,"relics_obtained":["Golden Idol"],"max_hp_gain":0,"max_hp_loss":6,"event_name":"Golden Idol","floor":3,"gold_loss":0},{"damage_healed":0,"gold_gain":0,"player_choice":"Leave","damage_taken":0,"max_hp_gain":0,"max_hp_loss":0,"event_name":"FaceTrader","floor":4,"gold_loss":0},{"damage_healed":0,"gold_gain":100,"player_choice":"Pray","damage_taken":0,"max_hp_gain":0,"max_hp_loss":0,"event_name":"Golden Shrine","floor":12,"gold_loss":0},{"cards_removed":["Strike_B"],"damage_healed":0,"gold_gain":0,"player_choice":"Card Removal","damage_taken":7,"max_hp_gain":0,"max_hp_loss":0,"event_name":"Golden Wing","floor":14,"gold_loss":0},{"damage_healed":0,"gold_gain":0,"player_choice":"Gave Idol","damage_taken":0,"relics_obtained":["Bloody Idol"],"max_hp_gain":0,"max_hp_loss":0,"event_name":"Forgotten Altar","floor":19,"relics_lost":["Golden Idol"],"gold_loss":0},{"damage_healed":0,"gold_gain":0,"player_choice":"Traded Relic","damage_taken":0,"relics_obtained":["Nloth\u0027s Gift"],"max_hp_gain":0,"max_hp_loss":0,"event_name":"N\u0027loth","floor":21,"relics_lost":["Orrery"],"gold_loss":0}],"is_beta":false,"boss_relics":[{"not_picked":["Fusion Hammer","Eternal Feather"],"picked":"Orrery"}],"items_purged_floors":[2,24],"is_endless":false,"potions_floor_spawned":[1,11,16],"killed_by":"Gremlin Leader","ascension_level":12}