{"gold_per_floor":[113,130,145,245,259,259,259,277,303,337,337,356,396,26,26,151,151,170,170,170,184,104,104,144,159,182,182,107,131,131,171,171,299,299,322,383,383,383,383,383,396,414,414,414,246,269,288,307,307,307],"floor_reached":50,"playtime":2180,"items_purged":["Strike_B"],"score":759,"play_id":"e659b7f9-7f15-431c-9169-dd21d735f6e2","local_time":"20180715171654","is_ascension_mode":false,"campfire_choices":[{"data":"Zap","floor":6.0,"key":"SMITH"},{"floor":11,"key":"REST"},{"floor":15,"key":"REST"},{"data":"Fission","floor":27,"key":"SMITH"},{"floor":30,"key":"REST"},{"floor":32,"key":"REST"},{"data":"Enlightenment","floor":40,"key":"SMITH"},{"floor":44,"key":"REST"},{"floor":49,"key":"REST"}],"neow_cost":"NONE","seed_source_timestamp":245633900467030,"circlet_count":0,"master_deck":["Strike_B+1","Strike_B+1","Defend_B+1","Zap+1","Dualcast","Electrodynamics","Cold Snap","Barrage","Cold Snap","Beam Cell","Conserve Battery","Conserve Battery","Cold Snap","Barrage","Fission+1","White Noise+1","Loop+1","Storm","Stack+1","Auto Shields+1","Go for the Eyes","Seek","Meteor Strike+1","White Noise+1","Doom and Gloom+1","Double Energy+1","Recycle+1","Dark Shackles","Enlightenment+1","Mind Blast","Cold Snap+1","White Noise+1","Blizzard","Deep Breath","Go for the Eyes+1"],"special_seed":0,"relics":["Cracked Core","Golden Idol","Oddly Smooth Stone","Odd Mushroom","Lantern","Mango","Inserter","Bag of Preparation","Pen Nib","Ornamental Fan","Astrolabe","Sundial","Bottled Tornado","Turnip","Singing Bowl"],"potions_floor_usage":[23,29,33,33,46,50,50],"damage_taken":[{"damage":10.0,"enemies":"2 Louse","floor":1.0,"turns":3.0},{"damage":4.0,"enemies":"Cultist","floor":2.0,"turns":3.0},{"damage":0.0,"enemies":"Small Slimes","floor":3.0,"turns":2.0},{"damage":10.0,"enemies":"Blue Slaver","floor":5.0,"turns":3.0},{"damage":11.0,"enemies":"3 Louse","floor":8.0,"turns":2.0},{"damage":6,"floor":10,"turns":4},{"damage":0,"enemies":"Looter","floor":12,"turns":3},{"damage":14,"enemies":"Lagavulin","floor":13,"turns":6},{"damage":28,"enemies":"The Guardian","floor":16,"turns":11},{"damage":6,"enemies":"Shell Parasite","floor":18,"turns":7},{"damage":2,"enemies":"Chosen","floor":21,"turns":5},{"damage":0,"enemies":"Snake Plant","floor":23,"turns":1},{"damage":44,"enemies":"Book of Stabbing","floor":24,"turns":6},{"damage":3,"enemies":"Centurion and Healer","floor":25,"turns":5},{"damage":20,"enemies":"3 Cultists","floor":29,"turns":5},{"damage":3,"enemies":"Gremlin Leader","floor":31,"turns":6},{"damage":14,"enemies":"Automaton","floor":33,"turns":12},{"damage":5,"enemies":"3 Shapes","floor":35,"turns":2},{"damage":26,"floor":36,"turns":5},{"damage":0,"floor":39,"turns":6},{"damage":7,"enemies":"Orb Walker","floor":41,"turns":3},{"damage":32,"enemies":"Flame Bruiser 2 Orb","floor":42,"turns":3},{"damage":0,"enemies":"Transient","floor":46,"turns":5},{"damage":10,"enemies":"4 Shapes","floor":47,"turns":4},{"damage":10,"enemies":"Sphere and 2 Shapes","floor":48,"turns":3},{"damage":56,"enemies":"Time Eater","floor":50,"turns":3}],"seed_played":"-2612556538763121202","potions_obtained":[{"floor":1.0,"key":"GamblersBrew"},{"floor":8.0,"key":"SkillPotion"},{"floor":12,"key":"SmokeBomb"},{"floor":25,"key":"SkillPotion"},{"floor":29,"key":"Explosive Potion"},{"floor":33,"key":"SkillPotion"},{"floor":35,"key":"Dexterity Potion"},{"floor":42,"key":"FocusPotion"},{"floor":46,"key":"Explosive Potion"}],"is_trial":false,"path_per_floor":["M","M","M","?","M","R","?","M","T","?","R","M","E","$","R","B",null,"M","?","?","M","$","M","E","M","T","R","?","M","R","E","R","B",null,"M","?","?","T","?","R","M","M","T","R","$","M","M","M","R"],"character_chosen":"DEFECT","items_purchased":["Mango","Storm","Blizzard","Deep Breath"],"campfire_rested":6,"item_purchase_floors":[14,22,45,45],"current_hp_per_floor":[65,61,61,61,51,51,33,22,22,16,38,38,24,38,64,36,89,83,83,83,88,88,88,44,41,41,41,41,21,47,44,70,56,89,84,58,48,48,48,48,48,16,16,42,42,44,34,26,53,0],"gold":307,"neow_bonus":"ONE_RANDOM_RARE_CARD","is_prod":false,"is_daily":false,"chose_seed":false,"campfire_upgraded":3,"win_rate":0,"timestamp":1531642614,"path_taken":["M","M","M","?","M","R","?","M","T","?","R","M","E","$","R","BOSS","M","?","?","M","?","?","E","M","T","R","?","M","R","E","R","BOSS","M","?","?","?","?","R","M","?","T","R","$","M","?","M","R","BOSS"],"build_version":"2018-07-12","purchased_purges":1,"victory":false,"max_hp_per_floor":[75,75,75,75,75,75,75,75,75,75,75,75,75,89,89,89,89,89,89,89,89,89,89,89,89,89,89,89,89,89,89,89,89,89,89,89,89,89,89,89,89,89,89,89,89,91,91,93,93,93],"card_choices":[{"not_picked":["Static Discharge","Glacier"],"picked":"Cold Snap","floor":1.0},{"not_picked":["Turbo","Rebound"],"picked":"Barrage","floor":2.0},{"not_picked":["Doom and Gloom","Steam"],"picked":"Cold Snap","floor":3.0},{"not_picked":["Undo","Melter"],"picked":"Beam Cell","floor":5.0},{"not_picked":["Barrage","Turbo"],"picked":"Conserve Battery","floor":8.0},{"not_picked":["Hyperbeam","Recycle"],"picked":"Conserve Battery","floor":10},{"not_picked":["Turbo","Compile Driver"],"picked":"Cold Snap","floor":12},{"not_picked":["Turbo","Sunder"],"picked":"Barrage","floor":13},{"not_picked":["All For One","Reboot"],"picked":"Fission","floor":16},{"not_picked":["Turbo","Tempest+1"],"picked":"White Noise+1","floor":18},{"not_picked":["Gash","Compile Driver"],"picked":"Loop+1","floor":21},{"not_picked":["Hyperbeam","FTL"],"picked":"Stack+1","floor":24},{"not_picked":["Conserve Battery","Sweeping Beam+1"],"picked":"Auto Shields+1","floor":25},{"not_picked":["Hologram","Beam Cell"],"picked":"Go for the Eyes","floor":29},{"not_picked":["Fission","Hyperbeam","Scrape"],"picked":"SKIP","floor":31},{"not_picked":["Electrodynamics","Reboot"],"picked":"Seek","floor":33},{"not_picked":["Hologram","Rip and Tear+1"],"picked":"Double Energy+1","floor":35},{"not_picked":["Lockon+1","Turbo"],"picked":"Recycle+1","floor":36},{"not_picked":["Sadistic Nature","Transmutation"],"picked":"Dark Shackles","floor":37},{"not_picked":["Good Instincts","Thinking Ahead"],"picked":"Enlightenment","floor":37},{"not_picked":["Sadistic Nature","Flash of Steel"],"picked":"Mind Blast","floor":37},{"not_picked":["Heatsinks","Steam+1"],"picked":"Cold Snap+1","floor":39},{"not_picked":["Fusion","Skim","Rip and Tear"],"picked":"SKIP","floor":41},{"not_picked":["Chaos","Ball Lightning"],"picked":"White Noise+1","floor":42},{"not_picked":["Steam+1","Turbo","Compile Driver"],"picked":"Singing Bowl","floor":46},{"not_picked":["Coolheaded","Darkness+1"],"picked":"Go for the Eyes+1","floor":47},{"not_picked":["Reinforced Body+1","Redo","Rebound+1"],"picked":"Singing Bowl","floor":48}],"player_experience":172448,"relics_obtained":[{"floor":9.0,"key":"Oddly Smooth Stone"},{"floor":10,"key":"Odd Mushroom"},{"floor":13,"key":"Lantern"},{"floor":24,"key":"Bag of Preparation"},{"floor":26,"key":"Pen Nib"},{"floor":31,"key":"Ornamental Fan"},{"floor":36,"key":"Sundial"},{"floor":38,"key":"Bottled Tornado"},{"floor":39,"key":"Turnip"},{"floor":43,"key":"Singing Bowl"}],"event_choices":[{"event_name":"Wheel of Change","player_choice":"Gold","floor":4.0,"damage_taken":0.0},{"event_name":"Golden Idol","player_choice":"Take Damage","floor":7.0,"damage_taken":0.0},{"event_name":"Mushrooms","player_choice":"Fought Mushrooms","floor":10,"damage_taken":0},{"event_name":"Drug Dealer","player_choice":"Ignored","floor":19,"damage_taken":0},{"event_name":"Back to Basics","player_choice":"Simplicity","floor":20,"damage_taken":0},{"event_name":"Beggar","player_choice":"Gave Gold","floor":28,"damage_taken":0},{"event_name":"Mysterious Sphere","player_choice":"Fight","floor":36,"damage_taken":0},{"event_name":"SensoryStone","player_choice":"Memory 3","floor":37,"damage_taken":0},{"event_name":"MindBloom","player_choice":"Fight","floor":39,"damage_taken":0}],"boss_relics":[{"not_picked":["Runic Pyramid","Philosopher\u0027s Stone"],"picked":"Inserter"},{"not_picked":["Velvet Choker","Coffee Dripper"],"picked":"Astrolabe"}],"items_purged_floors":[14],"is_endless":false,"potions_floor_spawned":[1,8,12,25,29,33,35,42,46,47],"killed_by":"Time Eater","ascension_level":0}