{"gold_per_floor":[116,41,51,66,76,76,76,76,127,139,168,180,192,219,231,348,360,386,398,410,409,121,121,121,121,421,433,468,468,487,503,503,598,598,616,616,636,636,654,688,28,28,28,28,3,23,53,53,53,53],"floor_reached":51,"playtime":2150,"items_purged":["Strike_R","Brutality","Sword Boomerang+1"],"score":840,"play_id":"a7d05ac1-0e5d-494d-a0da-28e57038a9e6","local_time":"20181201082928","is_ascension_mode":false,"campfire_choices":[{"data":"Shrug It Off","floor":6,"key":"SMITH"},{"data":"Shrug It Off","floor":8,"key":"SMITH"},{"data":"Bash","floor":10,"key":"SMITH"},{"data":"Strike_R","floor":13,"key":"SMITH"},{"data":"Strike_R","floor":15,"key":"SMITH"},{"data":"Sword Boomerang","floor":23,"key":"SMITH"},{"data":"Berserk","floor":32,"key":"SMITH"},{"data":"True Grit","floor":49,"key":"SMITH"}],"neow_cost":"PERCENT_DAMAGE","seed_source_timestamp":67498714667669,"circlet_count":0,"master_deck":["Strike_R+1","Strike_R+1","Defend_R","Defend_R","Bash+1","Shrug It Off+1","Shrug It Off+1","Body Slam+1","Berserk+1","Iron Wave+1","Battle Trance","True Grit+1","Master of Strategy","Shrug It Off","Madness","Madness"],"relics":["Burning Blood","MawBank","Runic Pyramid","Letter Opener","TheAbacus","Old Coin","Lantern","Orichalcum","Black Star","Centennial Puzzle","Whetstone","Meat on the Bone","Strawberry","Smiling Mask","Pen Nib"],"potions_floor_usage":[16,16,33,35,40,40,47,47,50,50],"damage_taken":[{"damage":1,"enemies":"Cultist","floor":1,"turns":3},{"damage":1,"enemies":"Jaw Worm","floor":3,"turns":5},{"damage":4,"enemies":"2 Louse","floor":4,"turns":3},{"damage":15,"enemies":"Exordium Wildlife","floor":5,"turns":9},{"damage":10,"enemies":"3 Louse","floor":11,"turns":4},{"damage":5,"enemies":"Looter","floor":14,"turns":3},{"damage":28,"enemies":"The Guardian","floor":16,"turns":12},{"damage":9,"enemies":"Shell Parasite","floor":18,"turns":7},{"damage":12,"enemies":"2 Thieves","floor":21,"turns":4},{"damage":8,"enemies":"Shelled Parasite and Fungi","floor":27,"turns":4},{"damage":10,"enemies":"Book of Stabbing","floor":28,"turns":5},{"damage":0,"enemies":"Snake Plant","floor":30,"turns":4},{"damage":7,"enemies":"Snecko","floor":31,"turns":4},{"damage":0,"enemies":"Champ","floor":33,"turns":8},{"damage":18,"enemies":"Orb Walker","floor":35,"turns":6},{"damage":0,"enemies":"3 Darklings","floor":37,"turns":5},{"damage":12,"enemies":"Jaw Worm Horde","floor":39,"turns":6},{"damage":48,"enemies":"Nemesis","floor":40,"turns":9},{"damage":6,"enemies":"Spire Growth","floor":46,"turns":4},{"damage":9,"enemies":"Reptomancer","floor":47,"turns":6},{"damage":17,"enemies":"Time Eater","floor":50,"turns":8}],"seed_played":"1639436120994106910","potions_obtained":[{"floor":1,"key":"PowerPotion"},{"floor":4,"key":"Swift Potion"},{"floor":11,"key":"FearPotion"},{"floor":28,"key":"Poison Potion"},{"floor":31,"key":"Swift Potion"},{"floor":33,"key":"Fire Potion"},{"floor":39,"key":"SpeedPotion"},{"floor":40,"key":"Poison Potion"},{"floor":47,"key":"AttackPotion"}],"is_trial":false,"path_per_floor":["M","$","M","M","M","R","?","R","T","R","M","$","R","M","R","B",null,"M","?","T","M","$","R","?","?","T","M","E","?","M","M","R","B",null,"M","?","M","?","M","E","$","?","T","?","$","M","E","?","R","B",null],"character_chosen":"IRONCLAD","items_purchased":["TheAbacus","Master of Strategy","Meat on the Bone","Energy Potion","SpeedPotion","Shrug It Off"],"campfire_rested":0,"item_purchase_floors":[22,41,41,41,41,45],"current_hp_per_floor":[61,61,66,68,59,59,59,59,59,59,55,55,55,56,56,34,80,77,77,77,71,71,71,71,71,71,72,68,68,74,73,73,79,83,71,71,77,77,71,29,29,29,36,79,79,79,76,66,66,55],"gold":53,"neow_bonus":"REMOVE_TWO","is_prod":false,"is_daily":false,"chose_seed":false,"campfire_upgraded":8,"win_rate":0,"timestamp":1543649368,"path_taken":["M","$","M","M","?","R","?","R","T","R","?","$","R","M","R","BOSS","M","?","?","M","$","R","?","?","T","M","E","?","?","M","R","BOSS","M","?","M","?","M","E","$","?","T","?","?","M","E","?","R","BOSS"],"build_version":"2018-11-15","purchased_purges":3,"victory":true,"max_hp_per_floor":[80,80,80,80,80,80,80,80,80,80,80,80,80,80,80,80,80,80,80,80,80,80,80,80,80,80,83,83,83,83,83,83,83,83,83,83,83,83,83,83,83,83,90,79,79,79,79,79,79,79],"card_choices":[{"not_picked":["Bloodletting","Intimidate","Warcry"],"picked":"SKIP","floor":1},{"not_picked":["Armaments","Sword Boomerang"],"picked":"Shrug It Off","floor":3},{"not_picked":["Second Wind","Rampage"],"picked":"Shrug It Off","floor":4},{"not_picked":["Perfected Strike","Dual Wield","Wild Strike"],"picked":"SKIP","floor":5},{"not_picked":["Wild Strike","Fire Breathing","Clash"],"picked":"SKIP","floor":11},{"not_picked":["Uppercut","Reckless Charge","Warcry"],"picked":"SKIP","floor":14},{"not_picked":["Feed","Double Tap"],"picked":"Brutality","floor":16},{"not_picked":["Armaments","Hemokinesis"],"picked":"Sword Boomerang","floor":18},{"not_picked":["Havoc","Shrug It Off"],"picked":"Body Slam+1","floor":21},{"not_picked":["Armaments","Sword Boomerang","Hemokinesis"],"picked":"SKIP","floor":27},{"not_picked":["Dark Embrace","Infernal Blade","Wild Strike"],"picked":"SKIP","floor":28},{"not_picked":["Clash","Blood for Blood","Armaments"],"picked":"SKIP","floor":30},{"not_picked":["Blood for Blood+1","Perfected Strike","Carnage"],"picked":"SKIP","floor":31},{"not_picked":["Armaments+1","Thunderclap"],"picked":"Battle Trance","floor":35},{"not_picked":["Headbutt","Iron Wave","Clothesline+1"],"picked":"SKIP","floor":37},{"not_picked":["Anger","Battle Trance+1","Uppercut"],"picked":"SKIP","floor":39},{"not_picked":["Havoc","Shrug It Off+1"],"picked":"True Grit","floor":40},{"not_picked":["Berserk","Evolve","Headbutt+1"],"picked":"SKIP","floor":46},{"not_picked":["True Grit","Second Wind+1","Thunderclap+1"],"picked":"SKIP","floor":47}],"player_experience":161493,"relics_obtained":[{"floor":9,"key":"MawBank"},{"floor":20,"key":"Letter Opener"},{"floor":26,"key":"Old Coin"},{"floor":28,"key":"Lantern"},{"floor":40,"key":"Centennial Puzzle"},{"floor":40,"key":"Whetstone"},{"floor":43,"key":"Strawberry"},{"floor":47,"key":"Smiling Mask"},{"floor":47,"key":"Pen Nib"}],"event_choices":[{"damage_healed":0,"gold_gain":0,"player_choice":"0 cards matched","damage_taken":0,"max_hp_gain":0,"max_hp_loss":0,"event_name":"Match and Keep!","floor":7,"gold_loss":0,"cards_obtained":[]},{"damage_healed":0,"gold_gain":0,"player_choice":"Ignored","damage_taken":0,"max_hp_gain":0,"max_hp_loss":0,"event_name":"Vampires","floor":19,"gold_loss":0},{"damage_healed":0,"gold_gain":0,"player_choice":"Read","damage_taken":0,"max_hp_gain":0,"max_hp_loss":0,"event_name":"The Library","floor":24,"gold_loss":0,"cards_obtained":["Feed"]},{"damage_healed":0,"gold_gain":0,"cards_transformed":["Strike_R","Defend_R"],"player_choice":"Became Test Subject","damage_taken":0,"max_hp_gain":0,"max_hp_loss":0,"event_name":"Drug Dealer","floor":25,"gold_loss":0,"cards_obtained":["Berserk","Iron Wave"]},{"damage_healed":0,"gold_gain":0,"player_choice":"Opened","damage_taken":0,"relics_obtained":["Orichalcum"],"max_hp_gain":0,"max_hp_loss":0,"event_name":"The Mausoleum","floor":29,"gold_loss":0},{"damage_healed":0,"gold_gain":0,"player_choice":"Ignored","damage_taken":0,"max_hp_gain":0,"max_hp_loss":0,"event_name":"Mysterious Sphere","floor":36,"gold_loss":0},{"damage_healed":0,"gold_gain":0,"player_choice":"Ignored","damage_taken":0,"max_hp_gain":0,"max_hp_loss":0,"event_name":"Tomb of Lord Red Mask","floor":38,"gold_loss":0},{"cards_removed":["Feed"],"damage_healed":0,"gold_gain":0,"player_choice":"Removed Attack","damage_taken":0,"max_hp_gain":0,"max_hp_loss":0,"event_name":"Falling","floor":42,"gold_loss":0},{"damage_healed":79,"gold_gain":0,"player_choice":"Heal","damage_taken":0,"max_hp_gain":0,"max_hp_loss":11,"event_name":"The Moai Head","floor":44,"gold_loss":0},{"damage_healed":0,"gold_gain":0,"player_choice":"Embrace Madness","damage_taken":10,"max_hp_gain":0,"max_hp_loss":0,"event_name":"Winding Halls","floor":48,"gold_loss":0,"cards_obtained":["Madness","Madness"]}],"is_beta":false,"boss_relics":[{"not_picked":["Calling Bell","Velvet Choker"],"picked":"Runic Pyramid"},{"not_picked":["Fusion Hammer","Astrolabe"],"picked":"Black Star"}],"items_purged_floors":[2,22,41],"is_endless":false,"potions_floor_spawned":[1,4,11,28,31,33,39,40,47],"ascension_level":0}