{"gold_per_floor":[116,66,66,80,5,38,53,53,53,68,68,81,98,112,112,213,213,231,146,164,164,184,217,217,234,234,268,367,33,33,53,53,150,150,167,167,127,139,158,189,189,189,214,214,264,264,264,278,278,278,278,278,103,133,133],"floor_reached":56,"playtime":3722,"items_purged":["Defend_B","Strike_B"],"score":1361,"play_id":"cd14c01d-d526-498f-ab90-38c8e0d77ef7","local_time":"20190426143834","is_ascension_mode":true,"campfire_choices":[{"floor":11,"key":"REST"},{"floor":15,"key":"REST"},{"floor":24,"key":"REST"},{"floor":30,"key":"REST"},{"floor":32,"key":"REST"},{"data":"Electrodynamics","floor":42,"key":"SMITH"},{"floor":44,"key":"RECALL"},{"floor":49,"key":"REST"},{"data":"Master of Strategy","floor":52,"key":"SMITH"}],"neow_cost":"NONE","seed_source_timestamp":1053015849055368,"circlet_count":0,"master_deck":["Strike_B","Strike_B","Defend_B","Defend_B","Zap","Dualcast","Streamline+1","Darkness","Electrodynamics+1","Ball Lightning+1","Hologram+1","Ghostly","Ghostly","Ghostly","Ghostly","Ghostly","Scrape+1","FTL+1","Echo Form+1","Capacitor+1","Barrage+1","Melter+1","Electrodynamics+1","Gash+1","Streamline+1","Double Energy+1","Hello World+1","Madness","Madness","The Bomb","Panache+1","Master of Strategy+1","Defragment+1","Capacitor+1","Redo+1"],"relics":["Cracked Core","NeowsBlessing","Mummified Hand","Molten Egg 2","Snecko Eye","Ornamental Fan","Darkstone Periapt","Frozen Egg 2","Bag of Marbles","Cables","Runic Dome","Regal Pillow","Bronze Scales","Gremlin Horn"],"potions_floor_usage":[16,22,31,33,33,33,50,54,55,55],"damage_taken":[{"damage":0,"enemies":"Jaw Worm","floor":1,"turns":1},{"damage":0,"enemies":"Cultist","floor":4,"turns":1},{"damage":0,"enemies":"3 Sentries","floor":6,"turns":1},{"damage":14,"enemies":"Small Slimes","floor":7,"turns":2},{"damage":21,"enemies":"2 Fungi Beasts","floor":10,"turns":3},{"damage":6,"enemies":"Looter","floor":12,"turns":2},{"damage":18,"enemies":"Exordium Wildlife","floor":13,"turns":3},{"damage":15,"enemies":"Large Slime","floor":14,"turns":5},{"damage":48,"enemies":"The Guardian","floor":16,"turns":8},{"damage":7,"enemies":"Chosen","floor":18,"turns":3},{"damage":18,"enemies":"Shell Parasite","floor":20,"turns":3},{"damage":8,"enemies":"Chosen and Byrds","floor":22,"turns":4},{"damage":3,"enemies":"Book of Stabbing","floor":23,"turns":6},{"damage":15,"enemies":"Centurion and Healer","floor":25,"turns":6},{"damage":1,"enemies":"Gremlin Leader","floor":27,"turns":7},{"damage":4,"enemies":"Cultist and Chosen","floor":31,"turns":5},{"damage":2,"enemies":"Automaton","floor":33,"turns":6},{"damage":0,"enemies":"Orb Walker","floor":35,"turns":2},{"damage":0,"enemies":"3 Shapes","floor":38,"turns":1},{"damage":1,"enemies":"Spire Growth","floor":39,"turns":4},{"damage":1,"enemies":"Reptomancer","floor":40,"turns":4},{"damage":2,"enemies":"Jaw Worm Horde","floor":48,"turns":2},{"damage":6,"enemies":"Donu and Deca","floor":50,"turns":6},{"damage":0,"enemies":"Shield and Spear","floor":54,"turns":3},{"damage":48,"enemies":"The Heart","floor":55,"turns":8}],"seed_played":"4825748938927543667","potions_obtained":[{"floor":1,"key":"FearPotion"},{"floor":4,"key":"AttackPotion"},{"floor":12,"key":"PowerPotion"},{"floor":16,"key":"Weak Potion"},{"floor":18,"key":"Fire Potion"},{"floor":22,"key":"Dexterity Potion"},{"floor":31,"key":"Poison Potion"},{"floor":37,"key":"Poison Potion"},{"floor":37,"key":"SneckoOil"},{"floor":37,"key":"AttackPotion"},{"floor":48,"key":"Regen Potion"},{"floor":54,"key":"Regen Potion"}],"is_trial":false,"path_per_floor":["M","?","?","M","$","E","M","$","T","M","R","M","M","M","R","B",null,"M","?","M","?","M","E","R","M","T","E","?","$","R","M","R","B",null,"M","?","?","M","M","E","?","R","T","R","T","?","?","M","R","B",null,"R","$","E","B",null],"character_chosen":"DEFECT","items_purchased":["Cables","Capacitor+1","Barrage+1","Capacitor+1"],"campfire_rested":6,"item_purchase_floors":[29,29,29,53],"current_hp_per_floor":[75,75,80,80,80,80,66,66,66,45,69,63,45,30,54,6,80,73,73,55,40,32,29,40,25,25,24,24,24,36,32,40,38,40,40,40,40,40,39,38,33,33,33,33,33,33,23,21,40,34,40,40,40,40,31],"gold":133,"neow_bonus":"THREE_ENEMY_KILL","is_prod":false,"is_daily":false,"chose_seed":false,"campfire_upgraded":2,"win_rate":0,"timestamp":1556314714,"path_taken":["M","?","?","M","?","E","?","$","T","M","R","M","M","M","R","BOSS","M","?","M","?","M","E","R","M","T","E","?","?","R","?","R","BOSS","M","?","?","M","?","E","?","R","T","R","?","?","?","M","R","BOSS","R","$","E","BOSS"],"build_version":"2019-01-23","purchased_purges":2,"victory":true,"max_hp_per_floor":[75,75,80,80,80,80,80,80,80,80,80,80,80,80,80,80,80,80,80,80,40,40,40,40,40,40,40,40,40,40,40,40,40,40,40,40,40,40,40,40,40,40,40,40,40,40,40,40,40,40,40,40,40,40,40],"card_choices":[{"not_picked":["Hello World","Stack","Beam Cell"],"picked":"SKIP","floor":1},{"not_picked":["Fusion","Heatsinks","Conserve Battery"],"picked":"SKIP","floor":4},{"not_picked":["Reprogram","Rebound","Tempest"],"picked":"SKIP","floor":6},{"not_picked":["Reprogram","Rebound","Tempest"],"picked":"SKIP","floor":6},{"not_picked":["Cold Snap","Force Field","Chill"],"picked":"SKIP","floor":7},{"not_picked":["Barrage+1","Cold Snap+1"],"picked":"Streamline+1","floor":10},{"not_picked":["Genetic Algorithm","Cold Snap+1"],"picked":"Darkness","floor":12},{"not_picked":["Heatsinks","Storm","Coolheaded"],"picked":"SKIP","floor":13},{"not_picked":["Static Discharge","Hologram","Conserve Battery"],"picked":"SKIP","floor":14},{"not_picked":["Amplify","Reboot"],"picked":"Electrodynamics","floor":16},{"not_picked":["Fusion","Compile Driver+1"],"picked":"Ball Lightning+1","floor":18},{"not_picked":["Redo","Compile Driver+1"],"picked":"Hologram+1","floor":20},{"not_picked":["Glacier","BootSequence","Sunder+1"],"picked":"SKIP","floor":22},{"not_picked":["Rip and Tear+1","Reinforced Body"],"picked":"Scrape+1","floor":23},{"not_picked":["Beam Cell+1","Redo+1"],"picked":"FTL+1","floor":25},{"not_picked":["Reprogram","Beam Cell+1"],"picked":"Echo Form+1","floor":27},{"not_picked":["Rebound+1","Darkness"],"picked":"Melter+1","floor":31},{"not_picked":["Multi-Cast","Fission"],"picked":"Electrodynamics+1","floor":33},{"not_picked":["Skim+1","White Noise+1"],"picked":"Gash+1","floor":35},{"not_picked":["Cold Snap+1","Genetic Algorithm"],"picked":"Streamline+1","floor":38},{"not_picked":["Turbo+1","Ball Lightning+1"],"picked":"Double Energy+1","floor":39},{"not_picked":["Defragment+1","Fusion"],"picked":"Hello World+1","floor":40},{"not_picked":["Thinking Ahead","Trip"],"picked":"The Bomb","floor":47},{"not_picked":["Thinking Ahead","Finesse"],"picked":"Panache+1","floor":47},{"not_picked":["Deep Breath","Blind"],"picked":"Master of Strategy","floor":47},{"not_picked":["Rip and Tear+1","Gash+1"],"picked":"Defragment+1","floor":48},{"not_picked":["Rebound+1","Cold Snap+1"],"picked":"Redo+1","floor":54}],"player_experience":125475,"relics_obtained":[{"floor":6,"key":"Mummified Hand"},{"floor":9,"key":"Molten Egg 2"},{"floor":23,"key":"Darkstone Periapt"},{"floor":26,"key":"Frozen Egg 2"},{"floor":27,"key":"Bag of Marbles"},{"floor":40,"key":"Regal Pillow"},{"floor":43,"key":"Bronze Scales"},{"floor":54,"key":"Gremlin Horn"}],"event_choices":[{"cards_removed":["Defend_B"],"damage_healed":0,"gold_gain":0,"player_choice":"Card Removal","damage_taken":0,"max_hp_gain":0,"max_hp_loss":0,"event_name":"The Cleric","floor":2,"gold_loss":50},{"damage_healed":0,"gold_gain":0,"player_choice":"Donut","damage_taken":0,"max_hp_gain":5,"max_hp_loss":0,"event_name":"Big Fish","floor":3,"gold_loss":0},{"damage_healed":0,"gold_gain":0,"player_choice":"Obtained Relic","damage_taken":0,"relics_obtained":["Ornamental Fan"],"max_hp_gain":0,"max_hp_loss":0,"event_name":"Addict","floor":19,"gold_loss":85},{"damage_healed":0,"gold_gain":0,"player_choice":"Became a Ghost","damage_taken":0,"max_hp_gain":0,"max_hp_loss":40,"event_name":"Ghosts","floor":21,"gold_loss":0,"cards_obtained":["Ghostly","Ghostly","Ghostly","Ghostly","Ghostly"]},{"damage_healed":0,"gold_gain":99,"player_choice":"Stole From Cult","damage_taken":0,"max_hp_gain":0,"max_hp_loss":0,"event_name":"Nest","floor":28,"gold_loss":0},{"cards_removed":["Strike_B"],"damage_healed":0,"gold_gain":0,"player_choice":"Removed Attack","damage_taken":0,"max_hp_gain":0,"max_hp_loss":0,"event_name":"Falling","floor":36,"gold_loss":0},{"damage_healed":0,"gold_gain":0,"player_choice":"Bought 3 Potions","damage_taken":0,"max_hp_gain":0,"max_hp_loss":0,"event_name":"The Woman in Blue","floor":37,"gold_loss":0},{"damage_healed":0,"gold_gain":0,"player_choice":"Embrace Madness","damage_taken":5,"max_hp_gain":0,"max_hp_loss":0,"event_name":"Winding Halls","floor":41,"gold_loss":0,"cards_obtained":["Madness","Madness"]},{"damage_healed":0,"gold_gain":0,"player_choice":"Ignored","damage_taken":0,"max_hp_gain":0,"max_hp_loss":0,"event_name":"Mysterious Sphere","floor":46,"gold_loss":0},{"damage_healed":0,"gold_gain":0,"player_choice":"Memory 3","damage_taken":10,"max_hp_gain":0,"max_hp_loss":0,"event_name":"SensoryStone","floor":47,"gold_loss":0}],"is_beta":false,"boss_relics":[{"not_picked":["Calling Bell","Ectoplasm"],"picked":"Snecko Eye"},{"not_picked":["Cursed Key","White Beast Statue"],"picked":"Runic Dome"}],"items_purged_floors":[5,53],"is_endless":false,"potions_floor_spawned":[1,4,12,16,18,22,25,31,48,54],"ascension_level":2}