{"gold_per_floor":[167,117,130,146,146,146,181,181,262,262,281,297,325,341,341,438,438,454,369,383,41,141,141,157,157,169,181,193,237,249,281,293,406,418,444,531,556,70,87,87,37,37,64,82,82,116,116],"floor_reached":47,"playtime":3894,"items_purged":["Strike_G"],"score":796,"play_id":"c247b8b2-ef2d-4fa9-9b4a-e44ee1f90175","local_time":"20190328034028","is_ascension_mode":true,"campfire_choices":[{"data":"Crippling Poison","floor":6,"key":"SMITH"},{"data":"Footwork","floor":8,"key":"SMITH"},{"data":"Neutralize","floor":10,"key":"SMITH"},{"data":"Footwork","floor":15,"key":"SMITH"},{"floor":23,"key":"REST"},{"data":"Burst","floor":28,"key":"SMITH"},{"data":"Footwork","floor":30,"key":"SMITH"},{"data":"Terror","floor":32,"key":"SMITH"},{"floor":40,"key":"REST"},{"data":"A Thousand Cuts","floor":42,"key":"SMITH"}],"neow_cost":"NONE","seed_source_timestamp":443156526518571,"circlet_count":0,"master_deck":["Survivor","Neutralize+1","Flying Knee","Footwork+1","Terror+1","PiercingWail","Crippling Poison+1","All Out Attack","Dagger Throw","Blur","Footwork+1","Burst+1","Backflip","Crippling Poison+1","Footwork+1","Acrobatics","PiercingWail","Dodge and Roll","Poisoned Stab+1","Predator+1","A Thousand Cuts+1","Heel Hook+1","Wraith Form v2","Bane+1","Dash+1","Dash+1","Tools of the Trade","Deflect","PiercingWail","Backflip+1","Dodge and Roll","Acrobatics+1","Deadly Poison","Writhe"],"relics":["Tiny House","Pen Nib","Singing Bowl","Dream Catcher","Sozu","Oddly Smooth Stone","DollysMirror","Gambling Chip","Molten Egg 2","MawBank","Turnip","PreservedInsect","Pandora\u0027s Box","Sling","Bag of Marbles","Juzu Bracelet","Centennial Puzzle","Sundial"],"potions_floor_usage":[7,13,13,16],"damage_taken":[{"damage":0,"enemies":"2 Louse","floor":1,"turns":2},{"damage":0,"enemies":"Small Slimes","floor":3,"turns":4},{"damage":0,"enemies":"Cultist","floor":4,"turns":4},{"damage":2,"enemies":"Lagavulin","floor":7,"turns":7},{"damage":6,"enemies":"Exordium Thugs","floor":11,"turns":5},{"damage":3,"enemies":"Looter","floor":12,"turns":3},{"damage":22,"enemies":"Gremlin Nob","floor":13,"turns":4},{"damage":0,"enemies":"2 Fungi Beasts","floor":14,"turns":2},{"damage":0,"enemies":"Hexaghost","floor":16,"turns":10},{"damage":2,"enemies":"Chosen","floor":18,"turns":6},{"damage":12,"enemies":"Spheric Guardian","floor":20,"turns":5},{"damage":9,"enemies":"Colosseum Slavers","floor":22,"turns":5},{"damage":29,"enemies":"Colosseum Nobs","floor":22,"turns":4},{"damage":8,"enemies":"Snecko","floor":24,"turns":6},{"damage":5,"enemies":"Slavers","floor":29,"turns":4},{"damage":0,"enemies":"Centurion and Healer","floor":31,"turns":8},{"damage":29,"enemies":"Automaton","floor":33,"turns":12},{"damage":5,"enemies":"Orb Walker","floor":35,"turns":3},{"damage":15,"enemies":"3 Shapes","floor":37,"turns":3},{"damage":6,"enemies":"Jaw Worm Horde","floor":39,"turns":4},{"damage":17,"enemies":"Spire Growth","floor":44,"turns":7},{"damage":45,"enemies":"Reptomancer","floor":46,"turns":5},{"damage":28,"enemies":"3 Darklings","floor":47,"turns":3}],"seed_played":"3134655135527140479","potions_obtained":[{"floor":0,"key":"Regen Potion"},{"floor":1,"key":"PowerPotion"},{"floor":3,"key":"Explosive Potion"},{"floor":4,"key":"PowerPotion"},{"floor":7,"key":"LiquidBronze"},{"floor":14,"key":"Strength Potion"}],"is_trial":false,"path_per_floor":["M","?","M","M","?","R","E","R","T","R","M","M","E","M","R","B",null,"M","?","M","$","?","R","M","?","T","?","R","E","R","M","R","B",null,"M","?","M","$","M","R","$","R","T","M","?","E","M"],"character_chosen":"THE_SILENT","items_purchased":["DollysMirror","Footwork","Sling","Bag of Marbles","Juzu Bracelet","Deadly Poison"],"campfire_rested":2,"item_purchase_floors":[21,21,38,38,38,41],"current_hp_per_floor":[68,68,68,68,68,68,66,66,66,66,62,59,46,46,46,46,69,69,69,57,57,19,42,34,34,34,60,60,55,55,55,55,26,66,61,54,39,39,35,59,59,59,59,44,65,22,0],"gold":116,"neow_bonus":"BOSS_RELIC","is_prod":false,"is_daily":false,"chose_seed":false,"campfire_upgraded":8,"win_rate":0,"timestamp":1553758828,"path_taken":["M","?","M","M","?","R","E","R","T","R","?","M","E","M","R","BOSS","M","?","M","$","?","R","M","?","T","?","R","E","R","M","R","BOSS","M","?","?","$","M","R","$","R","T","M","?","E","M"],"build_version":"2019-01-23","purchased_purges":1,"victory":false,"max_hp_per_floor":[75,75,75,75,75,75,75,75,75,75,77,77,77,77,77,77,77,79,79,79,79,79,79,79,79,79,79,79,79,79,79,79,79,79,79,79,79,79,81,81,81,81,81,83,83,85,85],"card_choices":[{"not_picked":["Finisher","Eviscerate"],"picked":"Flying Knee","floor":0},{"not_picked":["Accuracy","Well Laid Plans"],"picked":"Footwork","floor":1},{"not_picked":["Concentrate","Reflex"],"picked":"Terror","floor":3},{"not_picked":["Accuracy","Endless Agony"],"picked":"PiercingWail","floor":4},{"not_picked":["Dash","Leg Sweep"],"picked":"All Out Attack","floor":7},{"not_picked":["Slice","Concentrate","Underhanded Strike"],"picked":"Singing Bowl","floor":11},{"not_picked":["Outmaneuver","Bane"],"picked":"Dagger Throw","floor":12},{"not_picked":["Dagger Throw","Eviscerate"],"picked":"Blur","floor":13},{"not_picked":["Deflect","Prepared"],"picked":"Footwork","floor":14},{"not_picked":["Die Die Die","Wraith Form v2"],"picked":"Burst","floor":16},{"not_picked":["Poisoned Stab","Slice","Blade Dance"],"picked":"Singing Bowl","floor":18},{"not_picked":["PiercingWail","Slice"],"picked":"Backflip","floor":20},{"not_picked":["Outmaneuver","Riddle With Holes"],"picked":"Acrobatics","floor":22},{"not_picked":["Blade Dance+1","Quick Slash+1"],"picked":"PiercingWail","floor":23},{"not_picked":["Footwork+1","Deflect+1"],"picked":"Dodge and Roll","floor":24},{"not_picked":["Phantasmal Killer","Dagger Spray+1"],"picked":"Poisoned Stab+1","floor":29},{"not_picked":["Quick Slash+1","Expertise+1"],"picked":"Predator+1","floor":31},{"not_picked":["Venomology","Bullet Time"],"picked":"A Thousand Cuts","floor":33},{"not_picked":["Skewer+1","PiercingWail"],"picked":"Backflip+1","floor":35},{"not_picked":["Flechettes+1","Leg Sweep"],"picked":"Dodge and Roll","floor":37},{"not_picked":["Terror","Concentrate","Accuracy+1"],"picked":"Singing Bowl","floor":39},{"not_picked":["Blade Dance+1","Outmaneuver+1"],"picked":"Acrobatics+1","floor":40},{"not_picked":["Deflect","Quick Slash+1","Dagger Throw+1"],"picked":"Singing Bowl","floor":44},{"not_picked":["Dash+1","Caltrops+1","Outmaneuver"],"picked":"Singing Bowl","floor":46}],"player_experience":268583,"relics_obtained":[{"floor":7,"key":"Pen Nib"},{"floor":9,"key":"Singing Bowl"},{"floor":13,"key":"Dream Catcher"},{"floor":22,"key":"Gambling Chip"},{"floor":22,"key":"Molten Egg 2"},{"floor":26,"key":"Turnip"},{"floor":29,"key":"PreservedInsect"},{"floor":43,"key":"Centennial Puzzle"},{"floor":46,"key":"Sundial"}],"event_choices":[{"cards_removed":["Strike_G"],"damage_healed":0,"gold_gain":0,"player_choice":"Card Removal","damage_taken":0,"max_hp_gain":0,"max_hp_loss":0,"event_name":"The Cleric","floor":2,"gold_loss":50},{"damage_healed":0,"gold_gain":0,"player_choice":"1 cards matched","damage_taken":0,"max_hp_gain":0,"max_hp_loss":0,"event_name":"Match and Keep!","floor":5,"gold_loss":0,"cards_obtained":["Crippling Poison"]},{"damage_healed":0,"gold_gain":0,"player_choice":"Obtained Relic","damage_taken":0,"relics_obtained":["Oddly Smooth Stone"],"max_hp_gain":0,"max_hp_loss":0,"event_name":"Addict","floor":19,"gold_loss":85},{"damage_healed":0,"gold_gain":0,"player_choice":"Fight","damage_taken":0,"max_hp_gain":0,"max_hp_loss":0,"event_name":"Colosseum","floor":22,"gold_loss":0},{"damage_healed":0,"gold_gain":0,"player_choice":"Fought Nobs","damage_taken":0,"max_hp_gain":0,"max_hp_loss":0,"event_name":"Colosseum","floor":22,"gold_loss":0},{"damage_healed":0,"gold_gain":0,"player_choice":"Opened","damage_taken":0,"relics_obtained":["MawBank"],"max_hp_gain":0,"max_hp_loss":0,"event_name":"The Mausoleum","floor":25,"gold_loss":0},{"damage_healed":26,"gold_gain":0,"player_choice":"Heal","damage_taken":0,"max_hp_gain":0,"max_hp_loss":0,"event_name":"The Library","floor":27,"gold_loss":0},{"damage_healed":0,"gold_gain":75,"player_choice":"Touch","damage_taken":7,"max_hp_gain":0,"max_hp_loss":0,"event_name":"FaceTrader","floor":36,"gold_loss":0},{"damage_healed":21,"gold_gain":0,"player_choice":"Writhe","damage_taken":0,"max_hp_gain":0,"max_hp_loss":0,"event_name":"Winding Halls","floor":45,"gold_loss":0,"cards_obtained":["Writhe"]}],"is_beta":false,"boss_relics":[{"not_picked":["Astrolabe","Black Star"],"picked":"Sozu"},{"not_picked":["Orrery","Snecko Eye"],"picked":"Pandora\u0027s Box"}],"items_purged_floors":[21],"is_endless":false,"potions_floor_spawned":[1,3,4,7,14,18,22,24,37,44],"killed_by":"3 Darklings","ascension_level":8}