{"gold_per_floor":[114,7,7,7,7,7,7,36,36,36,56,72,22,79,79,179,179,199,109,89,102,102],"floor_reached":22,"playtime":635,"items_purged":[],"score":207,"play_id":"c34a5f3c-7ced-4312-9841-9973aa201786","local_time":"20190521235309","is_ascension_mode":false,"campfire_choices":[{"data":"Capacitor","floor":6,"key":"SMITH"},{"data":"Dualcast","floor":10,"key":"SMITH"},{"data":"Recycle","floor":15,"key":"SMITH"}],"neow_cost":"NONE","seed_source_timestamp":286526597107881,"circlet_count":0,"master_deck":["Strike_B","Strike_B","Strike_B","Defend_B","Defend_B","Defend_B","Zap+1","Dualcast+1","Glacier+1","Capacitor+1","Redo+1","Recycle+1","Ball Lightning","Echo Form+1","Glacier"],"relics":["Cracked Core","NeowsBlessing","Centennial Puzzle","Pantograph","Sundial","Inserter"],"potions_floor_usage":[],"damage_taken":[{"damage":0,"enemies":"Jaw Worm","floor":1,"turns":1},{"damage":0,"enemies":"Gremlin Nob","floor":8,"turns":1},{"damage":0,"enemies":"2 Louse","floor":11,"turns":1},{"damage":0,"enemies":"Cultist","floor":12,"turns":5},{"damage":10,"enemies":"Lagavulin Event","floor":14,"turns":6},{"damage":30,"enemies":"Slime Boss","floor":16,"turns":14},{"damage":10,"enemies":"Chosen","floor":18,"turns":5},{"damage":26,"enemies":"2 Thieves","floor":20,"turns":4},{"damage":27,"enemies":"Centurion and Healer","floor":21,"turns":9},{"damage":25,"enemies":"Snecko","floor":22,"turns":7}],"seed_played":"-1200832371476932055","potions_obtained":[{"floor":1,"key":"SteroidPotion"},{"floor":14,"key":"GamblersBrew"},{"floor":21,"key":"SpeedPotion"}],"is_trial":false,"path_per_floor":["M","$","?","?","?","R","$","E","T","R","M","M","?","?","R","B",null,"M","?","M","M","M"],"character_chosen":"DEFECT","items_purchased":["Capacitor","Redo"],"campfire_rested":0,"item_purchase_floors":[2,2],"current_hp_per_floor":[75,75,60,60,60,60,60,60,60,60,60,60,60,50,50,45,75,65,65,39,12,0],"gold":102,"neow_bonus":"THREE_ENEMY_KILL","is_prod":false,"is_daily":false,"chose_seed":false,"campfire_upgraded":3,"win_rate":0,"timestamp":1558450389,"path_taken":["M","$","?","?","?","R","$","E","T","R","M","?","?","?","R","BOSS","M","?","M","?","M"],"build_version":"2019-01-23","purchased_purges":0,"victory":false,"max_hp_per_floor":[75,75,75,75,75,75,75,75,75,75,75,75,75,75,75,75,75,75,75,75,75,75],"card_choices":[{"not_picked":["Beam Cell","Doom and Gloom"],"picked":"Glacier","floor":1},{"not_picked":["Stack","Beam Cell","Rebound"],"picked":"SKIP","floor":8},{"not_picked":["Barrage","Turbo"],"picked":"Recycle","floor":11},{"not_picked":["FTL","Redo"],"picked":"Ball Lightning","floor":12},{"not_picked":["Core Surge","Rainbow"],"picked":"Echo Form","floor":16},{"not_picked":["Go for the Eyes","Gash+1","Leap+1"],"picked":"SKIP","floor":18},{"not_picked":["Gash","Leap","Stack"],"picked":"SKIP","floor":20},{"not_picked":["Darkness","Rainbow"],"picked":"Glacier","floor":21}],"player_experience":443677,"relics_obtained":[{"floor":8,"key":"Centennial Puzzle"},{"floor":9,"key":"Pantograph"},{"floor":14,"key":"Sundial"}],"event_choices":[{"damage_healed":0,"gold_gain":0,"player_choice":"Entered Light","damage_taken":15,"max_hp_gain":0,"max_hp_loss":0,"event_name":"Shining Light","floor":3,"gold_loss":0,"cards_upgraded":["Glacier","Zap"]},{"damage_healed":0,"gold_gain":0,"player_choice":"Grow","damage_taken":0,"max_hp_gain":0,"max_hp_loss":0,"event_name":"Living Wall","floor":4,"gold_loss":0,"cards_upgraded":["Redo"]},{"damage_healed":0,"gold_gain":0,"player_choice":"Ignored","damage_taken":0,"max_hp_gain":0,"max_hp_loss":0,"event_name":"NoteForYourself","floor":5,"gold_loss":0},{"cards_removed":["Strike_B"],"damage_healed":0,"gold_gain":0,"player_choice":"Card Removal","damage_taken":0,"max_hp_gain":0,"max_hp_loss":0,"event_name":"The Cleric","floor":13,"gold_loss":50},{"damage_healed":0,"gold_gain":0,"player_choice":"Searched \u00271\u0027 times","damage_taken":0,"max_hp_gain":0,"max_hp_loss":0,"event_name":"Dead Adventurer","floor":14,"gold_loss":0},{"cards_removed":["Defend_B"],"damage_healed":0,"gold_gain":0,"player_choice":"Upgrade and Remove","damage_taken":0,"max_hp_gain":0,"max_hp_loss":0,"event_name":"Designer","floor":19,"gold_loss":90,"cards_upgraded":["Echo Form"]}],"is_beta":false,"boss_relics":[{"not_picked":["energizedSpire:HugeHouse","Snecko Eye"],"picked":"Inserter"}],"items_purged_floors":[],"is_endless":false,"potions_floor_spawned":[1,14,21],"killed_by":"Snecko","ascension_level":0}