{"gold_per_floor":[365,365,380,380,391,391,11,11,11,11,11,28,28,56,56,130,130,145,18,28,28,28,28],"floor_reached":23,"playtime":1268,"items_purged":["Strike_B"],"score":365,"play_id":"ea365128-9dc4-41f0-8529-44f6625ad775","local_time":"20190531193051","is_ascension_mode":true,"campfire_choices":[{"data":"Zap","floor":6,"key":"SMITH"},{"data":"Defragment","floor":8,"key":"SMITH"},{"data":"Dualcast","floor":10,"key":"SMITH"},{"floor":15,"key":"REST"}],"neow_cost":"PERCENT_DAMAGE","seed_source_timestamp":511231434910,"circlet_count":0,"master_deck":["AscendersBane","Strike_B","Strike_B+1","Strike_B","Defend_B","Defend_B","Defend_B","Defend_B","Zap+1","Dualcast+1","Reinforced Body+1","BootSequence","Hologram+1","Defragment+1","Undo+1","White Noise+1","Buffer","Redo+1","Coolheaded+1"],"relics":["Cracked Core","Toxic Egg 2","Pantograph","WarpedTongs","Omamori","Nuclear Battery"],"potions_floor_usage":[14,18],"damage_taken":[{"damage":1,"enemies":"Small Slimes","floor":1,"turns":3},{"damage":0,"enemies":"2 Louse","floor":3,"turns":3},{"damage":6,"enemies":"Cultist","floor":5,"turns":4},{"damage":7,"enemies":"Looter","floor":12,"turns":3},{"damage":2,"enemies":"3 Sentries","floor":14,"turns":7},{"damage":41,"enemies":"The Guardian","floor":16,"turns":14},{"damage":0,"enemies":"3 Byrds","floor":18,"turns":2},{"damage":5,"enemies":"Chosen","floor":20,"turns":8},{"damage":60,"enemies":"Gremlin Leader","floor":23,"turns":6}],"seed_played":"-8905380391944687355","potions_obtained":[{"floor":1,"key":"Regen Potion"},{"floor":3,"key":"FocusPotion"},{"floor":16,"key":"LiquidBronze"},{"floor":18,"key":"FocusPotion"}],"is_trial":false,"path_per_floor":["M","?","M","?","M","R","$","R","T","R","?","M","?","E","R","B",null,"M","$","M","?","$","E"],"character_chosen":"DEFECT","items_purchased":["Toxic Egg 2","Hologram+1","Defragment","Coolheaded+1"],"campfire_rested":1,"item_purchase_floors":[7,7,7,19],"current_hp_per_floor":[45,68,68,47,41,41,41,41,41,41,41,34,34,47,68,30,61,61,61,56,56,56,0],"gold":28,"neow_bonus":"TWO_FIFTY_GOLD","is_prod":false,"is_daily":false,"chose_seed":false,"campfire_upgraded":3,"win_rate":0,"timestamp":1559356251,"path_taken":["M","?","M","?","M","R","$","R","T","R","?","?","?","E","R","BOSS","M","?","M","?","$","E"],"build_version":"2019-01-23","purchased_purges":1,"victory":false,"max_hp_per_floor":[71,71,71,71,71,71,71,71,71,71,71,71,71,71,71,71,71,71,71,71,71,71,71],"card_choices":[{"not_picked":["Barrage","Compile Driver"],"picked":"Reinforced Body","floor":1},{"not_picked":["Leap","Stack","Scrape"],"picked":"SKIP","floor":3},{"not_picked":["Doom and Gloom","Undo"],"picked":"BootSequence","floor":5},{"not_picked":["Blizzard","Coolheaded+1"],"picked":"Undo+1","floor":12},{"not_picked":["Turbo+1","Capacitor"],"picked":"White Noise+1","floor":14},{"not_picked":["Hyperbeam","Meteor Strike"],"picked":"Buffer","floor":16},{"not_picked":["Streamline","Gash+1"],"picked":"Redo+1","floor":18},{"not_picked":["Turbo+1","Thunder Strike","Leap+1"],"picked":"SKIP","floor":20}],"player_experience":801619,"relics_obtained":[{"floor":9,"key":"Pantograph"},{"floor":14,"key":"Omamori"}],"event_choices":[{"damage_healed":23,"gold_gain":0,"player_choice":"Banana","damage_taken":0,"max_hp_gain":0,"max_hp_loss":0,"event_name":"Big Fish","floor":2,"gold_loss":0},{"damage_healed":0,"gold_gain":0,"player_choice":"Entered Light","damage_taken":21,"max_hp_gain":0,"max_hp_loss":0,"event_name":"Shining Light","floor":4,"gold_loss":0,"cards_upgraded":["Strike_B","Reinforced Body"]},{"damage_healed":0,"gold_gain":0,"player_choice":"Rummage","damage_taken":0,"relics_obtained":["WarpedTongs"],"max_hp_gain":0,"max_hp_loss":0,"event_name":"Accursed Blacksmith","floor":11,"gold_loss":0,"cards_obtained":["Pain"]},{"cards_removed":["Pain"],"damage_healed":0,"gold_gain":0,"player_choice":"Purged","damage_taken":0,"max_hp_gain":0,"max_hp_loss":0,"event_name":"Purifier","floor":13,"gold_loss":0},{"damage_healed":0,"gold_gain":0,"player_choice":"Ignored","damage_taken":0,"max_hp_gain":0,"max_hp_loss":0,"event_name":"Ghosts","floor":21,"gold_loss":0}],"is_beta":false,"boss_relics":[{"not_picked":["White Beast Statue","Coffee Dripper"],"picked":"Nuclear Battery"}],"items_purged_floors":[19],"is_endless":false,"potions_floor_spawned":[1,3,12,16,18],"killed_by":"Gremlin Leader","ascension_level":19}