{"gold_per_floor":[112],"floor_reached":1,"playtime":101,"items_purged":[],"score":57,"play_id":"8f315f07-7f66-489e-aaf6-286cd9d301c5","local_time":"20190319131140","daily_mods":["Draft","Heirloom","DeadlyEvents","Elite Swarm"],"is_ascension_mode":false,"campfire_choices":[],"neow_cost":"","seed_source_timestamp":487474764969486,"circlet_count":0,"master_deck":["Shockwave","Twin Strike","Entrench","Spot Weakness","Body Slam","Carnage","Pummel","Disarm","Infernal Blade","Clothesline","Thunderclap","Rage","Pommel Strike","Iron Wave","Evolve"],"relics":["Burning Blood","Champion Belt"],"potions_floor_usage":[],"damage_taken":[{"damage":0,"enemies":"Jaw Worm","floor":1,"turns":2}],"seed_played":"-1238091310951023748","potions_obtained":[{"floor":1,"key":"LiquidBronze"}],"is_trial":true,"path_per_floor":["M"],"character_chosen":"IRONCLAD","items_purchased":[],"campfire_rested":0,"item_purchase_floors":[],"current_hp_per_floor":[80],"gold":112,"neow_bonus":"","is_prod":false,"is_daily":false,"chose_seed":false,"campfire_upgraded":0,"win_rate":0,"timestamp":1552968700,"path_taken":["M"],"build_version":"2019-01-23","purchased_purges":0,"victory":false,"max_hp_per_floor":[80],"card_choices":[{"not_picked":["Cleave","Clash"],"picked":"Shockwave","floor":0},{"not_picked":["Iron Wave","Wild Strike"],"picked":"Twin Strike","floor":0},{"not_picked":["Flame Barrier","Fire Breathing"],"picked":"Entrench","floor":0},{"not_picked":["Reckless Charge","Iron Wave"],"picked":"Spot Weakness","floor":0},{"not_picked":["Clash","Flex"],"picked":"Body Slam","floor":0},{"not_picked":["Cleave","True Grit"],"picked":"Carnage","floor":0},{"not_picked":["Twin Strike","Thunderclap"],"picked":"Pummel","floor":0},{"not_picked":["Hemokinesis","Perfected Strike"],"picked":"Disarm","floor":0},{"not_picked":["Cleave","Pommel Strike"],"picked":"Infernal Blade","floor":0},{"not_picked":["Whirlwind","Wild Strike"],"picked":"Clothesline","floor":0},{"not_picked":["Heavy Blade","Cleave"],"picked":"Thunderclap","floor":0},{"not_picked":["Thunderclap","Headbutt"],"picked":"Rage","floor":0},{"not_picked":["Perfected Strike","Headbutt"],"picked":"Pommel Strike","floor":0},{"not_picked":["Clash","Heavy Blade"],"picked":"Iron Wave","floor":0},{"not_picked":["Carnage","Rampage"],"picked":"Evolve","floor":0}],"player_experience":319995,"relics_obtained":[],"event_choices":[],"is_beta":false,"boss_relics":[],"items_purged_floors":[],"is_endless":true,"potions_floor_spawned":[1],"killed_by":"Jaw Worm","ascension_level":0}