{"gold_per_floor":[111,27,42,42,53,88,88,123,123,123,157,168,188,188,188,188],"floor_reached":16,"playtime":857,"items_purged":[],"score":228,"play_id":"2d5f710f-b0e6-4e07-a521-5133efaffd3a","local_time":"20190527141650","is_ascension_mode":true,"campfire_choices":[{"floor":7,"key":"REST"},{"floor":10,"key":"REST"},{"data":"Fission","floor":15,"key":"SMITH"}],"neow_cost":"PERCENT_DAMAGE","seed_source_timestamp":220079274142683,"circlet_count":0,"master_deck":["AscendersBane","Strike_B","Strike_B","Strike_B","Defend_B","Defend_B","Defend_B","Defend_B","Zap","Dualcast+1","Ball Lightning","Cold Snap","Coolheaded+1","Glacier","Ball Lightning","Fission+1","Sweeping Beam","Buffer"],"relics":["Cracked Core","Ice Cream","Question Card","Meat on the Bone","War Paint","Mummified Hand"],"potions_floor_usage":[12],"damage_taken":[{"damage":0,"enemies":"2 Louse","floor":1,"turns":2},{"damage":5,"enemies":"Small Slimes","floor":3,"turns":3},{"damage":0,"enemies":"Cultist","floor":5,"turns":3},{"damage":29,"enemies":"Gremlin Nob","floor":6,"turns":5},{"damage":21,"enemies":"3 Sentries","floor":8,"turns":11},{"damage":32,"enemies":"Gremlin Nob","floor":11,"turns":4},{"damage":13,"enemies":"3 Louse","floor":12,"turns":2},{"damage":4,"enemies":"Blue Slaver","floor":13,"turns":3},{"damage":32,"enemies":"Hexaghost","floor":16,"turns":11}],"seed_played":"5376609187569410094","potions_obtained":[{"floor":11,"key":"Explosive Potion"},{"floor":13,"key":"SteroidPotion"}],"is_trial":false,"path_per_floor":["M","$","M","?","M","E","R","E","T","R","E","M","M","?","R","B"],"character_chosen":"DEFECT","items_purchased":["Ball Lightning","Cold Snap"],"campfire_rested":2,"item_purchase_floors":[2,2],"current_hp_per_floor":[60,60,55,48,48,19,44,23,23,48,28,27,35,30,30,0],"gold":188,"neow_bonus":"TWENTY_PERCENT_HP_BONUS","is_prod":false,"is_daily":false,"chose_seed":false,"campfire_upgraded":1,"win_rate":0,"timestamp":1558991810,"path_taken":["M","$","M","?","M","E","R","E","T","R","E","M","M","?","R","BOSS"],"build_version":"2019-01-23","purchased_purges":0,"victory":false,"max_hp_per_floor":[85,85,85,85,85,85,85,85,85,85,85,85,85,85,85,85],"card_choices":[{"not_picked":["Redo","Consume","Leap"],"picked":"SKIP","floor":1},{"not_picked":["Recycle","Rebound"],"picked":"Coolheaded","floor":3},{"not_picked":["Coolheaded","Leap"],"picked":"Glacier","floor":5},{"not_picked":["Gash","Streamline"],"picked":"Ball Lightning","floor":6},{"not_picked":["Coolheaded","Streamline"],"picked":"Fission","floor":8},{"not_picked":["Storm","Redo","Cold Snap","Barrage"],"picked":"SKIP","floor":11},{"not_picked":["Cold Snap","Barrage","Leap"],"picked":"Sweeping Beam","floor":12},{"not_picked":["Stack","Reprogram","Heatsinks"],"picked":"Buffer","floor":13}],"player_experience":760381,"relics_obtained":[{"floor":6,"key":"Ice Cream"},{"floor":8,"key":"Question Card"},{"floor":9,"key":"Meat on the Bone"},{"floor":11,"key":"War Paint"}],"event_choices":[{"cards_removed":["Strike_B"],"damage_healed":0,"gold_gain":0,"player_choice":"Card Removal","damage_taken":7,"max_hp_gain":0,"max_hp_loss":0,"event_name":"Golden Wing","floor":4,"gold_loss":0},{"damage_healed":0,"gold_gain":0,"player_choice":"Success","damage_taken":5,"relics_obtained":["Mummified Hand"],"max_hp_gain":0,"max_hp_loss":0,"event_name":"Scrap Ooze","floor":14,"gold_loss":0}],"is_beta":false,"boss_relics":[],"items_purged_floors":[],"is_endless":false,"potions_floor_spawned":[11,13],"killed_by":"Hexaghost","ascension_level":18}