{"gold_per_floor":[116,116,116,133,233,258,273,283,307,332,358,370,412,434,446,558,570,599,611,261,261,261,261,261,11,11,11,11,22,22,37,37,136,136,149,167,267,267,285,285,285,303,303,303,303,314,314,330,330,330],"floor_reached":51,"playtime":4701,"items_purged":["Strike_B","Blizzard"],"score":740,"play_id":"5224971d-1d94-4aea-8d5a-a77a7387cb1d","local_time":"20190429204210","is_ascension_mode":true,"campfire_choices":[{"data":"Gash","floor":15,"key":"SMITH"},{"data":"Machine Learning","floor":23,"key":"SMITH"},{"floor":27,"key":"REST"},{"floor":32,"key":"REST"},{"floor":40,"key":"REST"},{"data":"Strike_B","floor":41,"key":"PURGE"},{"floor":44,"key":"REST"},{"floor":47,"key":"REST"},{"data":"Strike_B","floor":49,"key":"PURGE"}],"neow_cost":"NONE","seed_source_timestamp":69466225627991,"circlet_count":0,"master_deck":["Zap+1","Dualcast","Cold Snap","Gash","Gash+1","Machine Learning+1","Beam Cell+1","Seek+1","Gash","Flash of Steel","Reboot+1","Chill","Chill"],"relics":["Cracked Core","NeowsBlessing","Strawberry","Mercury Hourglass","MawBank","Tiny Chest","Astrolabe","WingedGreaves","Regal Pillow","Turnip","Bag of Preparation","Matryoshka","Smiling Mask","Bottled Lightning","Lizard Tail","Peace Pipe","Boot","Anchor"],"potions_floor_usage":[16,16,16,33,39,50],"damage_taken":[{"damage":0,"enemies":"Small Slimes","floor":1,"turns":1},{"damage":0,"enemies":"Jaw Worm","floor":4,"turns":1},{"damage":0,"enemies":"3 Sentries","floor":6,"turns":1},{"damage":0,"enemies":"Cultist","floor":7,"turns":3},{"damage":8,"enemies":"Gremlin Gang","floor":8,"turns":3},{"damage":0,"enemies":"3 Louse","floor":10,"turns":2},{"damage":4,"enemies":"Blue Slaver","floor":11,"turns":3},{"damage":0,"enemies":"Exordium Thugs","floor":14,"turns":4},{"damage":33,"enemies":"Hexaghost","floor":16,"turns":9},{"damage":20,"enemies":"3 Byrds","floor":18,"turns":3},{"damage":35,"enemies":"Colosseum Slavers","floor":24,"turns":3},{"damage":9,"enemies":"Shell Parasite","floor":29,"turns":2},{"damage":8,"enemies":"Centurion and Healer","floor":31,"turns":4},{"damage":58,"enemies":"Automaton","floor":33,"turns":7},{"damage":12,"enemies":"3 Shapes","floor":35,"turns":2},{"damage":9,"enemies":"Orb Walker","floor":36,"turns":2},{"damage":24,"enemies":"Mind Bloom Boss Battle","floor":37,"turns":3},{"damage":16,"enemies":"Spire Growth","floor":39,"turns":3},{"damage":35,"enemies":"Writhing Mass","floor":42,"turns":4},{"damage":13,"enemies":"4 Shapes","floor":46,"turns":3},{"damage":7,"enemies":"Sphere and 2 Shapes","floor":48,"turns":3},{"damage":80,"enemies":"Time Eater","floor":50,"turns":6}],"seed_played":"3623533730218935439","potions_obtained":[{"floor":4,"key":"Explosive Potion"},{"floor":6,"key":"Ancient Potion"},{"floor":8,"key":"FearPotion"},{"floor":29,"key":"SpeedPotion"},{"floor":31,"key":"GamblersBrew"},{"floor":37,"key":"SteroidPotion"},{"floor":42,"key":"LiquidBronze"}],"is_trial":false,"path_per_floor":["M","?","T","M","?","E","M","M","T","M","M","?","T","M","R","B",null,"M","T","$","?","T","R","?","$","T","R","T","M","?","M","R","B",null,"M","M","?","?","M","R","R","M","T","R","?","M","R","M","R","B",null],"character_chosen":"DEFECT","items_purchased":["Gash","Flash of Steel","Regal Pillow","Bag of Preparation"],"campfire_rested":5,"item_purchase_floors":[20,20,20,25],"current_hp_per_floor":[75,75,82,82,82,82,82,74,74,74,70,70,70,70,70,37,82,62,62,62,62,62,62,27,27,27,66,66,57,57,49,82,24,82,70,61,37,37,21,60,60,25,25,64,64,51,82,75,75,41],"gold":330,"neow_bonus":"THREE_ENEMY_KILL","is_prod":false,"is_daily":false,"chose_seed":false,"campfire_upgraded":2,"win_rate":0,"timestamp":1556595730,"path_taken":["M","?","?","M","?","E","M","M","T","?","?","?","?","?","R","BOSS","M","?","$","?","?","R","?","$","T","R","?","?","?","M","R","BOSS","M","M","?","?","M","R","R","?","T","R","?","M","R","M","R","BOSS"],"build_version":"2019-01-23","purchased_purges":2,"victory":true,"max_hp_per_floor":[75,75,82,82,82,82,82,82,82,82,82,82,82,82,82,82,82,82,82,82,82,82,82,82,82,82,82,82,82,82,82,82,82,82,82,82,82,82,82,82,82,82,82,82,82,82,82,82,82,82],"card_choices":[{"not_picked":["Stack","FTL"],"picked":"Cold Snap","floor":1},{"not_picked":["Darkness","Compile Driver"],"picked":"Gash","floor":4},{"not_picked":["Cold Snap","Hologram"],"picked":"Gash","floor":6},{"not_picked":["Aggregate","Barrage","Stack"],"picked":"SKIP","floor":7},{"not_picked":["Aggregate","Fusion","Conserve Battery"],"picked":"SKIP","floor":8},{"not_picked":["Cold Snap","Lockon","Aggregate"],"picked":"SKIP","floor":10},{"not_picked":["Sweeping Beam","Darkness","Ball Lightning"],"picked":"SKIP","floor":11},{"not_picked":["Streamline","Compile Driver","Hologram"],"picked":"SKIP","floor":14},{"not_picked":["Buffer","Biased Cognition"],"picked":"Machine Learning","floor":16},{"not_picked":["Redo","Hello World","Steam"],"picked":"SKIP","floor":18},{"not_picked":["Genetic Algorithm","Redo"],"picked":"Chill","floor":29},{"not_picked":["Fusion","Compile Driver+1"],"picked":"Chill","floor":31},{"not_picked":["Ball Lightning+1","Blizzard","Stack+1"],"picked":"SKIP","floor":35},{"not_picked":["Beam Cell+1","Coolheaded","Double Energy"],"picked":"SKIP","floor":36},{"not_picked":["Cold Snap","Tempest","Turbo+1"],"picked":"SKIP","floor":39},{"not_picked":["Go for the Eyes+1","Barrage","Chaos+1"],"picked":"SKIP","floor":42},{"not_picked":["Stack","Sunder+1","Coolheaded"],"picked":"SKIP","floor":46},{"not_picked":["Hello World+1","Leap","All For One"],"picked":"SKIP","floor":48}],"player_experience":192711,"relics_obtained":[{"floor":3,"key":"Strawberry"},{"floor":6,"key":"Mercury Hourglass"},{"floor":9,"key":"MawBank"},{"floor":13,"key":"Tiny Chest"},{"floor":19,"key":"WingedGreaves"},{"floor":22,"key":"Turnip"},{"floor":26,"key":"Matryoshka"},{"floor":28,"key":"Smiling Mask"},{"floor":28,"key":"Bottled Lightning"},{"floor":37,"key":"Peace Pipe"},{"floor":43,"key":"Boot"},{"floor":43,"key":"Anchor"}],"event_choices":[{"damage_healed":0,"gold_gain":0,"player_choice":"Grow","damage_taken":0,"max_hp_gain":0,"max_hp_loss":0,"event_name":"Living Wall","floor":2,"gold_loss":0,"cards_upgraded":["Zap"]},{"damage_healed":0,"gold_gain":100,"player_choice":"Gold","damage_taken":0,"max_hp_gain":0,"max_hp_loss":0,"event_name":"Wheel of Change","floor":5,"gold_loss":0},{"damage_healed":0,"gold_gain":0,"player_choice":"Searched \u00271\u0027 times","damage_taken":0,"max_hp_gain":0,"max_hp_loss":0,"event_name":"Dead Adventurer","floor":12,"gold_loss":0},{"damage_healed":0,"gold_gain":0,"cards_transformed":["Darkness","Defend_B"],"player_choice":"Became Test Subject","damage_taken":0,"max_hp_gain":0,"max_hp_loss":0,"event_name":"Drug Dealer","floor":21,"gold_loss":0,"cards_obtained":["Blizzard","Reboot"]},{"damage_healed":0,"gold_gain":0,"player_choice":"Fight","damage_taken":0,"max_hp_gain":0,"max_hp_loss":0,"event_name":"Colosseum","floor":24,"gold_loss":0},{"damage_healed":0,"gold_gain":0,"player_choice":"Fled From Nobs","damage_taken":0,"max_hp_gain":0,"max_hp_loss":0,"event_name":"Colosseum","floor":24,"gold_loss":0},{"cards_removed":["Defend_B"],"damage_healed":0,"gold_gain":0,"player_choice":"Elegance","damage_taken":0,"max_hp_gain":0,"max_hp_loss":0,"event_name":"Back to Basics","floor":30,"gold_loss":0},{"damage_healed":0,"gold_gain":0,"player_choice":"Fight","damage_taken":0,"max_hp_gain":0,"max_hp_loss":0,"event_name":"MindBloom","floor":37,"gold_loss":0},{"damage_healed":0,"gold_gain":0,"player_choice":"Upgraded","damage_taken":0,"max_hp_gain":0,"max_hp_loss":0,"event_name":"Upgrade Shrine","floor":38,"gold_loss":0,"cards_upgraded":["Reboot"]},{"damage_healed":0,"gold_gain":0,"player_choice":"Ignored","damage_taken":0,"max_hp_gain":0,"max_hp_loss":0,"event_name":"Tomb of Lord Red Mask","floor":45,"gold_loss":0}],"is_beta":false,"boss_relics":[{"not_picked":["Coffee Dripper","Tiny House"],"picked":"Astrolabe"},{"not_picked":["Snecko Eye","Orrery"],"picked":"Lizard Tail"}],"items_purged_floors":[20,25],"is_endless":false,"potions_floor_spawned":[4,6,8,29,31,37,42],"ascension_level":3}