{"gold_per_floor":[112,62,62,77,92,92,119,129,129,164,184,202,259,275,275,370,370,382,415,415,434,446,477,145,145,198,198,209,220,145,158,158,254,254,267,284,303,313,313],"floor_reached":39,"playtime":1649,"items_purged":["Pain"],"score":454,"play_id":"2efbd992-41fe-434f-a3b6-243f490436dd","local_time":"20190126014319","is_ascension_mode":false,"campfire_choices":[{"data":"Bane","floor":6,"key":"SMITH"},{"floor":15,"key":"REST"},{"floor":25,"key":"REST"},{"floor":32,"key":"REST"}],"neow_cost":"NONE","seed_source_timestamp":50318621848359,"circlet_count":0,"master_deck":["Defend_G","Defend_G","Defend_G","Defend_G","Strike_G","Strike_G","Strike_G","Strike_G","Survivor","Neutralize","Bane+1","Exhume","Poisoned Stab","Terror","Die Die Die","Corpse Explosion","Expertise","Noxious Fumes","Venomology","Dodge and Roll","Bane","Dagger Spray+1","PiercingWail","Catalyst","Poisoned Stab","Bullet Time","Sucker Punch+1","Catalyst","Bane+1"],"relics":["Ring of the Snake","NeowsBlessing","Boot","PreservedInsect","Pear","Tiny Chest","Cursed Key","Red Mask","WarpedTongs","Paper Crane","Ninja Scroll","NlothsMask","Eternal Feather"],"potions_floor_usage":[7,16,16,19,22,23,23,29,29,33,33,33,35,35,36,36,37,37,38,38,38],"damage_taken":[{"damage":0,"enemies":"Jaw Worm","floor":1,"turns":1},{"damage":0,"enemies":"Small Slimes","floor":4,"turns":1},{"damage":0,"enemies":"Cultist","floor":5,"turns":1},{"damage":44,"enemies":"3 Sentries","floor":7,"turns":12},{"damage":2,"enemies":"Blue Slaver","floor":8,"turns":3},{"damage":0,"enemies":"Gremlin Nob","floor":10,"turns":2},{"damage":0,"enemies":"Looter","floor":11,"turns":3},{"damage":9,"enemies":"Exordium Thugs","floor":12,"turns":3},{"damage":4,"enemies":"3 Sentries","floor":13,"turns":2},{"damage":9,"enemies":"Blue Slaver","floor":14,"turns":2},{"damage":19,"enemies":"The Guardian","floor":16,"turns":9},{"damage":14,"enemies":"Shell Parasite","floor":18,"turns":5},{"damage":5,"enemies":"Masked Bandits","floor":19,"turns":2},{"damage":0,"enemies":"3 Byrds","floor":21,"turns":3},{"damage":15,"enemies":"Centurion and Healer","floor":22,"turns":3},{"damage":27,"enemies":"Book of Stabbing","floor":23,"turns":5},{"damage":8,"enemies":"3 Cultists","floor":28,"turns":3},{"damage":3,"enemies":"Snake Plant","floor":29,"turns":3},{"damage":7,"enemies":"Centurion and Healer","floor":31,"turns":2},{"damage":22,"enemies":"Collector","floor":33,"turns":5},{"damage":9,"enemies":"Orb Walker","floor":35,"turns":4},{"damage":3,"enemies":"3 Darklings","floor":36,"turns":4},{"damage":21,"enemies":"Writhing Mass","floor":37,"turns":5},{"damage":60,"enemies":"Maw","floor":38,"turns":10},{"damage":2,"enemies":"4 Shapes","floor":39,"turns":1}],"seed_played":"2612177614403712045","potions_obtained":[{"floor":1,"key":"Poison Potion"},{"floor":10,"key":"GamblersBrew"},{"floor":11,"key":"SkillPotion"},{"floor":16,"key":"Fire Potion"},{"floor":18,"key":"PowerPotion"},{"floor":21,"key":"EssenceOfSteel"},{"floor":23,"key":"PowerPotion"},{"floor":33,"key":"Weak Potion"},{"floor":38,"key":"Block Potion"}],"is_trial":false,"path_per_floor":["M","?","?","M","M","R","E","M","T","E","M","M","E","M","R","B",null,"M","?","?","M","M","E","$","R","T","?","M","M","?","M","R","B",null,"M","M","M","M","M"],"character_chosen":"THE_SILENT","items_purchased":["Ninja Scroll"],"campfire_rested":3,"item_purchase_floors":[24],"current_hp_per_floor":[70,70,70,70,70,70,26,24,24,34,34,25,21,12,36,17,80,66,61,61,61,46,19,19,43,43,43,35,32,32,25,49,42,80,71,68,47,2,0],"gold":313,"neow_bonus":"THREE_ENEMY_KILL","is_prod":false,"is_daily":false,"chose_seed":false,"campfire_upgraded":1,"win_rate":0,"timestamp":1548463399,"path_taken":["M","?","?","M","?","R","E","M","T","E","M","M","E","M","R","BOSS","M","?","?","?","M","E","$","R","T","?","M","?","?","M","R","BOSS","M","M","M","M","M"],"build_version":"2019-01-23","purchased_purges":1,"victory":false,"max_hp_per_floor":[70,70,70,70,70,70,70,70,70,80,80,80,80,80,80,80,80,80,80,80,80,80,80,80,80,80,80,80,80,80,80,80,80,80,80,80,80,80,80],"card_choices":[{"not_picked":["Sucker Punch","Quick Slash"],"picked":"Bane","floor":1},{"not_picked":["Outmaneuver","Flying Knee"],"picked":"Poisoned Stab","floor":4},{"not_picked":["Underhanded Strike","Blade Dance","Slice"],"picked":"SKIP","floor":5},{"not_picked":["Backflip","Acrobatics"],"picked":"Terror","floor":7},{"not_picked":["Endless Agony","Backflip"],"picked":"Die Die Die","floor":8},{"not_picked":["Skewer","Sucker Punch"],"picked":"Corpse Explosion","floor":10},{"not_picked":["Underhanded Strike","Outmaneuver","Escape Plan"],"picked":"SKIP","floor":11},{"not_picked":["Cloak And Dagger","Deflect","Escape Plan"],"picked":"SKIP","floor":12},{"not_picked":["Riddle With Holes","Slice"],"picked":"Expertise","floor":13},{"not_picked":["Cloak And Dagger","Slice"],"picked":"Noxious Fumes","floor":14},{"not_picked":["Burst","Die Die Die"],"picked":"Venomology","floor":16},{"not_picked":["Eviscerate","Sucker Punch"],"picked":"Dodge and Roll","floor":18},{"not_picked":["Dagger Throw","Backflip"],"picked":"Bane","floor":19},{"not_picked":["Prepared","Underhanded Strike"],"picked":"Dagger Spray+1","floor":21},{"not_picked":["Underhanded Strike","Quick Slash","Expertise"],"picked":"SKIP","floor":22},{"not_picked":["Unload","Skewer"],"picked":"PiercingWail","floor":23},{"not_picked":["Caltrops","Dagger Spray"],"picked":"Catalyst","floor":28},{"not_picked":["All Out Attack","Sucker Punch","Outmaneuver"],"picked":"SKIP","floor":29},{"not_picked":["Dagger Spray+1","Concentrate"],"picked":"Poisoned Stab","floor":31},{"not_picked":["Storm of Steel","Corpse Explosion"],"picked":"Bullet Time","floor":33},{"not_picked":["Cloak And Dagger","Blade Dance+1","Dagger Throw"],"picked":"SKIP","floor":35},{"not_picked":["Expertise+1","Dagger Throw+1"],"picked":"Sucker Punch+1","floor":36},{"not_picked":["Eviscerate+1","Heel Hook"],"picked":"Catalyst","floor":37},{"not_picked":["Underhanded Strike","Quick Slash"],"picked":"Bane+1","floor":38}],"player_experience":192134,"relics_obtained":[{"floor":7,"key":"Boot"},{"floor":9,"key":"PreservedInsect"},{"floor":10,"key":"Pear"},{"floor":13,"key":"Tiny Chest"},{"floor":19,"key":"Red Mask"},{"floor":23,"key":"Paper Crane"}],"event_choices":[{"cards_removed":["Strike_G"],"damage_healed":0,"gold_gain":0,"player_choice":"Card Removal","damage_taken":0,"max_hp_gain":0,"max_hp_loss":0,"event_name":"The Cleric","floor":2,"gold_loss":50},{"cards_removed":["Defend_G"],"damage_healed":0,"gold_gain":0,"player_choice":"Took Card","damage_taken":0,"max_hp_gain":0,"max_hp_loss":0,"event_name":"NoteForYourself","floor":3,"gold_loss":0,"cards_obtained":["Exhume"]},{"damage_healed":0,"gold_gain":0,"player_choice":"Fought Bandits","damage_taken":0,"max_hp_gain":0,"max_hp_loss":0,"event_name":"Masked Bandits","floor":19,"gold_loss":0},{"damage_healed":0,"gold_gain":0,"player_choice":"Rummage","damage_taken":0,"relics_obtained":["WarpedTongs"],"max_hp_gain":0,"max_hp_loss":0,"event_name":"Accursed Blacksmith","floor":20,"gold_loss":0,"cards_obtained":["Pain"]},{"damage_healed":0,"gold_gain":0,"player_choice":"Trade","damage_taken":0,"relics_obtained":["NlothsMask"],"max_hp_gain":0,"max_hp_loss":0,"event_name":"FaceTrader","floor":27,"gold_loss":0},{"cards_removed":["Doubt"],"damage_healed":0,"gold_gain":0,"player_choice":"Gave Gold","damage_taken":0,"max_hp_gain":0,"max_hp_loss":0,"event_name":"Beggar","floor":30,"gold_loss":75}],"is_beta":false,"boss_relics":[{"not_picked":["WristBlade","HoveringKite"],"picked":"Cursed Key"},{"not_picked":["Calling Bell","Runic Pyramid"],"picked":"Eternal Feather"}],"items_purged_floors":[24],"is_endless":false,"potions_floor_spawned":[1,10,11,16,18,21,23,28,33,35,38],"killed_by":"4 Shapes","ascension_level":0}