{"gold_per_floor":[17,17,17,17,35,35,55,55,55,55,55,55,74,94,94,94],"floor_reached":16,"playtime":1771,"items_purged":[],"score":153,"play_id":"e0d182f3-2e95-4214-95a3-c98f851c3154","local_time":"20190522131541","is_ascension_mode":true,"campfire_choices":[{"data":"Fission","floor":6,"key":"SMITH"},{"data":"Zap","floor":8,"key":"SMITH"},{"data":"Defragment","floor":10,"key":"SMITH"},{"floor":15,"key":"REST"}],"neow_cost":"NO_GOLD","seed_source_timestamp":76824883077017,"circlet_count":0,"master_deck":["AscendersBane","Strike_B","Strike_B","Defend_B","Defend_B","Defend_B","Defend_B","Zap+1","Dualcast","Fission+1","Recycle","Defragment+1","Loop","Steam","Conserve Battery"],"relics":["Cracked Core","Golden Idol","Mercury Hourglass","Bottled Flame"],"potions_floor_usage":[7],"damage_taken":[{"damage":14,"enemies":"Small Slimes","floor":1,"turns":4},{"damage":13,"enemies":"2 Louse","floor":5,"turns":3},{"damage":2,"enemies":"Jaw Worm","floor":7,"turns":4},{"damage":12,"enemies":"Lots of Slimes","floor":13,"turns":3},{"damage":20,"enemies":"Gremlin Gang","floor":14,"turns":4},{"damage":42,"enemies":"Hexaghost","floor":16,"turns":10}],"seed_played":"4660220547666685088","potions_obtained":[{"floor":1,"key":"GamblersBrew"}],"is_trial":false,"path_per_floor":["M","?","?","?","M","R","M","R","T","R","T","?","M","M","R","B"],"character_chosen":"DEFECT","items_purchased":[],"campfire_rested":1,"item_purchase_floors":[],"current_hp_per_floor":[50,50,50,66,53,53,51,51,51,51,51,51,39,19,38,0],"gold":94,"neow_bonus":"THREE_RARE_CARDS","is_prod":false,"is_daily":false,"chose_seed":false,"campfire_upgraded":3,"win_rate":0,"timestamp":1558556141,"path_taken":["M","?","?","?","?","R","?","R","T","R","?","?","M","M","R","BOSS"],"build_version":"2019-01-23","purchased_purges":0,"victory":false,"max_hp_per_floor":[71,71,66,66,66,66,66,66,66,66,66,66,66,66,66,66],"card_choices":[{"not_picked":["Buffer","Creative AI"],"picked":"Fission","floor":0},{"not_picked":["Steam Power","Redo"],"picked":"Recycle","floor":1},{"not_picked":["Stack","Double Energy","Streamline"],"picked":"SKIP","floor":5},{"not_picked":["Gash","Streamline"],"picked":"Loop","floor":7},{"not_picked":["Turbo","Double Energy"],"picked":"Steam","floor":13},{"not_picked":["Streamline","Steam"],"picked":"Conserve Battery","floor":14}],"player_experience":678277,"relics_obtained":[{"floor":9,"key":"Mercury Hourglass"},{"floor":11,"key":"Bottled Flame"}],"event_choices":[{"damage_healed":0,"gold_gain":0,"cards_transformed":["Strike_B"],"player_choice":"Change","damage_taken":0,"max_hp_gain":0,"max_hp_loss":0,"event_name":"Living Wall","floor":2,"gold_loss":0,"cards_obtained":["Defragment"]},{"damage_healed":0,"gold_gain":0,"player_choice":"Lose Max HP","damage_taken":0,"relics_obtained":["Golden Idol"],"max_hp_gain":0,"max_hp_loss":5,"event_name":"Golden Idol","floor":3,"gold_loss":0},{"damage_healed":16,"gold_gain":0,"player_choice":"Full Heal","damage_taken":0,"max_hp_gain":0,"max_hp_loss":0,"event_name":"Wheel of Change","floor":4,"gold_loss":0},{"cards_removed":["Strike_B"],"damage_healed":0,"gold_gain":0,"player_choice":"Offered Basic","damage_taken":0,"max_hp_gain":0,"max_hp_loss":0,"event_name":"Bonfire Elementals","floor":12,"gold_loss":0}],"is_beta":false,"boss_relics":[],"items_purged_floors":[],"is_endless":false,"potions_floor_spawned":[1],"killed_by":"Hexaghost","ascension_level":14}