{"gold_per_floor":[359,372,447,447,464,464,464,464,464,497,497,524,298,312,312,312],"floor_reached":16,"playtime":632,"items_purged":["Strike_B"],"score":140,"play_id":"196bc001-64ec-4634-89d6-ca8d4f4dd9c3","local_time":"20190605160655","is_ascension_mode":true,"campfire_choices":[{"data":"Self Repair","floor":6,"key":"SMITH"},{"data":"Conserve Battery","floor":8,"key":"SMITH"},{"floor":11,"key":"REST"},{"data":"Coolheaded","floor":15,"key":"SMITH"}],"neow_cost":"TEN_PERCENT_HP_LOSS","seed_source_timestamp":105857031573386,"circlet_count":0,"master_deck":["Strike_B","Strike_B","Strike_B","Defend_B","Defend_B","Defend_B","Defend_B","Zap+1","Dualcast","Conserve Battery+1","Gash","Self Repair+1","Coolheaded+1","Sweeping Beam"],"relics":["Cracked Core","Gremlin Horn","Bottled Flame","Vajra","Lantern","Bronze Scales"],"potions_floor_usage":[12,16,16],"damage_taken":[{"damage":0,"enemies":"2 Louse","floor":1,"turns":2},{"damage":0,"enemies":"Jaw Worm","floor":2,"turns":4},{"damage":0,"enemies":"Small Slimes","floor":5,"turns":3},{"damage":40,"enemies":"3 Sentries","floor":10,"turns":7},{"damage":23,"enemies":"Gremlin Nob","floor":12,"turns":4},{"damage":0,"enemies":"Red Slaver","floor":14,"turns":3},{"damage":35,"enemies":"Hexaghost","floor":16,"turns":9}],"seed_played":"-957489848858375699","potions_obtained":[{"floor":1,"key":"SteroidPotion"},{"floor":10,"key":"FearPotion"},{"floor":14,"key":"SkillPotion"}],"is_trial":false,"path_per_floor":["M","M","?","?","M","R","?","R","T","E","R","E","$","M","R","B"],"character_chosen":"DEFECT","items_purchased":["Bronze Scales"],"campfire_rested":1,"item_purchase_floors":[13],"current_hp_per_floor":[68,68,57,45,45,45,45,45,45,15,35,22,22,32,32,0],"gold":312,"neow_bonus":"TWO_FIFTY_GOLD","is_prod":false,"is_daily":false,"chose_seed":false,"campfire_upgraded":3,"win_rate":0,"timestamp":1559743615,"path_taken":["M","M","?","?","M","R","?","R","T","E","R","E","$","M","R","BOSS"],"build_version":"2019-01-23","purchased_purges":1,"victory":false,"max_hp_per_floor":[68,68,68,68,68,68,68,68,68,68,68,68,68,68,68,68],"card_choices":[{"not_picked":["Melter","Rip and Tear"],"picked":"Conserve Battery","floor":1},{"not_picked":["Sweeping Beam","Turbo"],"picked":"Gash","floor":2},{"not_picked":["Undo","Leap"],"picked":"Self Repair","floor":5},{"not_picked":["Stack","Steam Power","Sunder"],"picked":"SKIP","floor":10},{"not_picked":["Cold Snap","Consume"],"picked":"Coolheaded","floor":12},{"not_picked":["Rebound","Streamline"],"picked":"Sweeping Beam","floor":14}],"player_experience":121888,"relics_obtained":[{"floor":9,"key":"Bottled Flame"},{"floor":10,"key":"Vajra"},{"floor":12,"key":"Lantern"}],"event_choices":[{"damage_healed":0,"gold_gain":75,"player_choice":"Gather Gold","damage_taken":11,"max_hp_gain":0,"max_hp_loss":0,"event_name":"World of Goop","floor":3,"gold_loss":0},{"damage_healed":0,"gold_gain":0,"player_choice":"Success","damage_taken":12,"relics_obtained":["Gremlin Horn"],"max_hp_gain":0,"max_hp_loss":0,"event_name":"Scrap Ooze","floor":4,"gold_loss":0},{"damage_healed":0,"gold_gain":0,"player_choice":"Upgraded","damage_taken":0,"max_hp_gain":0,"max_hp_loss":0,"event_name":"Upgrade Shrine","floor":7,"gold_loss":0,"cards_upgraded":["Zap"]}],"is_beta":false,"boss_relics":[],"items_purged_floors":[13],"is_endless":false,"potions_floor_spawned":[1,10,14],"killed_by":"Hexaghost","ascension_level":6}