{"gold_per_floor":[111,186,186,95,114,114,130,130,130,130,130],"floor_reached":11,"playtime":340,"items_purged":["Decay"],"score":99,"play_id":"f717c42b-8813-4ae5-8977-f640b252f0a8","local_time":"20190523104315","is_ascension_mode":true,"campfire_choices":[{"floor":6.0,"key":"REST"},{"floor":10,"key":"REST"}],"neow_cost":"NONE","seed_source_timestamp":0,"circlet_count":0,"master_deck":["Strike_B","Strike_B","Strike_B","Strike_B","Defend_B","Defend_B","Defend_B","Defend_B","Zap","Dualcast","Clumsy","White Noise","Sunder"],"special_seed":0,"relics":["Calling Bell","Smiling Mask","Letter Opener","Pocketwatch","Bag of Preparation"],"potions_floor_usage":[],"damage_taken":[{"damage":23.0,"enemies":"Jaw Worm","floor":1.0,"turns":4.0},{"damage":0.0,"enemies":"Small Slimes","floor":5.0,"turns":3.0},{"damage":8.0,"enemies":"Cultist","floor":7.0,"turns":6.0},{"damage":28.0,"enemies":"Gremlin Nob","floor":8.0,"turns":4.0},{"damage":35,"enemies":"3 Sentries","floor":11,"turns":5}],"seed_played":"-3702002797707211979","potions_obtained":[{"floor":5.0,"key":"SmokeBomb"},{"floor":7.0,"key":"SkillPotion"}],"is_trial":false,"path_per_floor":["M","?","?","$","M","R","M","E","T","R","E"],"character_chosen":"DEFECT","items_purchased":["White Noise"],"campfire_rested":2,"item_purchase_floors":[4],"current_hp_per_floor":[45,34,34,34,34,56,48,20,20,42,7],"gold":130,"neow_bonus":"BOSS_RELIC","is_prod":false,"is_daily":false,"chose_seed":false,"campfire_upgraded":0,"win_rate":0,"timestamp":1558622595,"path_taken":["M","?","?","$","M","R","M","E","T","R","E"],"build_version":"2019-01-23","purchased_purges":1,"victory":false,"max_hp_per_floor":[75,75,75,75,75,75,75,75,75,75,75],"card_choices":[{"not_picked":["Gash","Stack","Coolheaded"],"picked":"SKIP","floor":1.0},{"not_picked":["Static Discharge","Coolheaded","Rebound"],"picked":"SKIP","floor":5.0},{"not_picked":["Conserve Battery","Streamline"],"picked":"Sunder","floor":7.0}],"player_experience":761792,"relics_obtained":[{"floor":0.0,"key":"Smiling Mask"},{"floor":0.0,"key":"Letter Opener"},{"floor":0.0,"key":"Pocketwatch"},{"floor":9,"key":"Bag of Preparation"}],"event_choices":[{"damage_healed":0.0,"max_hp_gain":0.0,"max_hp_loss":0.0,"gold_gain":75.0,"event_name":"World of Goop","player_choice":"Gather Gold","floor":2.0,"gold_loss":0.0,"damage_taken":11.0},{"cards_removed":["Regret"],"damage_healed":0.0,"max_hp_gain":0.0,"max_hp_loss":0.0,"gold_gain":0.0,"event_name":"Living Wall","player_choice":"Forget","floor":3.0,"gold_loss":0.0,"damage_taken":0.0}],"is_beta":false,"boss_relics":[],"items_purged_floors":[4],"is_endless":false,"potions_floor_spawned":[5,7,8],"killed_by":"3 Sentries","ascension_level":8}