{"gold_per_floor":[111,111,111,131,131,166,241,241,264,283,301,150,170,185,185,289,289,304,59,78,78,98,98],"floor_reached":23,"playtime":769,"items_purged":["Strike_R"],"score":193,"play_id":"87d15994-5d64-4fca-a35e-4f2168a0961a","local_time":"20181118095909","daily_mods":["Diverse"],"is_ascension_mode":false,"campfire_choices":[{"data":"Sucker Punch","floor":8,"key":"SMITH"},{"floor":15,"key":"REST"}],"neow_cost":"","seed_source_timestamp":6640405426846,"circlet_count":0,"master_deck":["Strike_R","Strike_R","Strike_R+1","Strike_R+1","Defend_R","Defend_R","Defend_R","Defend_R","Bash","All Out Attack+1","Cold Snap","Sucker Punch+1","Cleave","Noxious Fumes","Electrodynamics","Envenom","Spot Weakness+1","Mayhem","Conserve Battery","Pain","Sweeping Beam+1"],"relics":["Burning Blood","Boot","Red Skull","Bag of Marbles","White Beast Statue","WarpedTongs"],"potions_floor_usage":[6,13,18,22],"damage_taken":[{"damage":2,"enemies":"Small Slimes","floor":1,"turns":4},{"damage":1,"enemies":"Jaw Worm","floor":4,"turns":3},{"damage":21,"enemies":"Gremlin Nob","floor":6,"turns":4},{"damage":0,"enemies":"Cultist","floor":10,"turns":2},{"damage":8,"enemies":"Looter","floor":11,"turns":2},{"damage":8,"enemies":"Lots of Slimes","floor":13,"turns":2},{"damage":9,"enemies":"Exordium Wildlife","floor":14,"turns":2},{"damage":23,"enemies":"Slime Boss","floor":16,"turns":8},{"damage":20,"enemies":"Shell Parasite","floor":18,"turns":6},{"damage":28,"enemies":"Spheric Guardian","floor":20,"turns":6},{"damage":42,"enemies":"Centurion and Healer","floor":22,"turns":5},{"damage":10,"enemies":"Gremlin Leader","floor":23,"turns":1}],"seed_played":"-954755780348895342","potions_obtained":[{"floor":4,"key":"Strength Potion"},{"floor":6,"key":"Explosive Potion"},{"floor":13,"key":"FearPotion"},{"floor":16,"key":"Block Potion"},{"floor":18,"key":"Explosive Potion"},{"floor":20,"key":"SneckoOil"},{"floor":22,"key":"FearPotion"}],"is_trial":true,"path_per_floor":["M","?","T","M","?","E","?","R","T","M","M","$","M","M","R","B",null,"M","$","M","?","M","E"],"character_chosen":"IRONCLAD","items_purchased":["Noxious Fumes","Mayhem","Conserve Battery"],"campfire_rested":1,"item_purchase_floors":[12,19,19],"current_hp_per_floor":[80,80,80,80,64,49,41,41,41,47,45,45,43,40,64,47,80,66,66,44,44,8,0],"gold":98,"neow_bonus":"","is_prod":false,"is_daily":false,"chose_seed":false,"campfire_upgraded":1,"win_rate":0,"timestamp":1542531549,"path_taken":["M","?","?","?","?","E","?","R","T","M","?","$","M","M","R","BOSS","M","$","M","?","?","E"],"build_version":"2018-11-15","purchased_purges":1,"victory":false,"max_hp_per_floor":[80,80,80,80,80,80,80,80,80,80,80,80,80,80,80,80,80,80,80,80,80,80,80],"card_choices":[{"not_picked":["Clothesline","Iron Wave"],"picked":"All Out Attack","floor":1},{"not_picked":["Warcry","Hemokinesis"],"picked":"Cold Snap","floor":4},{"not_picked":["Fission","Prepared"],"picked":"Sucker Punch","floor":6},{"not_picked":["Leg Sweep","Evolve"],"picked":"Cleave","floor":10},{"not_picked":["Beam Cell","Dual Wield","Blade Dance"],"picked":"SKIP","floor":11},{"not_picked":["Doom and Gloom","Recycle"],"picked":"Electrodynamics","floor":13},{"not_picked":["Heavy Blade","Scrape","Burning Pact"],"picked":"SKIP","floor":14},{"not_picked":["Immolate","Phantasmal Killer"],"picked":"Envenom","floor":16},{"not_picked":["Body Slam","Cold Snap+1"],"picked":"Spot Weakness+1","floor":18},{"not_picked":["Quick Slash","Streamline","Accuracy+1"],"picked":"SKIP","floor":20},{"not_picked":["Perfected Strike","Flying Knee+1"],"picked":"Sweeping Beam+1","floor":22}],"player_experience":114701,"relics_obtained":[{"floor":3,"key":"Boot"},{"floor":6,"key":"Red Skull"},{"floor":9,"key":"Bag of Marbles"}],"event_choices":[{"damage_healed":0,"gold_gain":0,"player_choice":"Grow","damage_taken":0,"max_hp_gain":0,"max_hp_loss":0,"event_name":"Living Wall","floor":2,"gold_loss":0,"cards_upgraded":["All Out Attack"]},{"damage_healed":0,"gold_gain":0,"player_choice":"Entered Light","damage_taken":16,"max_hp_gain":0,"max_hp_loss":0,"event_name":"Shining Light","floor":5,"gold_loss":0,"cards_upgraded":["Strike_R","Strike_R"]},{"damage_healed":0,"gold_gain":75,"player_choice":"Touch","damage_taken":8,"max_hp_gain":0,"max_hp_loss":0,"event_name":"FaceTrader","floor":7,"gold_loss":0},{"damage_healed":0,"gold_gain":0,"player_choice":"Rummage","damage_taken":0,"relics_obtained":["WarpedTongs"],"max_hp_gain":0,"max_hp_loss":0,"event_name":"Accursed Blacksmith","floor":21,"gold_loss":0,"cards_obtained":["Pain"]}],"is_beta":false,"boss_relics":[{"not_picked":["Runic Cube","Orrery"],"picked":"White Beast Statue"}],"items_purged_floors":[12],"is_endless":true,"potions_floor_spawned":[4,6,13,16,18,20,22],"killed_by":"Gremlin Leader","ascension_level":0}