{"gold_per_floor":[114,132,142,17,28,54,54,73,73,99,112,132,32,32,32,137,137,153,153,166,166,178,178,210,210],"floor_reached":25,"playtime":2018,"items_purged":["Strike_B","Strike_B"],"score":299,"play_id":"6ea2a58f-2382-4b39-933b-3b55641b0ab7","local_time":"20190203042021","is_ascension_mode":true,"campfire_choices":[{"data":"Multi-Cast","floor":7,"key":"SMITH"},{"data":"Darkness","floor":15,"key":"SMITH"},{"data":"Loop","floor":23,"key":"SMITH"}],"neow_cost":"NONE","seed_source_timestamp":2040019536684982,"circlet_count":0,"master_deck":["Strike_B","Defend_B","Defend_B","Defend_B","Defend_B","Zap","Dualcast","Redo","Reinforced Body","Sweeping Beam","Multi-Cast+1","Darkness+1","White Noise","Doom and Gloom","Biased Cognition","Undo","Reinforced Body+1","Loop+1","Leap+1"],"relics":["Cracked Core","Lantern","Pantograph","PreservedInsect","Black Star","Question Card","Smiling Mask"],"potions_floor_usage":[6,8,10,12,18,20,24,25],"damage_taken":[{"damage":0,"enemies":"Cultist","floor":1,"turns":4},{"damage":2,"enemies":"Jaw Worm","floor":2,"turns":3},{"damage":0,"enemies":"2 Louse","floor":3,"turns":3},{"damage":1,"enemies":"Blue Slaver","floor":5,"turns":4},{"damage":36,"enemies":"Gremlin Nob","floor":6,"turns":4},{"damage":0,"enemies":"2 Fungi Beasts","floor":8,"turns":1},{"damage":8,"enemies":"Lagavulin","floor":10,"turns":6},{"damage":10,"enemies":"Large Slime","floor":11,"turns":4},{"damage":6,"enemies":"Exordium Thugs","floor":12,"turns":3},{"damage":6,"enemies":"Hexaghost","floor":16,"turns":6},{"damage":17,"enemies":"3 Byrds","floor":18,"turns":3},{"damage":17,"enemies":"Chosen","floor":20,"turns":6},{"damage":25,"enemies":"Shelled Parasite and Fungi","floor":22,"turns":3},{"damage":21,"enemies":"Gremlin Leader","floor":24,"turns":6},{"damage":23,"enemies":"Centurion and Healer","floor":25,"turns":6}],"seed_played":"-6974871576746768047","potions_obtained":[{"floor":1,"key":"Energy Potion"},{"floor":2,"key":"Swift Potion"},{"floor":6,"key":"Block Potion"},{"floor":8,"key":"Poison Potion"},{"floor":12,"key":"Dexterity Potion"},{"floor":16,"key":"Poison Potion"},{"floor":20,"key":"SpeedPotion"},{"floor":24,"key":"Ancient Potion"}],"is_trial":false,"path_per_floor":["M","M","M","$","M","E","R","M","T","E","M","M","$","?","R","B",null,"M","?","M","?","M","R","E","M"],"character_chosen":"DEFECT","items_purchased":["PowerPotion"],"campfire_rested":0,"item_purchase_floors":[4],"current_hp_per_floor":[75,73,73,73,72,36,36,36,36,28,18,12,12,12,12,31,75,58,58,41,66,41,41,20,0],"gold":210,"neow_bonus":"REMOVE_CARD","is_prod":false,"is_daily":false,"chose_seed":false,"campfire_upgraded":3,"win_rate":0,"timestamp":1549185621,"path_taken":["M","M","M","$","M","E","R","M","T","E","?","M","?","?","R","BOSS","M","?","M","?","M","R","E","M"],"build_version":"2019-01-23","purchased_purges":2,"victory":false,"max_hp_per_floor":[75,75,75,75,75,75,75,75,75,75,75,75,75,75,75,75,75,75,75,75,75,75,75,75,75],"card_choices":[{"not_picked":["Consume","Turbo"],"picked":"Redo","floor":1},{"not_picked":["Aggregate","Barrage"],"picked":"Reinforced Body","floor":2},{"not_picked":["Hello World","Double Energy","Reprogram"],"picked":"SKIP","floor":3},{"not_picked":["Scrape","Redo"],"picked":"Sweeping Beam","floor":5},{"not_picked":["Heatsinks","Reprogram"],"picked":"Multi-Cast","floor":6},{"not_picked":["Sweeping Beam","Turbo"],"picked":"Darkness","floor":8},{"not_picked":["Stack","Beam Cell","Static Discharge"],"picked":"SKIP","floor":10},{"not_picked":["Turbo","Double Energy"],"picked":"White Noise","floor":11},{"not_picked":["Coolheaded","Ball Lightning"],"picked":"Doom and Gloom","floor":12},{"not_picked":["Amplify","Creative AI"],"picked":"Biased Cognition","floor":16},{"not_picked":["Ball Lightning+1","Sweeping Beam"],"picked":"Undo","floor":18},{"not_picked":["Rebound","Redo+1"],"picked":"Reinforced Body+1","floor":20},{"not_picked":["Barrage","Aggregate"],"picked":"Loop","floor":22},{"not_picked":["Cold Snap","Force Field"],"picked":"Leap+1","floor":24}],"player_experience":144574,"relics_obtained":[{"floor":6,"key":"Lantern"},{"floor":9,"key":"Pantograph"},{"floor":10,"key":"PreservedInsect"},{"floor":24,"key":"Question Card"},{"floor":24,"key":"Smiling Mask"}],"event_choices":[{"damage_healed":0,"gold_gain":0,"player_choice":"Leave","damage_taken":0,"max_hp_gain":0,"max_hp_loss":0,"event_name":"The Cleric","floor":14,"gold_loss":0},{"damage_healed":0,"gold_gain":0,"player_choice":"Ignored","damage_taken":0,"max_hp_gain":0,"max_hp_loss":0,"event_name":"Ghosts","floor":19,"gold_loss":0},{"damage_healed":25,"gold_gain":0,"player_choice":"Heal","damage_taken":0,"max_hp_gain":0,"max_hp_loss":0,"event_name":"The Library","floor":21,"gold_loss":0}],"is_beta":false,"boss_relics":[{"not_picked":["White Beast Statue","Runic Dome"],"picked":"Black Star"}],"items_purged_floors":[4,13],"is_endless":false,"potions_floor_spawned":[1,2,6,8,12,16,20,24],"killed_by":"Centurion and Healer","ascension_level":3}