{"gold_per_floor":[110,124,175,34,48,48,48,68,68,97,97,125,136,66,66,163,163,178,178,178,195,205,205,232,147,147,147,162,162,175,29,29,29],"floor_reached":33,"playtime":3279,"items_purged":[],"score":275,"play_id":"435c74d4-f26f-44cd-a99e-8eebcaa01ff0","local_time":"20190131095427","is_ascension_mode":false,"campfire_choices":[{"data":"Body Slam","floor":6,"key":"SMITH"},{"floor":15,"key":"REST"},{"data":"Combust","floor":23,"key":"SMITH"},{"data":"Inflame","floor":27,"key":"SMITH"},{"data":"Metallicize","floor":32,"key":"SMITH"}],"neow_cost":"NONE","seed_source_timestamp":160592862431719,"circlet_count":0,"master_deck":["Strike_R","Strike_R","Strike_R","Strike_R","Strike_R","Defend_R","Defend_R","Defend_R","Defend_R","Run Through","Exhume","Uppercut","Body Slam+1","hubris:StunningStrike+1","ReplayTheSpireMod:Corrosion Curse","Iron Wave","Survivor","Neutralize","hubris:SharpeningStone","Inflame+1","Life Link","Hemogenesis","Replay:Undeath\u0027s Touch","Run Through","Combust+1","Metallicize+1","Metallicize+1","Replay:Undeath\u0027s Touch","Fire Breathing","Cleave+1"],"relics":["Black Blood","NeowsBlessing","Pantograph","Garlic","Orichalcum","Torii","Prayer Wheel","Matryoshka","Bronze Scales","Mango","hubris:BottledHeart","Bag of Marbles"],"potions_floor_usage":[16,18,19,33,33],"damage_taken":[{"damage":0,"enemies":"Small Slimes","floor":1,"turns":1},{"damage":0,"enemies":"Cultist","floor":2,"turns":1},{"damage":0,"enemies":"Jaw Worm","floor":5,"turns":1},{"damage":5,"enemies":"Gremlin Gang","floor":8,"turns":6},{"damage":40,"enemies":"3 Sentries","floor":10,"turns":11},{"damage":11,"enemies":"Gremlin Nob","floor":12,"turns":6},{"damage":0,"enemies":"2 Fungi Beasts","floor":13,"turns":4},{"damage":49,"enemies":"Fading Forest","floor":16,"turns":11},{"damage":10,"enemies":"3 Byrds","floor":18,"turns":5},{"damage":17,"enemies":"Colosseum Slavers","floor":19,"turns":6},{"damage":0,"enemies":"Spheric Guardian","floor":21,"turns":2},{"damage":23,"enemies":"Snake Plant","floor":22,"turns":5},{"damage":34,"enemies":"Book of Stabbing","floor":24,"turns":8},{"damage":22,"enemies":"Cultist and Chosen","floor":28,"turns":7},{"damage":0,"enemies":"Centurion and Healer","floor":30,"turns":7},{"damage":1,"enemies":"Collector","floor":33,"turns":9}],"seed_played":"5005081038309020416","potions_obtained":[{"floor":2,"key":"FearPotion"},{"floor":5,"key":"Strength Potion"},{"floor":12,"key":"Regen Potion"},{"floor":13,"key":"LiquidBronze"},{"floor":16,"key":"SkillPotion"},{"floor":21,"key":"Ancient Potion"},{"floor":24,"key":"Strength Potion"},{"floor":30,"key":"Adrenaline Potion"}],"is_trial":false,"path_per_floor":["M","M","?","$","M","R","?","M","T","E","?","E","M","$","R","B",null,"M","?","?","M","M","R","E","?","T","R","M","?","M","$","R","B"],"character_chosen":"IRONCLAD","items_purchased":["hubris:StunningStrike","Life Link","Bag of Marbles"],"campfire_rested":1,"item_purchase_floors":[4,14,31],"current_hp_per_floor":[80,80,60,60,66,66,66,67,67,33,33,28,34,34,58,34,80,80,80,80,80,72,72,48,48,62,62,50,1,1,1,1,0],"gold":29,"neow_bonus":"THREE_ENEMY_KILL","is_prod":false,"is_daily":false,"chose_seed":false,"campfire_upgraded":4,"win_rate":0,"timestamp":1548924867,"path_taken":["M","M","?","?","?","R","?","M","T","E","?","E","M","?","R","BOSS","M","?","?","M","M","R","E","?","T","R","M","?","?","$","R","BOSS"],"build_version":"2019-01-23","purchased_purges":0,"victory":false,"max_hp_per_floor":[80,80,80,80,80,80,80,80,80,80,80,80,80,80,80,80,80,80,80,80,80,80,80,80,80,94,94,94,1,1,1,1,1],"card_choices":[{"not_picked":["Pommel Strike","Heavy Blade"],"picked":"Run Through","floor":1},{"not_picked":["Perfected Strike","Clash"],"picked":"Exhume","floor":2},{"not_picked":["Wild Strike","Warcry"],"picked":"Uppercut","floor":3},{"not_picked":["Havoc","Warcry"],"picked":"Body Slam","floor":3},{"not_picked":["Pommel Strike","Double Tap"],"picked":"ReplayTheSpireMod:Corrosion Curse","floor":5},{"not_picked":["Flex","Body Slam"],"picked":"Iron Wave","floor":8},{"not_picked":["Bludgeon","Hemokinesis","Perfected Strike"],"picked":"SKIP","floor":10},{"not_picked":["Heavy Blade","Sword Boomerang"],"picked":"hubris:SharpeningStone","floor":12},{"not_picked":["Clothesline","Heavy Blade"],"picked":"Inflame","floor":13},{"not_picked":["Exhume","Brutality"],"picked":"Hemogenesis","floor":16},{"not_picked":["Reckless Charge","Anger"],"picked":"Replay:Undeath\u0027s Touch","floor":18},{"not_picked":["Heavy Blade","hubris:ReadiedAction+1"],"picked":"Run Through","floor":21},{"not_picked":["Seeing Red","Wild Strike"],"picked":"Combust","floor":22},{"not_picked":["Anger","Flex"],"picked":"Metallicize+1","floor":24},{"not_picked":["Pommel Strike","Clash+1"],"picked":"Metallicize","floor":28},{"not_picked":["Armaments","Sword Boomerang"],"picked":"Replay:Undeath\u0027s Touch","floor":28},{"not_picked":["Pommel Strike","Dark Embrace"],"picked":"Fire Breathing","floor":30},{"not_picked":["Body Slam","hubris:CleavingFinish"],"picked":"Cleave+1","floor":30}],"player_experience":244517,"relics_obtained":[{"floor":3,"key":"Pantograph"},{"floor":9,"key":"Garlic"},{"floor":10,"key":"Orichalcum"},{"floor":12,"key":"Torii"},{"floor":24,"key":"Prayer Wheel"},{"floor":26,"key":"Bronze Scales"},{"floor":26,"key":"Mango"}],"event_choices":[{"damage_healed":0,"gold_gain":0,"player_choice":"Grow","damage_taken":0,"max_hp_gain":0,"max_hp_loss":0,"event_name":"Living Wall","floor":7,"gold_loss":0,"cards_upgraded":["hubris:StunningStrike"]},{"damage_healed":0,"gold_gain":0,"player_choice":"Fight","damage_taken":0,"max_hp_gain":0,"max_hp_loss":0,"event_name":"Colosseum","floor":19,"gold_loss":0},{"damage_healed":0,"gold_gain":0,"player_choice":"Fled From Nobs","damage_taken":0,"max_hp_gain":0,"max_hp_loss":0,"event_name":"Colosseum","floor":19,"gold_loss":0},{"damage_healed":0,"gold_gain":0,"player_choice":"Ignored","damage_taken":0,"max_hp_gain":0,"max_hp_loss":0,"event_name":"Vampires","floor":20,"gold_loss":0},{"damage_healed":0,"gold_gain":0,"player_choice":"Obtained Relic","damage_taken":0,"relics_obtained":["Matryoshka"],"max_hp_gain":0,"max_hp_loss":0,"event_name":"Addict","floor":25,"gold_loss":85}],"is_beta":false,"boss_relics":[{"not_picked":["hubris:TerracottaHorce","Eternal Feather"],"picked":"Black Blood"}],"items_purged_floors":[],"is_endless":false,"potions_floor_spawned":[2,5,12,13,16,21,24,30],"killed_by":"Collector","ascension_level":0}