{"gold_per_floor":[111,131,131,56,21,47,47,80,80,56,76,101,101,101,101,180,180,193,193,204,218,233,233,244,259,283,283,302,3,3,31,31,104,104,118,218,32,42,42,42,42,42,42,73,85,85,31,51,51,51],"floor_reached":51,"playtime":4837,"items_purged":["Strike_B","Defend_B"],"score":1415,"play_id":"98b19157-4d9e-4ab0-b859-9b5a8f51e9a9","local_time":"20190524231147","is_ascension_mode":true,"campfire_choices":[{"data":"Go for the Eyes","floor":13,"key":"SMITH"},{"data":"Dualcast","floor":15,"key":"SMITH"},{"floor":23,"key":"REST"},{"floor":27,"key":"REST"},{"floor":30,"key":"REST"},{"floor":32,"key":"REST"},{"floor":40,"key":"REST"},{"floor":42,"key":"DIG"},{"floor":46,"key":"DIG"},{"floor":49,"key":"REST"}],"neow_cost":"NONE","seed_source_timestamp":137200550870684,"circlet_count":0,"master_deck":["AscendersBane","Strike_B","Defend_B+1","Defend_B","Defend_B","Zap+1","Dualcast+1","Ball Lightning","Leap","Ball Lightning","Go for the Eyes+1","Conserve Battery+1","Ball Lightning","Coolheaded+1","Meteor Strike","Tempest+1","Beam Cell","Compile Driver","Conserve Battery+1","White Noise+1","Undo+1","Conserve Battery+1","Coolheaded+1","White Noise+1","Reinforced Body+1","Leap+1","Stack+1","Force Field+1","FTL+1","Electrodynamics","Fusion+1","Compile Driver+1","Steam+1","Coolheaded+1","Lockon","Finesse+1","Good Instincts+1","Dark Shackles+1","Glacier+1","Redo+1","Coolheaded+1","Turbo+1"],"relics":["Cracked Core","NeowsBlessing","Toxic Egg 2","Dream Catcher","Ice Cream","Shuriken","War Paint","Runic Pyramid","Bronze Scales","Oddly Smooth Stone","Centennial Puzzle","Sozu","Shovel","Strawberry","Bottled Lightning","Gremlin Horn","Ornamental Fan"],"potions_floor_usage":[16,16,21,21,21,44],"damage_taken":[{"damage":0,"enemies":"Cultist","floor":1,"turns":1},{"damage":0,"enemies":"2 Louse","floor":2,"turns":1},{"damage":0,"enemies":"Gremlin Nob","floor":6,"turns":1},{"damage":20,"enemies":"Lagavulin","floor":8,"turns":6},{"damage":7,"enemies":"Small Slimes","floor":11,"turns":2},{"damage":11,"enemies":"3 Sentries","floor":12,"turns":5},{"damage":0,"enemies":"Slime Boss","floor":16,"turns":4},{"damage":11,"enemies":"Spheric Guardian","floor":18,"turns":8},{"damage":16,"enemies":"2 Thieves","floor":20,"turns":4},{"damage":18,"enemies":"Shelled Parasite and Fungi","floor":21,"turns":5},{"damage":13,"enemies":"Snake Plant","floor":22,"turns":4},{"damage":0,"enemies":"Snecko","floor":24,"turns":3},{"damage":0,"enemies":"Cultist and Chosen","floor":25,"turns":6},{"damage":2,"enemies":"Snake Plant","floor":28,"turns":4},{"damage":48,"enemies":"Slavers","floor":31,"turns":6},{"damage":40,"enemies":"Automaton","floor":33,"turns":17},{"damage":0,"enemies":"3 Darklings","floor":35,"turns":3},{"damage":0,"enemies":"Mind Bloom Boss Battle","floor":36,"turns":6},{"damage":3,"enemies":"3 Shapes","floor":38,"turns":3},{"damage":18,"enemies":"Reptomancer","floor":44,"turns":7},{"damage":12,"enemies":"Jaw Worm Horde","floor":45,"turns":3},{"damage":33,"enemies":"Transient","floor":48,"turns":6},{"damage":15,"enemies":"Awakened One","floor":50,"turns":11}],"seed_played":"-8317641192169878281","potions_obtained":[{"floor":6,"key":"Fire Potion"},{"floor":8,"key":"AttackPotion"},{"floor":19,"key":"EntropicBrew"},{"floor":19,"key":"FearPotion"},{"floor":25,"key":"LiquidBronze"},{"floor":28,"key":"Strength Potion"},{"floor":33,"key":"SkillPotion"}],"is_trial":false,"path_per_floor":["M","M","?","$","?","E","?","E","T","$","M","E","R","?","R","B",null,"M","?","M","M","M","R","M","M","T","R","M","$","R","E","R","B",null,"M","?","$","M","?","R","?","R","T","E","M","R","$","M","R","B",null],"character_chosen":"DEFECT","items_purchased":["Conserve Battery+1","Reinforced Body+1","Leap+1","Oddly Smooth Stone","Steam+1","Coolheaded+1","Coolheaded+1"],"campfire_rested":6,"item_purchase_floors":[10,29,29,29,37,37,47],"current_hp_per_floor":[64,64,57,57,71,71,71,51,51,51,44,33,33,56,56,56,67,56,56,40,22,9,30,30,30,30,51,49,49,70,22,43,3,54,54,54,54,51,41,62,62,69,69,51,39,39,39,6,29,14],"gold":51,"neow_bonus":"THREE_ENEMY_KILL","is_prod":false,"is_daily":false,"chose_seed":false,"campfire_upgraded":2,"win_rate":0,"timestamp":1558764707,"path_taken":["M","?","?","$","?","E","?","E","T","$","M","E","R","?","R","BOSS","M","?","M","?","M","R","M","M","T","R","M","$","R","E","R","BOSS","M","?","$","M","?","R","?","R","T","E","?","R","?","M","R","BOSS"],"build_version":"2019-01-23","purchased_purges":2,"victory":true,"max_hp_per_floor":[71,71,71,71,71,71,71,71,71,71,71,71,71,71,71,71,71,71,71,71,71,71,71,71,71,71,71,71,71,71,71,71,71,71,71,71,71,71,71,71,71,78,78,78,78,78,78,78,78,78],"card_choices":[{"not_picked":["Streamline","Self Repair"],"picked":"Ball Lightning","floor":1},{"not_picked":["Redo","Aggregate"],"picked":"Leap","floor":2},{"not_picked":["Hologram","Beam Cell"],"picked":"Ball Lightning","floor":6},{"not_picked":["Streamline","Compile Driver"],"picked":"Go for the Eyes","floor":8},{"not_picked":["Go for the Eyes","Aggregate+1"],"picked":"Ball Lightning","floor":11},{"not_picked":["Skim+1","Meteor Strike"],"picked":"Coolheaded+1","floor":12},{"not_picked":["Amplify+1","Biased Cognition"],"picked":"Meteor Strike","floor":16},{"not_picked":["Static Discharge","Cold Snap"],"picked":"Tempest+1","floor":18},{"not_picked":["Sweeping Beam","Ball Lightning"],"picked":"Beam Cell","floor":20},{"not_picked":["Go for the Eyes","Hello World"],"picked":"Compile Driver","floor":21},{"not_picked":["Cold Snap","Hologram+1"],"picked":"Conserve Battery+1","floor":22},{"not_picked":["Compile Driver","Streamline"],"picked":"White Noise+1","floor":23},{"not_picked":["Barrage","Chill+1"],"picked":"Undo+1","floor":24},{"not_picked":["Thunder Strike","Gash"],"picked":"Conserve Battery+1","floor":25},{"not_picked":["Stack+1","Force Field+1"],"picked":"Coolheaded+1","floor":27},{"not_picked":["Go for the Eyes","Coolheaded+1"],"picked":"White Noise+1","floor":28},{"not_picked":["Consume+1","Leap+1"],"picked":"Stack+1","floor":30},{"not_picked":["Capacitor","Coolheaded+1"],"picked":"Force Field+1","floor":31},{"not_picked":["Redo+1","Consume+1"],"picked":"FTL+1","floor":32},{"not_picked":["Machine Learning","Biased Cognition"],"picked":"Electrodynamics","floor":33},{"not_picked":["Redo+1","Beam Cell+1"],"picked":"Fusion+1","floor":35},{"not_picked":["Barrage","Gash+1"],"picked":"Compile Driver+1","floor":36},{"not_picked":["Streamline","Cold Snap"],"picked":"Lockon","floor":38},{"not_picked":["Blind+1","Madness+1"],"picked":"Finesse+1","floor":39},{"not_picked":["Jack Of All Trades+1","Impatience+1"],"picked":"Good Instincts+1","floor":39},{"not_picked":["Good Instincts+1","Thinking Ahead+1"],"picked":"Dark Shackles+1","floor":39},{"not_picked":["BootSequence+1","Ball Lightning"],"picked":"Glacier+1","floor":40},{"not_picked":["Sweeping Beam","Cold Snap+1","Beam Cell+1"],"picked":"SKIP","floor":44},{"not_picked":["Capacitor+1","Hologram+1"],"picked":"Redo+1","floor":45},{"not_picked":["Cold Snap+1","Genetic Algorithm+1"],"picked":"Turbo+1","floor":48}],"player_experience":734292,"relics_obtained":[{"floor":6,"key":"Toxic Egg 2"},{"floor":8,"key":"Ice Cream"},{"floor":9,"key":"Shuriken"},{"floor":12,"key":"War Paint"},{"floor":26,"key":"Bronze Scales"},{"floor":31,"key":"Centennial Puzzle"},{"floor":36,"key":"Shovel"},{"floor":42,"key":"Strawberry"},{"floor":43,"key":"Bottled Lightning"},{"floor":44,"key":"Gremlin Horn"},{"floor":46,"key":"Ornamental Fan"}],"event_choices":[{"cards_removed":["Strike_B"],"damage_healed":0,"gold_gain":0,"player_choice":"Card Removal","damage_taken":7,"max_hp_gain":0,"max_hp_loss":0,"event_name":"Golden Wing","floor":3,"gold_loss":0},{"damage_healed":17,"gold_gain":0,"player_choice":"Healed","damage_taken":0,"max_hp_gain":0,"max_hp_loss":0,"event_name":"The Cleric","floor":5,"gold_loss":35},{"damage_healed":0,"gold_gain":0,"player_choice":"Searched \u00271\u0027 times","damage_taken":0,"relics_obtained":["Dream Catcher"],"max_hp_gain":0,"max_hp_loss":0,"event_name":"Dead Adventurer","floor":7,"gold_loss":0},{"damage_healed":23,"gold_gain":0,"player_choice":"Banana","damage_taken":0,"max_hp_gain":0,"max_hp_loss":0,"event_name":"Big Fish","floor":14,"gold_loss":0},{"damage_healed":0,"gold_gain":0,"player_choice":"Got Potions","damage_taken":0,"max_hp_gain":0,"max_hp_loss":0,"event_name":"Lab","floor":19,"gold_loss":0},{"damage_healed":0,"gold_gain":0,"player_choice":"Fight","damage_taken":0,"max_hp_gain":0,"max_hp_loss":0,"event_name":"MindBloom","floor":36,"gold_loss":0},{"damage_healed":0,"gold_gain":0,"player_choice":"Memory 3","damage_taken":10,"max_hp_gain":0,"max_hp_loss":0,"event_name":"SensoryStone","floor":39,"gold_loss":0},{"cards_removed":["Strike_B"],"damage_healed":0,"gold_gain":0,"player_choice":"Removed Attack","damage_taken":0,"max_hp_gain":0,"max_hp_loss":0,"event_name":"Falling","floor":41,"gold_loss":0}],"is_beta":false,"boss_relics":[{"not_picked":["Velvet Choker","Nuclear Battery"],"picked":"Runic Pyramid"},{"not_picked":["Inserter","Philosopher\u0027s Stone"],"picked":"Sozu"}],"items_purged_floors":[4,37],"is_endless":false,"potions_floor_spawned":[6,8,11,25,28,33,36,38,44],"ascension_level":17}