{"gold_per_floor":[119,136,136,136,311,311,162,162,162,162,195,205,225,242,242,347,347,361,361,381,381,392,425,725,725,752,581,504,517,69,87,87,190,190,210,222,237,250,250,262,287,312,348,58,58,58],"floor_reached":46,"playtime":1668,"items_purged":["Doubt","Writhe","Strike_R+1","Normality"],"score":642,"play_id":"8ea6d59d-df97-4352-85a4-9403d425319f","local_time":"20180729215917","daily_mods":["Diverse"],"is_ascension_mode":false,"campfire_choices":[{"data":"Footwork","floor":6,"key":"SMITH"},{"data":"Terror","floor":8,"key":"SMITH"},{"floor":10,"key":"REST"},{"data":"Static Discharge","floor":15,"key":"SMITH"},{"data":"Self Repair","floor":25,"key":"SMITH"},{"data":"Metallicize","floor":32,"key":"SMITH"},{"floor":40,"key":"REST"}],"neow_cost":"","seed_source_timestamp":0,"circlet_count":0,"master_deck":["Strike_R+1","Strike_R+1","Strike_R+1","Strike_R+1","Defend_R+1","Defend_R+1","Defend_R+1","Defend_R+1","Bash+1","Beam Cell+1","Footwork+1","Terror+1","Setup","Static Discharge+1","Perfected Strike","Self Repair+1","Venomology","Sweeping Beam","Leg Sweep","Deadly Poison","Conserve Battery+1","Infinite Blades","J.A.X.","Auto Shields","Metallicize+1","Demon Form","Sword Boomerang","Genetic Algorithm","Riddle With Holes+1","Capacitor","Cloak And Dagger+1","Injury","Panacea","Dark Shackles","Good Instincts"],"relics":["Burning Blood","War Paint","Blue Candle","Regal Pillow","Mark of Pain","Bag of Marbles","Old Coin","Bag of Preparation","Pear","Cursed Key","MawBank","Whetstone","Pen Nib"],"potions_floor_usage":[11,16,23,23,29,31,31,31,33,33,33,33,36,37,38,41,42,42,42,42,46],"damage_taken":[{"damage":10,"enemies":"Jaw Worm","floor":1,"turns":4},{"damage":8,"enemies":"2 Louse","floor":2,"turns":2},{"damage":44,"enemies":"Lagavulin","floor":11,"turns":7},{"damage":0,"enemies":"Small Slimes","floor":12,"turns":3},{"damage":0,"enemies":"2 Fungi Beasts","floor":13,"turns":4},{"damage":0,"enemies":"Exordium Wildlife","floor":14,"turns":3},{"damage":49,"enemies":"The Guardian","floor":16,"turns":10},{"damage":36,"enemies":"2 Thieves","floor":18,"turns":4},{"damage":4,"enemies":"Chosen","floor":20,"turns":3},{"damage":12,"enemies":"Snake Plant","floor":22,"turns":4},{"damage":40,"enemies":"Slavers","floor":23,"turns":4},{"damage":12,"enemies":"Cultist and Chosen","floor":29,"turns":5},{"damage":22,"enemies":"Centurion and Healer","floor":31,"turns":6},{"damage":63,"enemies":"Automaton","floor":33,"turns":10},{"damage":6,"enemies":"Orb Walker","floor":35,"turns":4},{"damage":34,"enemies":"Flame Bruiser 1 Orb","floor":36,"turns":5},{"damage":40,"enemies":"Sphere and 2 Shapes","floor":37,"turns":5},{"damage":26,"enemies":"3 Darklings","floor":38,"turns":7},{"damage":26,"enemies":"Spire Growth","floor":41,"turns":6},{"damage":49,"enemies":"Flame Bruiser 2 Orb","floor":42,"turns":4},{"damage":27,"enemies":"Transient","floor":46,"turns":2}],"seed_played":"7659526463736679206","potions_obtained":[{"floor":2,"key":"BloodPotion"},{"floor":11,"key":"Strength Potion"},{"floor":14,"key":"EssenceOfSteel"},{"floor":16,"key":"Poison Potion"},{"floor":18,"key":"Swift Potion"},{"floor":23,"key":"Energy Potion"},{"floor":31,"key":"Regen Potion"},{"floor":35,"key":"SpeedPotion"},{"floor":36,"key":"Block Potion"},{"floor":41,"key":"Swift Potion"},{"floor":42,"key":"EssenceOfSteel"}],"is_trial":true,"path_per_floor":["M","M","?","?","?","R","$","R","T","R","E","M","M","M","R","B",null,"M","?","M","?","M","E","?","R","T","$","?","M","$","M","R","B",null,"M","M","M","M","?","R","M","M","T","$","?"],"character_chosen":"IRONCLAD","items_purchased":["Terror","Infinite Blades","Metallicize","Pear","Pen Nib"],"campfire_rested":2,"item_purchase_floors":[7,27,30,30,44],"current_hp_per_floor":[76,74,67,51,51,51,51,51,51,75,45,51,57,63,63,27,80,57,57,66,80,80,53,53,53,53,53,53,57,67,61,61,29,90,90,72,38,28,28,70,60,27,27,27,17,0],"gold":58,"neow_bonus":"","is_prod":false,"is_daily":false,"chose_seed":false,"campfire_upgraded":5,"win_rate":0,"timestamp":1532894357,"path_taken":["M","M","?","?","?","R","$","R","T","R","E","M","M","?","R","BOSS","M","?","?","?","M","E","?","R","T","$","?","?","$","M","R","BOSS","M","M","M","M","?","R","M","?","T","$","?","?"],"build_version":"2018-07-26","purchased_purges":4,"victory":false,"max_hp_per_floor":[80,80,80,80,80,80,80,80,80,80,80,80,80,80,80,80,80,80,80,80,80,80,80,80,80,80,80,80,80,90,90,90,90,90,90,90,90,90,90,90,90,90,90,90,90,90],"card_choices":[{"not_picked":["Clothesline","Finisher"],"picked":"Beam Cell","floor":1},{"not_picked":["Shrug It Off","Reinforced Body"],"picked":"Footwork","floor":2},{"not_picked":["Slice","Flex"],"picked":"Setup","floor":11},{"not_picked":["Backflip","Reinforced Body"],"picked":"Static Discharge","floor":12},{"not_picked":["Barrage","Double Energy"],"picked":"Perfected Strike","floor":13},{"not_picked":["Conserve Battery","Dagger Throw"],"picked":"Self Repair","floor":14},{"not_picked":["Exhume","Feed"],"picked":"Venomology","floor":16},{"not_picked":["Acrobatics","Anger+1"],"picked":"Sweeping Beam","floor":18},{"not_picked":["Anger","True Grit"],"picked":"Leg Sweep","floor":20},{"not_picked":["Bane+1","Turbo+1"],"picked":"Deadly Poison","floor":22},{"not_picked":["Phantasmal Killer","Redo"],"picked":"Conserve Battery+1","floor":23},{"not_picked":["Headbutt","Sweeping Beam"],"picked":"Auto Shields","floor":29},{"not_picked":["Seeing Red","Streamline+1","Tactician"],"picked":"SKIP","floor":31},{"not_picked":["Dark Embrace","Immolate"],"picked":"Demon Form","floor":33},{"not_picked":["Searing Blow+1","Slice+1","Flex+1"],"picked":"SKIP","floor":35},{"not_picked":["Deflect","Body Slam+1"],"picked":"Sword Boomerang","floor":36},{"not_picked":["Clash","Sword Boomerang"],"picked":"Genetic Algorithm","floor":37},{"not_picked":["Consume","Chaos+1"],"picked":"Riddle With Holes","floor":38},{"not_picked":["Shrug It Off","Core Surge"],"picked":"Capacitor","floor":41},{"not_picked":["Deadly Poison","Double Energy+1"],"picked":"Cloak And Dagger+1","floor":42},{"not_picked":["Thinking Ahead","Blind"],"picked":"Panacea","floor":45},{"not_picked":["Blind","Master of Strategy"],"picked":"Dark Shackles","floor":45},{"not_picked":["Swift Strike","Blind"],"picked":"Good Instincts","floor":45}],"player_experience":93545,"relics_obtained":[{"floor":9,"key":"Blue Candle"},{"floor":11,"key":"Regal Pillow"},{"floor":23,"key":"Bag of Marbles"},{"floor":26,"key":"Bag of Preparation"},{"floor":43,"key":"Whetstone"}],"event_choices":[{"event_name":"Scrap Ooze","player_choice":"success","floor":3,"damage_taken":7},{"event_name":"Shining Light","player_choice":"Entered Light","floor":4,"damage_taken":0},{"event_name":"Liars Game","player_choice":"agreed","floor":5,"damage_taken":0},{"event_name":"Back to Basics","player_choice":"Simplicity","floor":19,"damage_taken":0},{"event_name":"The Library","player_choice":"Heal","floor":21,"damage_taken":0},{"event_name":"The Mausoleum","player_choice":"Yes","floor":24,"damage_taken":0},{"event_name":"Drug Dealer","player_choice":"Got JAXXED","floor":28,"damage_taken":0},{"event_name":"Accursed Blacksmith","player_choice":"Rummage","floor":39,"damage_taken":0},{"event_name":"SensoryStone","player_choice":"Memory 3","floor":45,"damage_taken":0}],"is_beta":false,"boss_relics":[{"not_picked":["Orrery","Tiny House"],"picked":"Mark of Pain"},{"not_picked":["Empty Cage","Runic Dome"],"picked":"Cursed Key"}],"items_purged_floors":[7,27,30,44],"is_endless":true,"potions_floor_spawned":[2,11,14,16,18,23,31,35,36,41,42],"killed_by":"Transient","ascension_level":0}