{"gold_per_floor":[119,130,140,140,140,140,166,166,166,179,179],"floor_reached":11,"playtime":343,"items_purged":[],"score":131,"play_id":"d2e76761-4b5e-4a12-afa0-9b78855c0452","local_time":"20190404150000","is_ascension_mode":true,"campfire_choices":[{"data":"Bash","floor":6.0,"key":"SMITH"},{"data":"Flame Barrier","floor":8.0,"key":"SMITH"}],"neow_cost":"NONE","seed_source_timestamp":16141383139969,"circlet_count":0,"master_deck":["AscendersBane","Strike_R","Strike_R","Strike_R","Strike_R","Defend_R","Defend_R","Defend_R","Defend_R","Bash+1","Shrug It Off","Inflame+1","Inflame+1","Flame Barrier+1","True Grit"],"special_seed":0,"relics":["Burning Blood","Juzu Bracelet","Kunai","Bottled Flame"],"potions_floor_usage":[],"damage_taken":[{"damage":15.0,"enemies":"Jaw Worm","floor":1.0,"turns":6.0},{"damage":0.0,"enemies":"2 Louse","floor":2.0,"turns":3.0},{"damage":0.0,"enemies":"Small Slimes","floor":3.0,"turns":3.0},{"damage":30.0,"enemies":"Gremlin Nob","floor":7.0,"turns":5.0},{"damage":2.0,"enemies":"Looter","floor":10.0,"turns":5.0},{"damage":33,"enemies":"Lagavulin","floor":11,"turns":6}],"seed_played":"-1737639119426615035","potions_obtained":[],"is_trial":false,"path_per_floor":["M","M","M","?","?","R","E","R","T","M","E"],"character_chosen":"IRONCLAD","items_purchased":[],"campfire_rested":0,"item_purchase_floors":[],"current_hp_per_floor":[59,65,71,71,48,48,24,24,24,28,0],"gold":179,"neow_bonus":"RANDOM_COMMON_RELIC","is_prod":false,"is_daily":false,"chose_seed":false,"campfire_upgraded":2,"win_rate":0,"timestamp":1554364800,"path_taken":["M","M","M","?","?","R","E","R","T","M","E"],"build_version":"2019-01-23","purchased_purges":0,"victory":false,"max_hp_per_floor":[75,75,75,75,75,75,75,75,75,75,75],"card_choices":[{"not_picked":["Wild Strike","Twin Strike"],"picked":"Shrug It Off","floor":1.0},{"not_picked":["Shrug It Off","Body Slam"],"picked":"Inflame","floor":2.0},{"not_picked":["Heavy Blade","Blood for Blood"],"picked":"Inflame","floor":3.0},{"not_picked":["Metallicize","Headbutt"],"picked":"Flame Barrier","floor":7.0},{"not_picked":["Body Slam","Havoc"],"picked":"True Grit","floor":10.0}],"player_experience":412440,"relics_obtained":[{"floor":7.0,"key":"Kunai"},{"floor":9.0,"key":"Bottled Flame"}],"event_choices":[{"cards_removed":["Strike_R"],"damage_healed":0.0,"max_hp_gain":0.0,"max_hp_loss":0.0,"gold_gain":0.0,"event_name":"Living Wall","player_choice":"Forget","floor":4.0,"gold_loss":0.0,"damage_taken":0.0},{"damage_healed":0.0,"max_hp_gain":0.0,"max_hp_loss":0.0,"gold_gain":0.0,"event_name":"Shining Light","player_choice":"Entered Light","floor":5.0,"gold_loss":0.0,"damage_taken":23.0,"cards_upgraded":["Inflame","Inflame"]}],"is_beta":false,"boss_relics":[],"items_purged_floors":[],"is_endless":false,"potions_floor_spawned":[],"killed_by":"Lagavulin","ascension_level":16}