{"gold_per_floor":[119,130,36,51,51,85,85,96,96,126,126,126,126,137,137,137],"floor_reached":16,"playtime":641,"items_purged":[],"score":100,"play_id":"b6508ba9-b1df-41ea-9cd5-a12a8647f2ce","local_time":"20190424154005","is_ascension_mode":false,"campfire_choices":[{"floor":7,"key":"REST"},{"floor":15,"key":"REST"}],"neow_cost":"PERCENT_DAMAGE","seed_source_timestamp":816742517251875,"circlet_count":0,"master_deck":["Defend_G","Defend_G","Defend_G","Defend_G","Defend_G","Strike_G","Strike_G","Strike_G","Strike_G","Strike_G","Survivor","Slice","Cloak And Dagger","Purity","Draining Mist","Slice+1","Escape Plan","Well Laid Plans","Regret"],"relics":["Ring of the Snake","Juzu Bracelet","Sundial","hubris:Reverence","GremlinMask","Anchor","Bag of Preparation"],"potions_floor_usage":[6,8],"damage_taken":[{"damage":1,"enemies":"Cultist","floor":1,"turns":5},{"damage":5,"enemies":"Small Slimes","floor":2,"turns":5},{"damage":0,"enemies":"Jaw Worm","floor":4,"turns":4},{"damage":33,"enemies":"Lagavulin","floor":6,"turns":8},{"damage":5,"enemies":"Looter","floor":8,"turns":3},{"damage":5,"enemies":"Lots of Slimes","floor":14,"turns":4},{"damage":55,"enemies":"The Guardian","floor":16,"turns":14}],"seed_played":"6031614241110553968","potions_obtained":[{"floor":4,"key":"SpeedPotion"},{"floor":6,"key":"Poison Potion"},{"floor":8,"key":"Ancient Potion"}],"is_trial":false,"path_per_floor":["M","M","$","M","?","E","R","M","T","?","?","?","?","M","R","B"],"character_chosen":"THE_SILENT","items_purchased":["Purity"],"campfire_rested":2,"item_purchase_floors":[3],"current_hp_per_floor":[62,57,57,57,57,24,49,44,44,44,44,44,32,27,52,0],"gold":137,"neow_bonus":"TWENTY_PERCENT_HP_BONUS","is_prod":false,"is_daily":false,"chose_seed":false,"campfire_upgraded":0,"win_rate":0,"timestamp":1556113205,"path_taken":["M","?","$","M","?","E","R","M","T","?","?","?","?","M","R","BOSS"],"build_version":"2019-01-23","purchased_purges":0,"victory":false,"max_hp_per_floor":[84,84,84,84,84,84,84,84,84,84,84,84,84,84,84,84],"card_choices":[{"not_picked":["Deadly Poison","Bane"],"picked":"Slice","floor":1},{"not_picked":["Riddle With Holes","Dodge and Roll"],"picked":"Cloak And Dagger","floor":2},{"not_picked":["Concentrate","Backflip"],"picked":"Draining Mist","floor":4},{"not_picked":["Sucker Punch","Slice"],"picked":"Escape Plan","floor":6},{"not_picked":["Blade Dance","Acrobatics"],"picked":"Well Laid Plans","floor":8},{"not_picked":["Bullet Time","Concentrate","hubris:TrickCloak"],"picked":"SKIP","floor":14}],"player_experience":275641,"relics_obtained":[{"floor":6,"key":"Juzu Bracelet"},{"floor":9,"key":"Sundial"}],"event_choices":[{"damage_healed":0,"gold_gain":30,"player_choice":"Searched \u00273\u0027 times","damage_taken":0,"relics_obtained":["hubris:Reverence"],"max_hp_gain":0,"max_hp_loss":0,"event_name":"Dead Adventurer","floor":10,"gold_loss":0},{"damage_healed":0,"gold_gain":0,"player_choice":"Trade","damage_taken":0,"relics_obtained":["GremlinMask"],"max_hp_gain":0,"max_hp_loss":0,"event_name":"FaceTrader","floor":11,"gold_loss":0},{"damage_healed":0,"gold_gain":0,"player_choice":"Box","damage_taken":0,"relics_obtained":["Anchor"],"max_hp_gain":0,"max_hp_loss":0,"event_name":"Big Fish","floor":12,"gold_loss":0,"cards_obtained":["Regret"]},{"damage_healed":0,"gold_gain":0,"player_choice":"Success","damage_taken":12,"relics_obtained":["Bag of Preparation"],"max_hp_gain":0,"max_hp_loss":0,"event_name":"Scrap Ooze","floor":13,"gold_loss":0}],"is_beta":false,"boss_relics":[],"items_purged_floors":[],"is_endless":false,"potions_floor_spawned":[4,6,8],"killed_by":"The Guardian","ascension_level":0}