{"gold_per_floor":[113,113,38,50,63,92,109,129,129,29,29,58,58,73,73,73],"floor_reached":16,"playtime":449,"items_purged":["Strike_R","Strike_R"],"score":112,"play_id":"5e359c84-8b37-4180-aabc-5649563f28c2","local_time":"20190605205339","is_ascension_mode":false,"campfire_choices":[{"data":"Bash","floor":11,"key":"SMITH"},{"floor":15,"key":"REST"}],"neow_cost":"NONE","seed_source_timestamp":43868063055882,"circlet_count":0,"master_deck":["Strike_R","Strike_R","Strike_R","Defend_R","Defend_R","Defend_R","Defend_R","Bash+1","Metallicize","Shrug It Off","Thunderclap","Shrug It Off","Whirlwind","Iron Wave"],"relics":["Burning Blood","NeowsBlessing","FaceOfCleric","Bag of Marbles","Thread and Needle","Du-Vu Doll","Dodecahedron"],"potions_floor_usage":[6,16,16,16],"damage_taken":[{"damage":0,"enemies":"Small Slimes","floor":1,"turns":1},{"damage":0,"enemies":"Cultist","floor":4,"turns":1},{"damage":0,"enemies":"Jaw Worm","floor":5,"turns":1},{"damage":27,"enemies":"Gremlin Nob","floor":6,"turns":5},{"damage":12,"enemies":"Looter","floor":7,"turns":3},{"damage":10,"enemies":"3 Louse","floor":8,"turns":4},{"damage":41,"enemies":"Lagavulin","floor":12,"turns":9},{"damage":6,"enemies":"Blue Slaver","floor":14,"turns":4},{"damage":70,"enemies":"Hexaghost","floor":16,"turns":14}],"seed_played":"1441957616453667102","potions_obtained":[{"floor":4,"key":"Swift Potion"},{"floor":5,"key":"BloodPotion"},{"floor":7,"key":"FearPotion"},{"floor":12,"key":"Regen Potion"}],"is_trial":false,"path_per_floor":["M","?","$","M","M","E","M","M","T","$","R","E","T","M","R","B"],"character_chosen":"IRONCLAD","items_purchased":[],"campfire_rested":1,"item_purchase_floors":[],"current_hp_per_floor":[80,80,80,81,82,70,65,62,62,62,62,28,28,29,55,0],"gold":73,"neow_bonus":"THREE_ENEMY_KILL","is_prod":false,"is_daily":false,"chose_seed":false,"campfire_upgraded":1,"win_rate":0,"timestamp":1559760819,"path_taken":["M","?","$","?","?","E","M","M","T","$","R","E","?","M","R","BOSS"],"build_version":"2019-01-23","purchased_purges":2,"victory":false,"max_hp_per_floor":[80,80,80,81,82,83,84,85,85,85,85,86,86,87,87,87],"card_choices":[{"not_picked":["Havoc","Anger"],"picked":"Metallicize","floor":1},{"not_picked":["Flame Barrier","Infernal Blade"],"picked":"Shrug It Off","floor":4},{"not_picked":["Cleave","Power Through"],"picked":"Thunderclap","floor":5},{"not_picked":["True Grit","Iron Wave","Wild Strike"],"picked":"SKIP","floor":6},{"not_picked":["Wild Strike","Shockwave"],"picked":"Shrug It Off","floor":7},{"not_picked":["Disarm","Perfected Strike"],"picked":"Whirlwind","floor":8},{"not_picked":["Burning Pact","Blood for Blood","Thunderclap"],"picked":"SKIP","floor":12},{"not_picked":["Hemokinesis","Twin Strike"],"picked":"Iron Wave","floor":14}],"player_experience":315659,"relics_obtained":[{"floor":6,"key":"Bag of Marbles"},{"floor":9,"key":"Thread and Needle"},{"floor":12,"key":"Du-Vu Doll"},{"floor":13,"key":"Dodecahedron"}],"event_choices":[{"damage_healed":0,"gold_gain":0,"player_choice":"Trade","damage_taken":0,"relics_obtained":["FaceOfCleric"],"max_hp_gain":0,"max_hp_loss":0,"event_name":"FaceTrader","floor":2,"gold_loss":0}],"is_beta":false,"boss_relics":[],"items_purged_floors":[3,10],"is_endless":false,"potions_floor_spawned":[4,5,7,12],"killed_by":"Hexaghost","ascension_level":0}