{"gold_per_floor":[113,131,131,96,96,123,137,137,137,137,202,202,233,30,30,126,126,138,154,173,173,173,173,191,191,191,191,191,191,209,237,237,342,342,355,373,390,60,60,60,60,71,71,71,90,107,121,132,132,132],"floor_reached":51,"playtime":4327,"items_purged":["Decay"],"score":919,"play_id":"d2e0fdd2-a815-4dfc-a7f9-57d09cac4de4","local_time":"20190602022325","is_ascension_mode":true,"campfire_choices":[{"floor":10.0,"key":"REST"},{"data":"Hologram","floor":12.0,"key":"SMITH"},{"floor":15.0,"key":"REST"},{"data":"Echo Form","floor":23.0,"key":"SMITH"},{"data":"Redo","floor":25.0,"key":"SMITH"},{"data":"Dualcast","floor":29.0,"key":"SMITH"},{"data":"Coolheaded","floor":32.0,"key":"SMITH"},{"data":"Buffer","floor":40.0,"key":"SMITH"},{"floor":44.0,"key":"REST"},{"data":"Capacitor","floor":49.0,"key":"SMITH"}],"neow_cost":"NONE","seed_source_timestamp":77325774650600,"circlet_count":0,"master_deck":["Strike_B","Strike_B","Strike_B","Strike_B","Defend_B","Defend_B","Defend_B","Defend_B","Zap","Dualcast+1","Hologram+1","Redo+1","Coolheaded+1","Double Energy+1","Hologram+1","Conserve Battery+1","Echo Form+1","Leap+1","Coolheaded+1","Go for the Eyes+1","Leap+1","Coolheaded+1","Genetic Algorithm+1","Buffer+1","Sunder+1","Redo+1","Capacitor+1","Cold Snap","Streamline","Chaos+1","Aggregate+1","Reprogram+1","Madness+1","Finesse+1","Hologram+1","Stack+1","Rebound","Defragment+1","Defragment+1"],"special_seed":0,"relics":["Cracked Core","Pantograph","FossilizedHelix","Letter Opener","Toxic Egg 2","Tiny Chest","Bottled Lightning","Bronze Scales","Eternal Feather","Question Card","Smiling Mask","Omamori","Orrery","Runic Capacitor","Cables"],"potions_floor_usage":[],"damage_taken":[{"damage":1.0,"enemies":"Cultist","floor":1.0,"turns":3.0},{"damage":9.0,"enemies":"2 Louse","floor":2.0,"turns":2.0},{"damage":46.0,"enemies":"Gremlin Nob","floor":6.0,"turns":5.0},{"damage":0.0,"enemies":"Small Slimes","floor":7.0,"turns":2.0},{"damage":16.0,"enemies":"3 Sentries","floor":11.0,"turns":8.0},{"damage":3.0,"enemies":"Lagavulin","floor":13.0,"turns":7.0},{"damage":52.0,"enemies":"Hexaghost","floor":16.0,"turns":10.0},{"damage":10.0,"enemies":"3 Byrds","floor":18.0,"turns":3.0},{"damage":9.0,"enemies":"Chosen","floor":19.0,"turns":6.0},{"damage":36.0,"enemies":"Sentry and Sphere","floor":20.0,"turns":8.0},{"damage":19.0,"enemies":"Centurion and Healer","floor":24.0,"turns":7.0},{"damage":6.0,"enemies":"Shelled Parasite and Fungi","floor":30.0,"turns":7.0},{"damage":15.0,"enemies":"Slavers","floor":31.0,"turns":5.0},{"damage":38.0,"enemies":"Collector","floor":33.0,"turns":18.0},{"damage":0.0,"enemies":"3 Shapes","floor":35.0,"turns":6.0},{"damage":11.0,"enemies":"Orb Walker","floor":36.0,"turns":3.0},{"damage":32.0,"enemies":"Writhing Mass","floor":37.0,"turns":12.0},{"damage":45.0,"enemies":"Transient","floor":42.0,"turns":5.0},{"damage":8.0,"enemies":"Maw","floor":45.0,"turns":9.0},{"damage":0.0,"enemies":"Spire Growth","floor":46.0,"turns":7.0},{"damage":5.0,"enemies":"Writhing Mass","floor":47.0,"turns":11.0},{"damage":0.0,"enemies":"4 Shapes","floor":48.0,"turns":8.0},{"damage":74,"enemies":"Awakened One","floor":50,"turns":22}],"seed_played":"4766900717965631804","potions_obtained":[{"floor":6.0,"key":"Regen Potion"},{"floor":7.0,"key":"Regen Potion"},{"floor":13.0,"key":"SteroidPotion"},{"floor":16.0,"key":"GamblersBrew"},{"floor":19.0,"key":"FocusPotion"},{"floor":20.0,"key":"EssenceOfSteel"},{"floor":24.0,"key":"LiquidBronze"},{"floor":35.0,"key":"AttackPotion"},{"floor":36.0,"key":"SteroidPotion"},{"floor":46.0,"key":"PowerPotion"}],"is_trial":false,"path_per_floor":["M","M","T","?","?","E","M","$","T","R","E","R","E","$","R","B",null,"M","M","M","$","?","R","M","R","T","?","T","R","M","E","R","B",null,"M","M","M","$","?","R","?","M","T","R","M","M","M","M","R","B",null],"character_chosen":"DEFECT","items_purchased":["Conserve Battery+1","Bronze Scales","Runic Capacitor","Madness+1"],"campfire_rested":3,"item_purchase_floors":[14,14,38,38],"current_hp_per_floor":[74,65,65,82,70,24,24,24,24,48,47,47,44,44,68,45,73,63,54,18,18,45,57,38,50,50,50,50,62,56,41,56,43,72,72,61,29,29,29,47,47,2,2,47,39,39,34,34,55,6],"gold":132,"neow_bonus":"TEN_PERCENT_HP_BONUS","is_prod":false,"is_daily":false,"chose_seed":false,"campfire_upgraded":7,"win_rate":0,"timestamp":1559467405,"path_taken":["M","M","?","?","?","E","M","$","T","R","E","R","E","$","R","BOSS","M","M","M","$","?","R","M","R","T","?","?","R","M","E","R","BOSS","M","M","M","$","?","R","?","M","T","R","M","M","M","M","R","BOSS"],"build_version":"2019-01-23","purchased_purges":1,"victory":true,"max_hp_per_floor":[82,82,82,82,82,82,82,82,82,82,82,82,82,82,82,82,82,82,82,82,82,82,82,82,82,82,82,82,82,82,82,82,82,82,82,82,82,82,82,82,82,82,82,82,82,82,82,82,82,82],"card_choices":[{"not_picked":["Ball Lightning","Hello World"],"picked":"Hologram","floor":1.0},{"not_picked":["Aggregate","FTL"],"picked":"Redo","floor":2.0},{"not_picked":["Lockon","Fission"],"picked":"Ball Lightning","floor":6.0},{"not_picked":["Force Field","Double Energy"],"picked":"Coolheaded","floor":7.0},{"not_picked":["Steam+1","Reinforced Body+1"],"picked":"Double Energy+1","floor":11.0},{"not_picked":["Leap+1","Steam+1"],"picked":"Hologram+1","floor":13.0},{"not_picked":["Machine Learning","Electrodynamics"],"picked":"Echo Form","floor":16.0},{"not_picked":["Stack+1","Ball Lightning+1"],"picked":"Leap+1","floor":18.0},{"not_picked":["Hello World","Turbo+1"],"picked":"Coolheaded+1","floor":19.0},{"not_picked":["Aggregate+1","Barrage+1"],"picked":"Go for the Eyes+1","floor":20.0},{"not_picked":["Steam Power+1","Ball Lightning"],"picked":"Leap+1","floor":24.0},{"not_picked":["Static Discharge","Ball Lightning","Storm+1"],"picked":"Coolheaded+1","floor":30.0},{"not_picked":["Hyperbeam","Rip and Tear","BootSequence+1"],"picked":"Genetic Algorithm+1","floor":31.0},{"not_picked":["Core Surge","Fission+1","Thunder Strike"],"picked":"Buffer","floor":33.0},{"not_picked":["Consume+1","Coolheaded+1","Steam+1"],"picked":"Sunder+1","floor":34.0},{"not_picked":["Rebound","Sweeping Beam","Ball Lightning"],"picked":"Redo+1","floor":34.0},{"not_picked":["Chaos+1","Undo+1","Rebound"],"picked":"Capacitor","floor":34.0},{"not_picked":["Capacitor","Double Energy+1","Sweeping Beam"],"picked":"Cold Snap","floor":34.0},{"not_picked":["FTL","Steam+1","Coolheaded+1"],"picked":"Streamline","floor":34.0},{"not_picked":["Creative AI","Stack+1","Compile Driver"],"picked":"Chaos+1","floor":35.0},{"not_picked":["Leap+1","Steam Power+1","Ball Lightning+1"],"picked":"Aggregate+1","floor":36.0},{"not_picked":["Steam+1","Compile Driver","Hello World"],"picked":"Reprogram+1","floor":37.0},{"not_picked":["Good Instincts+1","Forethought+1","Enlightenment+1"],"picked":"Finesse+1","floor":41.0},{"not_picked":["Barrage","Steam+1","Echo Form"],"picked":"Hologram+1","floor":42.0},{"not_picked":["Ball Lightning+1","Steam+1","Go for the Eyes"],"picked":"Stack+1","floor":45.0},{"not_picked":["Go for the Eyes","Leap+1","Heatsinks+1"],"picked":"Rebound","floor":46.0},{"not_picked":["Sweeping Beam+1","Streamline+1","Steam+1"],"picked":"Defragment+1","floor":47.0},{"not_picked":["Compile Driver","Heatsinks","Capacitor"],"picked":"Defragment+1","floor":48.0}],"player_experience":198816,"relics_obtained":[{"floor":3.0,"key":"Pantograph"},{"floor":6.0,"key":"Letter Opener"},{"floor":9.0,"key":"Toxic Egg 2"},{"floor":11.0,"key":"Tiny Chest"},{"floor":13.0,"key":"Bottled Lightning"},{"floor":26.0,"key":"Question Card"},{"floor":28.0,"key":"Smiling Mask"},{"floor":31.0,"key":"Omamori"},{"floor":43.0,"key":"Cables"}],"event_choices":[{"damage_healed":20.0,"max_hp_gain":0.0,"max_hp_loss":0.0,"gold_gain":0.0,"event_name":"The Cleric","player_choice":"Healed","floor":4.0,"gold_loss":35.0,"damage_taken":0.0},{"damage_healed":0.0,"max_hp_gain":0.0,"max_hp_loss":0.0,"gold_gain":0.0,"event_name":"Scrap Ooze","player_choice":"Success","floor":5.0,"gold_loss":0.0,"damage_taken":12.0,"relics_obtained":["FossilizedHelix"]},{"damage_healed":27.0,"max_hp_gain":0.0,"max_hp_loss":0.0,"gold_gain":0.0,"event_name":"The Library","player_choice":"Heal","floor":22.0,"gold_loss":0.0,"damage_taken":0.0},{"damage_healed":0.0,"max_hp_gain":0.0,"max_hp_loss":0.0,"gold_gain":0.0,"event_name":"Forgotten Altar","player_choice":"Smashed Altar","floor":27.0,"gold_loss":0.0,"damage_taken":0.0,"cards_obtained":["Decay"]},{"cards_removed":["Ball Lightning"],"damage_healed":0.0,"max_hp_gain":0.0,"max_hp_loss":0.0,"gold_gain":0.0,"event_name":"Falling","player_choice":"Removed Attack","floor":39.0,"gold_loss":0.0,"damage_taken":0.0},{"damage_healed":0.0,"max_hp_gain":0.0,"max_hp_loss":0.0,"gold_gain":0.0,"event_name":"SensoryStone","player_choice":"Memory 1","floor":41.0,"gold_loss":0.0,"damage_taken":0.0}],"is_beta":false,"boss_relics":[{"not_picked":["Calling Bell","Astrolabe"],"picked":"Eternal Feather"},{"not_picked":["Pandora\u0027s Box","Cursed Key"],"picked":"Orrery"}],"items_purged_floors":[38],"is_endless":false,"potions_floor_spawned":[6,7,13,16,19,20,24,35,36,46],"ascension_level":7}