{"gold_per_floor":[116,116,127,146,146,146,71,71,71,71,82,95,95,112,112,207,207],"floor_reached":17,"playtime":900,"items_purged":["Strike_G"],"score":147,"play_id":"6fb545b3-93a4-4112-825d-b0107113c446","local_time":"20180714165013","is_ascension_mode":false,"campfire_choices":[{"data":"Tools of the Trade","floor":6,"key":"SMITH"},{"data":"Cloak And Dagger","floor":10,"key":"SMITH"},{"data":"Neutralize","floor":13,"key":"SMITH"},{"data":"Eviscerate","floor":15,"key":"SMITH"}],"neow_cost":"","seed_source_timestamp":158931860556562,"circlet_count":0,"master_deck":["Defend_G","Defend_G","Defend_G","Defend_G","Defend_G","Strike_G","Strike_G","Strike_G","Strike_G","Survivor","Neutralize+1","Backflip","Blur","Cloak And Dagger+1","Tools of the Trade+1","PiercingWail","Deflect","Dodge and Roll","Well Laid Plans","Terror","Eviscerate+1","Tactician"],"relics":["Ring of the Snake","Prayer Wheel","Bird Faced Urn","Orrery"],"potions_floor_usage":[16],"damage_taken":[{"damage":5,"enemies":"Small Slimes","floor":1,"turns":4},{"damage":8,"enemies":"Jaw Worm","floor":3,"turns":4},{"damage":0,"enemies":"Cultist","floor":4,"turns":4},{"damage":4,"enemies":"Large Slime","floor":11,"turns":8},{"damage":5,"enemies":"Exordium Wildlife","floor":12,"turns":4},{"damage":1,"enemies":"3 Louse","floor":14,"turns":6},{"damage":41,"enemies":"The Guardian","floor":16,"turns":15}],"seed_played":"14991894233489390","potions_obtained":[{"floor":4,"key":"Ancient Potion"},{"floor":12,"key":"LiquidBronze"},{"floor":16,"key":"Strength Potion"}],"is_trial":false,"path_per_floor":["M","?","M","M","?","R","$","T","T","R","M","M","R","M","R","B"],"character_chosen":"THE_SILENT","items_purchased":[],"campfire_rested":0,"item_purchase_floors":[],"current_hp_per_floor":[65,70,62,62,62,62,62,62,62,62,60,57,57,60,60,23,75],"gold":207,"neow_bonus":"","is_prod":false,"is_daily":false,"chose_seed":false,"campfire_upgraded":4,"win_rate":0,"timestamp":1531554613,"path_taken":["M","?","M","M","?","R","$","?","T","R","?","M","R","M","R","BOSS"],"build_version":"2018-07-12","purchased_purges":1,"victory":false,"max_hp_per_floor":[70,75,75,75,75,75,75,75,75,75,75,75,75,75,75,75,75],"card_choices":[{"not_picked":["Flying Knee","Poisoned Stab"],"picked":"Backflip","floor":1},{"not_picked":["PiercingWail","Flying Knee"],"picked":"Blur","floor":3},{"not_picked":["Quick Slash","Catalyst"],"picked":"Cloak And Dagger","floor":4},{"not_picked":["Bane","Catalyst"],"picked":"PiercingWail","floor":11},{"not_picked":["Bane","Concentrate"],"picked":"Deflect","floor":11},{"not_picked":["Endless Agony","PiercingWail"],"picked":"Dodge and Roll","floor":12},{"not_picked":["Catalyst","Slice"],"picked":"Well Laid Plans","floor":12},{"not_picked":["Dodge and Roll","PiercingWail"],"picked":"Terror","floor":14},{"not_picked":["Quick Slash","Poisoned Stab"],"picked":"Eviscerate","floor":14},{"not_picked":["Grand Finale","Corpse Explosion"],"picked":"Tactician","floor":16}],"player_experience":151870,"relics_obtained":[{"floor":8,"key":"Prayer Wheel"},{"floor":9,"key":"Bird Faced Urn"}],"event_choices":[{"event_name":"Big Fish","player_choice":"Donut","floor":2,"damage_taken":0},{"event_name":"Match and Keep!","player_choice":"1 cards matched","floor":5,"damage_taken":0}],"boss_relics":[{"not_picked":["Tiny House","Velvet Choker"],"picked":"Orrery"}],"items_purged_floors":[7],"is_endless":false,"potions_floor_spawned":[4,12,16],"ascension_level":0}