{"gold_per_floor":[111,124,199,216,391,424,424,443,443,443,474,474],"floor_reached":12,"playtime":331,"items_purged":[],"score":88,"play_id":"ce79cea9-9c57-4348-8083-271e08fecdbe","local_time":"20180706162141","daily_mods":["Diverse"],"is_ascension_mode":false,"campfire_choices":[{"data":"Rampage","floor":7,"key":"SMITH"},{"data":"Survivor","floor":10,"key":"SMITH"}],"neow_cost":"","seed_source_timestamp":102657053638741,"circlet_count":0,"master_deck":["Defend_G","Defend_G","Defend_G","Defend_G","Defend_G","Strike_G","Strike_G","Strike_G","Strike_G","Strike_G","Survivor+1","Neutralize","Rampage+1","Flex","Rip and Tear","Doubt","Poisoned Stab","Fire Breathing","Tempest"],"relics":["Ring of the Snake","Gremlin Horn","Unceasing Top","Prayer Wheel"],"potions_floor_usage":[6],"damage_taken":[{"damage":7,"enemies":"Small Slimes","floor":1,"turns":5},{"damage":0,"enemies":"2 Louse","floor":2,"turns":2},{"damage":2,"enemies":"Jaw Worm","floor":4,"turns":4},{"damage":6,"enemies":"3 Sentries","floor":6,"turns":4},{"damage":0,"enemies":"Looter","floor":8,"turns":3},{"damage":42,"enemies":"Lagavulin","floor":11,"turns":9},{"damage":4,"enemies":"Blue Slaver","floor":12,"turns":1}],"seed_played":"2548954395154180104","potions_obtained":[{"floor":2,"key":"AttackPotion"},{"floor":11,"key":"Fire Potion"}],"is_trial":true,"path_per_floor":["M","M","?","M","?","E","R","M","T","R","E"],"character_chosen":"THE_SILENT","items_purchased":[],"campfire_rested":0,"item_purchase_floors":[],"current_hp_per_floor":[63,63,52,50,50,44,44,44,44,44,2,0],"gold":474,"neow_bonus":"","is_prod":false,"is_daily":false,"chose_seed":false,"campfire_upgraded":2,"win_rate":0,"timestamp":1530886901,"path_taken":["M","M","?","M","?","E","R","M","T","R","E","?"],"build_version":"2018-07-05","purchased_purges":0,"victory":false,"max_hp_per_floor":[70,70,70,70,70,70,70,70,70,70,70,70],"card_choices":[{"not_picked":["Cleave","Clothesline"],"picked":"Rampage","floor":1},{"not_picked":["Rebound","Searing Blow"],"picked":"Flex","floor":2},{"not_picked":["Stack","Force Field"],"picked":"Rip and Tear","floor":4},{"not_picked":["Prepared","Body Slam"],"picked":"Poisoned Stab","floor":6},{"not_picked":["Skim","Offering"],"picked":"Fire Breathing","floor":8},{"not_picked":["Aggregate","Underhanded Strike"],"picked":"Tempest","floor":11}],"player_experience":84237,"relics_obtained":[{"floor":6,"key":"Gremlin Horn"},{"floor":9,"key":"Unceasing Top"},{"floor":11,"key":"Prayer Wheel"}],"event_choices":[{"event_name":"World of Goop","player_choice":"Gather Gold","floor":3,"damage_taken":0},{"event_name":"Liars Game","player_choice":"agreed","floor":5,"damage_taken":0}],"boss_relics":[],"items_purged_floors":[],"is_endless":false,"potions_floor_spawned":[2,11],"killed_by":"Blue Slaver","ascension_level":0}