{"gold_per_floor":[119,294,294,146,157,157,171,229,253,282,300,326,326,339,339,339],"floor_reached":16,"playtime":445,"items_purged":["Doubt"],"score":100,"play_id":"b1a801c1-3609-4502-a9bc-545d69192638","local_time":"20190322200004","is_ascension_mode":false,"campfire_choices":[{"data":"Die Die Die","floor":6,"key":"SMITH"},{"floor":13,"key":"REST"},{"data":"Leg Sweep","floor":15,"key":"SMITH"}],"neow_cost":"NONE","seed_source_timestamp":82048674586731,"circlet_count":0,"master_deck":["Defend_G","Defend_G","Defend_G","Defend_G","Defend_G","Strike_G","Strike_G","Strike_G","Strike_G","Strike_G","Survivor","Neutralize","Die Die Die+1","Dodge and Roll","Escape Plan","Backflip","Dagger Spray","Deadly Poison","Leg Sweep+1"],"relics":["Ring of the Snake","Tiny Chest","Smiling Mask","Odd Mushroom"],"potions_floor_usage":[],"damage_taken":[{"damage":0,"enemies":"2 Louse","floor":1,"turns":1},{"damage":7,"enemies":"Small Slimes","floor":5,"turns":4},{"damage":1,"enemies":"Jaw Worm","floor":7,"turns":6},{"damage":49,"enemies":"Gremlin Nob","floor":8,"turns":6},{"damage":10,"enemies":"The Mushroom Lair","floor":10,"turns":4},{"damage":5,"enemies":"Exordium Thugs","floor":11,"turns":5},{"damage":8,"enemies":"Blue Slaver","floor":14,"turns":4},{"damage":7,"enemies":"Slime Boss","floor":16,"turns":7}],"seed_played":"-7738402963657827905","potions_obtained":[{"floor":5,"key":"Dexterity Potion"},{"floor":8,"key":"Fire Potion"},{"floor":10,"key":"GamblersBrew"}],"is_trial":false,"path_per_floor":["M","?","?","$","M","R","M","E","T","?","M","T","R","M","R","B"],"character_chosen":"THE_SILENT","items_purchased":["Escape Plan"],"campfire_rested":1,"item_purchase_floors":[4],"current_hp_per_floor":[70,70,75,75,68,68,67,18,18,8,3,3,25,17,17,10],"gold":339,"neow_bonus":"ONE_RANDOM_RARE_CARD","is_prod":false,"is_daily":false,"chose_seed":false,"campfire_upgraded":2,"win_rate":0,"timestamp":1553252404,"path_taken":["M","?","?","$","M","R","M","E","T","?","?","?","R","M","R","BOSS"],"build_version":"2019-01-23","purchased_purges":1,"victory":false,"max_hp_per_floor":[70,70,75,75,75,75,75,75,75,75,75,75,75,75,75,75],"card_choices":[{"not_picked":["Quick Slash","Prepared"],"picked":"Dodge and Roll","floor":1},{"not_picked":["PiercingWail","Blade Dance"],"picked":"Backflip","floor":5},{"not_picked":["Dagger Throw","All Out Attack","Prepared"],"picked":"SKIP","floor":7},{"not_picked":["Dagger Throw","All Out Attack","Prepared"],"picked":"SKIP","floor":7},{"not_picked":["PiercingWail","Underhanded Strike","Grand Finale"],"picked":"SKIP","floor":8},{"not_picked":["Flying Knee","Cloak And Dagger"],"picked":"Dagger Spray","floor":10},{"not_picked":["Bouncing Flask","Cloak And Dagger"],"picked":"Deadly Poison","floor":11},{"not_picked":["Blade Dance","Dash"],"picked":"Leg Sweep","floor":14}],"player_experience":354340,"relics_obtained":[{"floor":8,"key":"Tiny Chest"},{"floor":9,"key":"Smiling Mask"},{"floor":10,"key":"Odd Mushroom"}],"event_choices":[{"damage_healed":0,"gold_gain":175,"player_choice":"AGREE","damage_taken":0,"max_hp_gain":0,"max_hp_loss":0,"event_name":"Liars Game","floor":2,"gold_loss":0,"cards_obtained":["Doubt"]},{"damage_healed":0,"gold_gain":0,"player_choice":"Donut","damage_taken":0,"max_hp_gain":5,"max_hp_loss":0,"event_name":"Big Fish","floor":3,"gold_loss":0},{"damage_healed":0,"gold_gain":0,"player_choice":"Fought Mushrooms","damage_taken":0,"max_hp_gain":0,"max_hp_loss":0,"event_name":"Mushrooms","floor":10,"gold_loss":0}],"is_beta":false,"boss_relics":[],"items_purged_floors":[4],"is_endless":false,"potions_floor_spawned":[5,8,10],"killed_by":"Slime Boss","ascension_level":0}