{"gold_per_floor":[127,157,184,196,173,185,212,259,295,367,398,427,439,470,482,570,582,611,623,635,11,26,26,45,61,111,131,31,31,44,73,73,148,148,168,168,183,16,16,16,31,31,54,54,154,171,203,218,218,218,218,218,218,47,75,75],"floor_reached":57,"playtime":3172,"items_purged":["Strike_B","Strike_B","Writhe"],"score":3016,"play_id":"ce25c925-da10-4151-81c1-3f55f4ca97e5","local_time":"20190530140730","is_ascension_mode":true,"campfire_choices":[{"data":"Coolheaded","floor":6,"key":"SMITH"},{"floor":13,"key":"REST"},{"data":"Streamline","floor":15,"key":"SMITH"},{"data":"Meteor Strike","floor":23,"key":"SMITH"},{"data":"Hologram","floor":32,"key":"SMITH"},{"data":"Loop","floor":40,"key":"SMITH"},{"floor":42,"key":"RECALL"},{"data":"Capacitor","floor":49,"key":"SMITH"},{"data":"Hello World","floor":53,"key":"SMITH"}],"neow_cost":"NONE","seed_source_timestamp":144561036363139,"circlet_count":0,"master_deck":["AscendersBane","Defend_B","Zap","Dualcast","Coolheaded+1","Capacitor+1","Melter","Compile Driver","Streamline+1","Glacier","Rainbow","Hologram+1","Meteor Strike+1","Glacier","Undo+1","Recycle","Loop+1","Force Field","Compile Driver","Core Surge","Consume+1","FTL+1","Glacier+1","Cold Snap","Skim","Chill","Loop+1","Master of Strategy","Glacier","Doom and Gloom","Reinforced Body+1","Conserve Battery+1","Hello World+1","Barrage","Blizzard","Defragment","Machine Learning"],"relics":["FrozenCore","MawBank","Lantern","Bronze Scales","Orichalcum","Prayer Wheel","ClockworkSouvenir","Potion Belt","Darkstone Periapt","Astrolabe","DataDisk","Girya","Ice Cream","Boot"],"potions_floor_usage":[16,20,31,33,33,37,55],"damage_taken":[{"damage":7,"enemies":"Jaw Worm","floor":1,"turns":3},{"damage":5,"enemies":"Small Slimes","floor":2,"turns":3},{"damage":0,"enemies":"2 Louse","floor":3,"turns":2},{"damage":8,"enemies":"Exordium Wildlife","floor":7,"turns":3},{"damage":16,"enemies":"Lagavulin","floor":8,"turns":5},{"damage":12,"enemies":"3 Sentries","floor":10,"turns":7},{"damage":12,"enemies":"2 Fungi Beasts","floor":11,"turns":3},{"damage":6,"enemies":"Looter","floor":12,"turns":2},{"damage":2,"enemies":"Blue Slaver","floor":14,"turns":2},{"damage":0,"enemies":"Hexaghost","floor":16,"turns":8},{"damage":0,"enemies":"Spheric Guardian","floor":18,"turns":3},{"damage":0,"enemies":"3 Byrds","floor":20,"turns":2},{"damage":11,"enemies":"3 Cultists","floor":22,"turns":5},{"damage":2,"enemies":"Snecko","floor":24,"turns":3},{"damage":7,"enemies":"Snake Plant","floor":25,"turns":3},{"damage":0,"enemies":"Chosen and Byrds","floor":27,"turns":6},{"damage":0,"enemies":"Centurion and Healer","floor":30,"turns":7},{"damage":0,"enemies":"Slavers","floor":31,"turns":4},{"damage":31,"enemies":"Collector","floor":33,"turns":12},{"damage":0,"enemies":"Orb Walker","floor":35,"turns":4},{"damage":9,"enemies":"3 Darklings","floor":37,"turns":5},{"damage":0,"enemies":"Jaw Worm Horde","floor":41,"turns":4},{"damage":0,"enemies":"Mind Bloom Boss Battle","floor":45,"turns":4},{"damage":0,"enemies":"Transient","floor":46,"turns":6},{"damage":0,"enemies":"Giant Head","floor":47,"turns":7},{"damage":0,"enemies":"Spire Growth","floor":48,"turns":6},{"damage":14,"enemies":"Awakened One","floor":50,"turns":6},{"damage":0,"enemies":"Donu and Deca","floor":51,"turns":2},{"damage":0,"enemies":"Shield and Spear","floor":55,"turns":4},{"damage":9,"enemies":"The Heart","floor":56,"turns":8}],"seed_played":"-4061911365550996977","potions_obtained":[{"floor":3,"key":"GamblersBrew"},{"floor":7,"key":"Weak Potion"},{"floor":14,"key":"Swift Potion"},{"floor":16,"key":"SmokeBomb"},{"floor":22,"key":"AttackPotion"},{"floor":30,"key":"SneckoOil"},{"floor":35,"key":"SkillPotion"},{"floor":37,"key":"Fire Potion"},{"floor":48,"key":"SkillPotion"}],"is_trial":false,"path_per_floor":["M","M","M","?","?","R","M","E","T","?","M","M","R","M","R","B",null,"M","?","M","$","M","R","M","M","T","M","$","?","M","E","R","B",null,"M","?","M","$","?","R","M","R","T","?","?","M","E","M","R","B","B",null,"R","$","E","B",null],"character_chosen":"DEFECT","items_purchased":["Prayer Wheel","ClockworkSouvenir","Loop","Blizzard","Defragment"],"campfire_rested":1,"item_purchase_floors":[21,21,38,54,54],"current_hp_per_floor":[57,52,52,41,58,58,50,34,34,22,10,4,25,23,23,23,59,59,59,59,59,48,48,46,39,39,39,39,39,39,39,39,8,55,55,75,66,66,66,66,66,66,66,66,66,66,66,66,66,52,52,71,71,71,71,62],"gold":75,"neow_bonus":"RANDOM_COMMON_RELIC","is_prod":false,"is_daily":false,"chose_seed":false,"campfire_upgraded":7,"win_rate":0,"timestamp":1559192850,"path_taken":["M","M","M","?","?","R","?","E","T","?","M","M","R","M","R","BOSS","M","?","M","$","M","R","M","M","T","M","?","?","?","E","R","BOSS","M","?","M","$","?","R","M","R","T","?","?","M","E","M","R","BOSS","BOSS","R","$","E","BOSS"],"build_version":"2019-01-23","purchased_purges":3,"victory":true,"max_hp_per_floor":[71,71,71,71,71,71,71,71,71,71,71,71,71,71,71,71,71,71,71,71,71,71,71,71,71,71,71,71,71,71,71,71,71,71,71,77,77,77,77,77,77,77,77,77,77,77,77,77,77,77,77,77,77,77,77,77],"card_choices":[{"not_picked":["Ball Lightning","Leap"],"picked":"Coolheaded","floor":1},{"not_picked":["Hello World","Redo"],"picked":"Capacitor","floor":2},{"not_picked":["Barrage","Rebound","Beam Cell"],"picked":"SKIP","floor":3},{"not_picked":["BootSequence","Beam Cell"],"picked":"Melter","floor":7},{"not_picked":["Conserve Battery","Lockon","Redo"],"picked":"SKIP","floor":8},{"not_picked":["Go for the Eyes","Rebound"],"picked":"Compile Driver","floor":11},{"not_picked":["Turbo","Barrage"],"picked":"Streamline","floor":12},{"not_picked":["Coolheaded","Steam"],"picked":"Glacier","floor":14},{"not_picked":["Machine Learning","Core Surge"],"picked":"Rainbow","floor":16},{"not_picked":["Turbo","Redo","Beam Cell"],"picked":"SKIP","floor":18},{"not_picked":["Lockon","Fusion"],"picked":"Hologram","floor":22},{"not_picked":["Go for the Eyes","Beam Cell"],"picked":"Meteor Strike","floor":22},{"not_picked":["Conserve Battery+1","Go for the Eyes"],"picked":"Glacier","floor":24},{"not_picked":["Go for the Eyes","Sunder","Beam Cell"],"picked":"SKIP","floor":24},{"not_picked":["Doom and Gloom+1","Hologram"],"picked":"Undo+1","floor":25},{"not_picked":["Sunder","Beam Cell"],"picked":"Recycle","floor":25},{"not_picked":["Compile Driver","Doom and Gloom"],"picked":"Loop+1","floor":27},{"not_picked":["BootSequence","Steam","Stack"],"picked":"SKIP","floor":27},{"not_picked":["Go for the Eyes","Genetic Algorithm"],"picked":"Force Field","floor":30},{"not_picked":["Steam Power","Steam"],"picked":"Compile Driver","floor":30},{"not_picked":["FTL+1","Stack","Go for the Eyes"],"picked":"SKIP","floor":31},{"not_picked":["Thunder Strike","Amplify"],"picked":"Core Surge","floor":33},{"not_picked":["Leap","Hologram"],"picked":"Cold Snap","floor":35},{"not_picked":["Auto Shields","Rebound"],"picked":"Skim","floor":35},{"not_picked":["Compile Driver+1","Fusion"],"picked":"Chill","floor":37},{"not_picked":["Genetic Algorithm","Barrage","Leap"],"picked":"SKIP","floor":37},{"not_picked":["Swift Strike","Blind"],"picked":"Master of Strategy","floor":39},{"not_picked":["Barrage","Rip and Tear"],"picked":"Glacier","floor":41},{"not_picked":["Compile Driver","Rip and Tear+1","Barrage"],"picked":"SKIP","floor":41},{"not_picked":["Conserve Battery","Lockon"],"picked":"Doom and Gloom","floor":45},{"not_picked":["Loop","Compile Driver"],"picked":"Reinforced Body+1","floor":46},{"not_picked":["Static Discharge","Turbo"],"picked":"Conserve Battery+1","floor":46},{"not_picked":["Amplify","Stack+1"],"picked":"Hello World","floor":47},{"not_picked":["Rebound+1","Genetic Algorithm"],"picked":"Barrage","floor":48},{"not_picked":["Reprogram","Redo","Leap+1"],"picked":"SKIP","floor":48},{"not_picked":["Stack+1","Ball Lightning"],"picked":"Machine Learning","floor":55}],"player_experience":602323,"relics_obtained":[{"floor":8,"key":"Bronze Scales"},{"floor":26,"key":"Potion Belt"},{"floor":31,"key":"Darkstone Periapt"},{"floor":43,"key":"DataDisk"},{"floor":45,"key":"Girya"},{"floor":47,"key":"Ice Cream"},{"floor":55,"key":"Boot"}],"event_choices":[{"damage_healed":0,"gold_gain":0,"player_choice":"Success","damage_taken":11,"relics_obtained":["Lantern"],"max_hp_gain":0,"max_hp_loss":0,"event_name":"Scrap Ooze","floor":4,"gold_loss":0},{"damage_healed":17,"gold_gain":0,"player_choice":"Healed","damage_taken":0,"max_hp_gain":0,"max_hp_loss":0,"event_name":"The Cleric","floor":5,"gold_loss":35},{"damage_healed":0,"gold_gain":0,"player_choice":"Searched \u00272\u0027 times","damage_taken":0,"relics_obtained":["Orichalcum"],"max_hp_gain":0,"max_hp_loss":0,"event_name":"Dead Adventurer","floor":10,"gold_loss":0},{"cards_removed":["Strike_B"],"damage_healed":0,"gold_gain":0,"player_choice":"Elegance","damage_taken":0,"max_hp_gain":0,"max_hp_loss":0,"event_name":"Back to Basics","floor":19,"gold_loss":0},{"damage_healed":0,"gold_gain":0,"player_choice":"Ignored","damage_taken":0,"max_hp_gain":0,"max_hp_loss":0,"event_name":"Cursed Tome","floor":29,"gold_loss":0},{"damage_healed":14,"gold_gain":0,"player_choice":"Writhe","damage_taken":0,"max_hp_gain":0,"max_hp_loss":0,"event_name":"Winding Halls","floor":36,"gold_loss":0,"cards_obtained":["Writhe"]},{"damage_healed":0,"gold_gain":0,"player_choice":"Memory 1","damage_taken":0,"max_hp_gain":0,"max_hp_loss":0,"event_name":"SensoryStone","floor":39,"gold_loss":0},{"cards_removed":["Defend_B"],"damage_healed":0,"gold_gain":0,"player_choice":"Removed Skill","damage_taken":0,"max_hp_gain":0,"max_hp_loss":0,"event_name":"Falling","floor":44,"gold_loss":0},{"damage_healed":0,"gold_gain":0,"player_choice":"Fight","damage_taken":0,"max_hp_gain":0,"max_hp_loss":0,"event_name":"MindBloom","floor":45,"gold_loss":0}],"is_beta":false,"boss_relics":[{"not_picked":["Runic Pyramid","Lizard Tail"],"picked":"FrozenCore"},{"not_picked":["Velvet Choker","Inserter"],"picked":"Astrolabe"}],"items_purged_floors":[21,28,38],"is_endless":false,"potions_floor_spawned":[3,7,8,14,16,22,25,30,35,37,48],"ascension_level":20}