{"gold_per_floor":[111,130,146,163,182,209,209,228,255,47,47,47,76,92,92,92],"floor_reached":16,"playtime":513,"items_purged":[],"score":154,"play_id":"b5c8668a-d21a-4724-b4d8-0245c3c6bd5c","local_time":"20190604135255","is_ascension_mode":true,"campfire_choices":[{"data":"Bludgeon","floor":7.0,"key":"SMITH"},{"floor":12,"key":"REST"},{"floor":15,"key":"REST"}],"neow_cost":"NONE","seed_source_timestamp":32542779030000,"circlet_count":0,"master_deck":["Strike_R","Strike_R","Strike_R","Strike_R","Strike_R","Defend_R","Defend_R","Defend_R","Defend_R","Bash","Shrug It Off","Perfected Strike","Cleave","Flex+1","Bludgeon+1","Metallicize","Inflame"],"special_seed":0,"relics":["Burning Blood","Pocketwatch","Happy Flower","Membership Card","Potion Belt"],"potions_floor_usage":[],"damage_taken":[{"damage":17.0,"enemies":"Small Slimes","floor":1.0,"turns":5.0},{"damage":2.0,"enemies":"Cultist","floor":2.0,"turns":4.0},{"damage":2.0,"enemies":"2 Louse","floor":3.0,"turns":3.0},{"damage":27.0,"enemies":"Exordium Thugs","floor":4.0,"turns":6.0},{"damage":16.0,"enemies":"Blue Slaver","floor":5.0,"turns":3.0},{"damage":42.0,"enemies":"Lagavulin","floor":6.0,"turns":7.0},{"damage":6,"enemies":"Looter","floor":8,"turns":2},{"damage":8,"enemies":"Gremlin Nob","floor":13,"turns":3},{"damage":9,"enemies":"2 Fungi Beasts","floor":14,"turns":3},{"damage":59,"enemies":"Hexaghost","floor":16,"turns":11}],"seed_played":"-4646491339973161486","potions_obtained":[{"floor":0.0,"key":"Regen Potion"},{"floor":0.0,"key":"LiquidBronze"},{"floor":0.0,"key":"EntropicBrew"},{"floor":2.0,"key":"FairyPotion"},{"floor":6.0,"key":"SpeedPotion"},{"floor":14,"key":"Ancient Potion"}],"is_trial":false,"path_per_floor":["M","M","M","M","M","E","R","M","T","$","?","R","E","M","R","B"],"character_chosen":"IRONCLAD","items_purchased":["Membership Card"],"campfire_rested":2,"item_purchase_floors":[10],"current_hp_per_floor":[61,65,69,48,38,14,14,14,14,14,14,38,36,33,57,0],"gold":92,"neow_bonus":"THREE_SMALL_POTIONS","is_prod":false,"is_daily":false,"chose_seed":false,"campfire_upgraded":1,"win_rate":0,"timestamp":1559681575,"path_taken":["M","M","M","M","M","E","R","M","T","$","?","R","E","?","R","BOSS"],"build_version":"2019-01-23","purchased_purges":0,"victory":false,"max_hp_per_floor":[80,80,80,80,80,80,80,80,80,80,80,80,80,80,80,80],"card_choices":[{"not_picked":["Pommel Strike","Wild Strike"],"picked":"Shrug It Off","floor":1.0},{"not_picked":["Sword Boomerang","Anger","Armaments"],"picked":"SKIP","floor":2.0},{"not_picked":["Havoc","Armaments"],"picked":"Perfected Strike","floor":3.0},{"not_picked":["Ghostly Armor","Second Wind"],"picked":"Cleave","floor":4.0},{"not_picked":["Body Slam","Second Wind"],"picked":"Flex","floor":5.0},{"not_picked":["Sword Boomerang","Headbutt"],"picked":"Bludgeon","floor":6.0},{"not_picked":["Clothesline","Headbutt","Anger"],"picked":"SKIP","floor":8},{"not_picked":["Hemokinesis","Uppercut"],"picked":"Metallicize","floor":13},{"not_picked":["Metallicize","Offering"],"picked":"Inflame","floor":14}],"player_experience":253799,"relics_obtained":[{"floor":6.0,"key":"Pocketwatch"},{"floor":9,"key":"Happy Flower"},{"floor":13,"key":"Potion Belt"}],"event_choices":[{"damage_healed":0,"gold_gain":0,"player_choice":"Forge","damage_taken":0,"max_hp_gain":0,"max_hp_loss":0,"event_name":"Accursed Blacksmith","floor":11,"gold_loss":0,"cards_upgraded":["Flex"]}],"is_beta":false,"boss_relics":[],"items_purged_floors":[],"is_endless":false,"potions_floor_spawned":[2,5,6,14],"killed_by":"Hexaghost","ascension_level":7}