{"gold_per_floor":[109,127,127,73,86,86,117,117,143,178,178,208,208,208,208,305,305,319,394,413,413,427,462,481,481,528,540,575,586,586],"floor_reached":30,"playtime":1456,"items_purged":[],"score":470,"play_id":"d6385711-52dd-4942-8258-457141d82a49","local_time":"20190417001501","is_ascension_mode":true,"campfire_choices":[{"data":"Perfected Strike","floor":6,"key":"SMITH"},{"data":"Armaments","floor":8,"key":"SMITH"},{"data":"Bash","floor":13,"key":"SMITH"},{"data":"Brutality","floor":15,"key":"SMITH"},{"floor":25,"key":"REST"}],"neow_cost":"TEN_PERCENT_HP_LOSS","seed_source_timestamp":2161278563152140,"circlet_count":0,"master_deck":["AscendersBane","Strike_R","Strike_R","Strike_R","Strike_R","Strike_R","Defend_R","Defend_R","Defend_R+1","Defend_R","Bash+1","Immolate+1","Perfected Strike+1","Shrug It Off+1","Shrug It Off","Anger","Armaments+1","Brutality+1","Immolate","Warcry+1","Rupture","Deep Breath","Pummel+1","Perfected Strike","Twin Strike+1"],"relics":["Burning Blood","Dream Catcher","Art of War","Bronze Scales","Potion Belt","Philosopher\u0027s Stone","Dodecahedron","War Paint","Anchor"],"potions_floor_usage":[10,23,24,27,27,27,29,30,30],"damage_taken":[{"damage":0,"enemies":"Small Slimes","floor":1,"turns":2},{"damage":1,"enemies":"Cultist","floor":2,"turns":3},{"damage":0,"enemies":"2 Louse","floor":5,"turns":1},{"damage":24,"enemies":"Lagavulin","floor":7,"turns":5},{"damage":16,"enemies":"Gremlin Nob","floor":10,"turns":3},{"damage":16,"enemies":"3 Sentries","floor":12,"turns":4},{"damage":10,"enemies":"Slime Boss","floor":16,"turns":7},{"damage":2,"enemies":"Spheric Guardian","floor":18,"turns":3},{"damage":3,"enemies":"Chosen","floor":20,"turns":3},{"damage":11,"enemies":"Centurion and Healer","floor":22,"turns":2},{"damage":56,"enemies":"Slavers","floor":23,"turns":3},{"damage":4,"enemies":"Snake Plant","floor":24,"turns":2},{"damage":47,"enemies":"Shelled Parasite and Fungi","floor":27,"turns":6},{"damage":3,"enemies":"Gremlin Leader","floor":28,"turns":4},{"damage":3,"enemies":"Cultist and Chosen","floor":29,"turns":4},{"damage":18,"enemies":"Slavers","floor":30,"turns":2}],"seed_played":"-5329507928934446851","potions_obtained":[{"floor":1,"key":"Dexterity Potion"},{"floor":5,"key":"BloodPotion"},{"floor":7,"key":"SneckoOil"},{"floor":12,"key":"Regen Potion"},{"floor":18,"key":"SpeedPotion"},{"floor":24,"key":"Regen Potion"},{"floor":27,"key":"Weak Potion"},{"floor":28,"key":"SkillPotion"},{"floor":29,"key":"Dexterity Potion"}],"is_trial":false,"path_per_floor":["M","M","?","$","M","R","E","R","T","E","?","E","R","?","R","B",null,"M","?","M","?","M","E","M","R","T","M","E","M","E"],"character_chosen":"IRONCLAD","items_purchased":["Shrug It Off"],"campfire_rested":1,"item_purchase_floors":[4],"current_hp_per_floor":[72,72,72,72,72,72,54,54,54,51,56,46,46,77,77,73,76,77,70,73,59,54,13,15,38,38,9,12,15,0],"gold":586,"neow_bonus":"THREE_RARE_CARDS","is_prod":false,"is_daily":false,"chose_seed":false,"campfire_upgraded":4,"win_rate":0,"timestamp":1555474501,"path_taken":["M","M","?","$","?","R","E","R","T","E","?","E","R","?","R","BOSS","M","?","?","?","M","E","M","R","T","M","E","?","E"],"build_version":"2019-01-23","purchased_purges":0,"victory":false,"max_hp_per_floor":[72,72,72,72,72,72,72,72,72,72,77,77,77,77,77,77,77,77,77,77,77,77,77,77,77,77,77,77,77,77],"card_choices":[{"not_picked":["Feed","Barricade"],"picked":"Immolate","floor":0},{"not_picked":["Shockwave","Bloodletting"],"picked":"Perfected Strike","floor":1},{"not_picked":["Hemokinesis","Thunderclap"],"picked":"Shrug It Off","floor":2},{"not_picked":["Havoc","True Grit"],"picked":"Anger","floor":5},{"not_picked":["Exhume","Heavy Blade"],"picked":"Armaments","floor":7},{"not_picked":["Power Through","Exhume"],"picked":"Brutality","floor":10},{"not_picked":["Sentinel","Whirlwind","Warcry"],"picked":"SKIP","floor":12},{"not_picked":["Bludgeon","Limit Break"],"picked":"Immolate","floor":16},{"not_picked":["Armaments","Anger+1"],"picked":"Warcry+1","floor":18},{"not_picked":["Havoc+1","Armaments"],"picked":"Rupture","floor":20},{"not_picked":["Sword Boomerang","Sever Soul"],"picked":"Pummel+1","floor":22},{"not_picked":["Warcry","Shockwave"],"picked":"Perfected Strike","floor":23},{"not_picked":["Headbutt","Rampage","Juggernaut"],"picked":"SKIP","floor":24},{"not_picked":["Warcry","Iron Wave","Havoc"],"picked":"SKIP","floor":27},{"not_picked":["Whirlwind","Cleave"],"picked":"Twin Strike+1","floor":28},{"not_picked":["Shockwave","Sword Boomerang","Headbutt"],"picked":"SKIP","floor":29}],"player_experience":308828,"relics_obtained":[{"floor":7,"key":"Dream Catcher"},{"floor":9,"key":"Art of War"},{"floor":10,"key":"Bronze Scales"},{"floor":12,"key":"Potion Belt"},{"floor":23,"key":"Dodecahedron"},{"floor":26,"key":"War Paint"},{"floor":28,"key":"Anchor"}],"event_choices":[{"damage_healed":0,"gold_gain":0,"player_choice":"Upgraded","damage_taken":0,"max_hp_gain":0,"max_hp_loss":0,"event_name":"Upgrade Shrine","floor":3,"gold_loss":0,"cards_upgraded":["Immolate"]},{"damage_healed":0,"gold_gain":0,"player_choice":"Donut","damage_taken":0,"max_hp_gain":5,"max_hp_loss":0,"event_name":"Big Fish","floor":11,"gold_loss":0},{"damage_healed":31,"gold_gain":0,"player_choice":"Full Heal","damage_taken":0,"max_hp_gain":0,"max_hp_loss":0,"event_name":"Wheel of Change","floor":14,"gold_loss":0},{"damage_healed":0,"gold_gain":75,"player_choice":"Touch","damage_taken":7,"max_hp_gain":0,"max_hp_loss":0,"event_name":"FaceTrader","floor":19,"gold_loss":0},{"damage_healed":0,"gold_gain":0,"player_choice":"CARD ","damage_taken":14,"max_hp_gain":0,"max_hp_loss":0,"event_name":"Knowing Skull","floor":21,"potions_obtained":[],"gold_loss":0,"cards_obtained":["Deep Breath"]}],"is_beta":false,"boss_relics":[{"not_picked":["Tiny House","Runic Pyramid"],"picked":"Philosopher\u0027s Stone"}],"items_purged_floors":[],"is_endless":false,"potions_floor_spawned":[1,5,7,12,18,24,27,28,29],"killed_by":"Slavers","ascension_level":10}