{"gold_per_floor":[115,115,135,150,168,168,168,168,195,214,214,214,229,239,239,341,341,355,454,487,501,229,229,244,244,271,271,271,299,224,224,224,224],"floor_reached":33,"playtime":1511,"items_purged":["Strike_B"],"score":255,"play_id":"df7a26e7-15cb-46c7-ab86-ae528d1ef128","local_time":"20180715141049","is_ascension_mode":false,"campfire_choices":[{"data":"Zap","floor":6,"key":"SMITH"},{"data":"Dualcast","floor":11,"key":"SMITH"},{"data":"Go for the Eyes","floor":15,"key":"SMITH"},{"data":"Beam Cell","floor":23,"key":"SMITH"},{"data":"Chill","floor":32,"key":"SMITH"}],"neow_cost":"NONE","seed_source_timestamp":235162313866349,"circlet_count":0,"master_deck":["Strike_B+1","Strike_B+1","Defend_B","Defend_B","Defend_B","Zap+1","Dualcast+1","BootSequence","Redo+1","Chill+1","Go for the Eyes+1","Beam Cell+1","Gash","Leap","Reboot","Defragment+1","Go for the Eyes","FTL","Defragment+1","Ball Lightning+1","Injury"],"relics":["Cracked Core","Vajra","Centennial Puzzle","Juzu Bracelet","Nuclear Battery","Red Mask","HandDrill","Boot","Prayer Wheel"],"potions_floor_usage":[20,33,33,33],"damage_taken":[{"damage":3,"enemies":"Small Slimes","floor":1,"turns":3},{"damage":1,"enemies":"Jaw Worm","floor":3,"turns":2},{"damage":0,"enemies":"2 Louse","floor":4,"turns":2},{"damage":0,"enemies":"Gremlin Gang","floor":5,"turns":4},{"damage":1,"enemies":"Exordium Thugs","floor":10,"turns":4},{"damage":0,"enemies":"2 Fungi Beasts","floor":13,"turns":3},{"damage":5,"enemies":"Lots of Slimes","floor":14,"turns":3},{"damage":18,"enemies":"Hexaghost","floor":16,"turns":9},{"damage":0,"enemies":"Chosen","floor":18,"turns":4},{"damage":7,"floor":20,"turns":5},{"damage":3,"enemies":"Spheric Guardian","floor":21,"turns":3},{"damage":0,"enemies":"Chosen and Byrds","floor":24,"turns":7},{"damage":6,"enemies":"Slavers","floor":29,"turns":6},{"damage":62,"enemies":"Champ","floor":33,"turns":8}],"seed_played":"8278248371615067674","potions_obtained":[{"floor":3,"key":"Swift Potion"},{"floor":4,"key":"Dexterity Potion"},{"floor":5,"key":"FearPotion"},{"floor":27,"key":"Dexterity Potion"}],"is_trial":false,"path_per_floor":["M","?","M","M","M","R","?","?","T","M","R","?","M","M","R","B",null,"M","?","?","M","$","R","M","?","T","?","?","E","?","?","R"],"character_chosen":"DEFECT","items_purchased":["HandDrill"],"campfire_rested":0,"item_purchase_floors":[22],"current_hp_per_floor":[72,57,56,56,56,56,56,56,56,55,55,55,55,50,50,32,75,75,75,68,65,65,65,65,65,65,65,65,59,59,59,59,0],"gold":224,"neow_bonus":"RANDOM_COMMON_RELIC","is_prod":false,"is_daily":false,"chose_seed":false,"campfire_upgraded":5,"win_rate":0.0,"timestamp":1531631449,"path_taken":["M","?","?","M","M","R","?","?","T","M","R","?","M","M","R","BOSS","M","?","?","M","$","R","M","?","T","?","?","E","?","?","R","BOSS"],"build_version":"2018-07-12","purchased_purges":1,"victory":false,"max_hp_per_floor":[75,75,75,75,75,75,75,75,75,75,75,75,75,75,75,75,75,75,75,75,75,75,75,75,75,75,75,75,75,75,75,75,75],"card_choices":[{"not_picked":["Conserve Battery","Sweeping Beam"],"picked":"BootSequence","floor":1},{"not_picked":["BootSequence","Doom and Gloom"],"picked":"Redo","floor":3},{"not_picked":["Compile Driver","Hologram"],"picked":"Chill","floor":4},{"not_picked":["Compile Driver","Conserve Battery"],"picked":"Go for the Eyes","floor":5},{"not_picked":["Turbo","Rebound"],"picked":"Beam Cell","floor":10},{"not_picked":["Auto Shields","Double Energy"],"picked":"Gash","floor":13},{"not_picked":["Undo","Chill"],"picked":"Leap","floor":14},{"not_picked":["Fission","All For One"],"picked":"Reboot","floor":16},{"not_picked":["Undo","Chill+1"],"picked":"Defragment+1","floor":18},{"not_picked":["Darkness","Barrage"],"picked":"Go for the Eyes","floor":20},{"not_picked":["Streamline","Loop"],"picked":"FTL","floor":21},{"not_picked":["Rebound","Skim","Stack"],"picked":"SKIP","floor":24},{"not_picked":["Thunder Strike","Go for the Eyes"],"picked":"Ball Lightning+1","floor":29}],"player_experience":164289,"relics_obtained":[{"floor":9,"key":"Juzu Bracelet"},{"floor":20,"key":"Red Mask"},{"floor":26,"key":"Boot"},{"floor":29,"key":"Prayer Wheel"}],"event_choices":[{"event_name":"Shining Light","player_choice":"Entered Light","floor":2,"damage_taken":0},{"event_name":"Purifier","player_choice":"One Purge","floor":7,"damage_taken":0},{"event_name":"Wheel of Change","player_choice":"Relic","floor":8,"damage_taken":0},{"event_name":"Upgrade Shrine","player_choice":"Upgraded","floor":12,"damage_taken":0},{"event_name":"Nest","player_choice":"Stole From Cult","floor":19,"damage_taken":0},{"event_name":"Masked Bandits","player_choice":"Fought over 454 gold","floor":20,"damage_taken":0},{"event_name":"The Library","player_choice":"Read","floor":25,"damage_taken":0},{"event_name":"The Lab","player_choice":"Got Potions","floor":27,"damage_taken":0},{"event_name":"Drug Dealer","player_choice":"Ignored","floor":28,"damage_taken":0},{"event_name":"Beggar","player_choice":"Gave Gold","floor":30,"damage_taken":0},{"event_name":"Accursed Blacksmith","player_choice":"Forge","floor":31,"damage_taken":0}],"boss_relics":[{"not_picked":["Snecko Eye","Orrery"],"picked":"Nuclear Battery"}],"items_purged_floors":[22],"is_endless":false,"potions_floor_spawned":[3,4,5,16,18,29],"killed_by":"Champ","ascension_level":0}