{"gold_per_floor":[110,121,121,131,146,146,146,162,215,165,192,75,87,107,107,203,203,218,133,147,17,17,50,50,50,73,93,93,109,59,71,71,176,176,192,192,292,292,155,155],"floor_reached":40,"playtime":4241,"items_purged":["Strike_B","Defend_B","Defend_B","Defend_B"],"score":461,"play_id":"aa82c3fb-1680-43c3-b0e2-7d3da7b69e03","local_time":"20190123225021","is_ascension_mode":true,"campfire_choices":[{"data":"Gash","floor":6,"key":"SMITH"},{"data":"Lockon","floor":15,"key":"SMITH"},{"floor":28,"key":"REST"},{"floor":32,"key":"REST"}],"neow_cost":"NONE","seed_source_timestamp":1153996124789206,"circlet_count":0,"master_deck":["Defend_B","Zap","Dualcast","Hologram","Doom and Gloom+1","Leap","Gash+1","Leap","Lockon+1","Rebound","Sweeping Beam","Reboot","Self Repair","Gash+1","Doom and Gloom+1","Gash+1","Rebound+1","Rebound+1","All For One+1","Undo+1","Dramatic Entrance+1"],"relics":["Cracked Core","Anchor","Smiling Mask","Sozu","Molten Egg 2","MutagenicStrength","Omamori","Gremlin Horn","Orichalcum","Philosopher\u0027s Stone","Turnip"],"potions_floor_usage":[16,16,29,40],"damage_taken":[{"damage":0,"enemies":"Cultist","floor":1,"turns":5},{"damage":2,"enemies":"2 Louse","floor":2,"turns":3},{"damage":4,"enemies":"Jaw Worm","floor":4,"turns":4},{"damage":4,"enemies":"Blue Slaver","floor":5,"turns":5},{"damage":0,"enemies":"3 Louse","floor":8,"turns":2},{"damage":6,"enemies":"2 Fungi Beasts","floor":13,"turns":3},{"damage":3,"enemies":"Blue Slaver","floor":14,"turns":4},{"damage":25,"enemies":"The Guardian","floor":16,"turns":8},{"damage":8,"enemies":"2 Thieves","floor":18,"turns":3},{"damage":6,"enemies":"Shell Parasite","floor":20,"turns":5},{"damage":45,"enemies":"Slavers","floor":23,"turns":4},{"damage":0,"enemies":"Chosen and Byrds","floor":27,"turns":4},{"damage":0,"enemies":"Centurion and Healer","floor":29,"turns":3},{"damage":18,"enemies":"Snake Plant","floor":31,"turns":3},{"damage":60,"enemies":"Automaton","floor":33,"turns":7},{"damage":11,"enemies":"3 Darklings","floor":35,"turns":4},{"damage":38,"enemies":"Mind Bloom Boss Battle","floor":37,"turns":5},{"damage":63,"enemies":"Giant Head","floor":40,"turns":6}],"seed_played":"-2768216387586899823","potions_obtained":[{"floor":4,"key":"Swift Potion"},{"floor":5,"key":"PowerPotion"},{"floor":8,"key":"Fire Potion"},{"floor":16,"key":"Fruit Juice"}],"is_trial":false,"path_per_floor":["M","M","?","M","M","R","?","M","T","?","T","$","M","M","R","B",null,"M","?","M","$","?","E","T","?","T","M","R","M","$","M","R","B",null,"M","?","?","?","$","E"],"character_chosen":"DEFECT","items_purchased":["Lockon","Doom and Gloom+1","Dramatic Entrance+1"],"campfire_rested":2,"item_purchase_floors":[12,21,39],"current_hp_per_floor":[75,73,66,62,58,58,58,58,58,58,58,58,52,49,49,29,80,72,72,73,73,73,35,35,35,35,42,66,73,73,55,79,26,80,76,76,45,45,45,0],"gold":155,"neow_bonus":"REMOVE_CARD","is_prod":false,"is_daily":false,"chose_seed":false,"campfire_upgraded":2,"win_rate":0,"timestamp":1548301821,"path_taken":["M","?","?","M","M","R","?","?","T","?","?","?","M","M","R","BOSS","M","?","M","$","?","E","?","?","T","M","R","?","$","M","R","BOSS","M","?","?","?","$","E"],"build_version":"2019-01-23","purchased_purges":4,"victory":false,"max_hp_per_floor":[75,75,75,75,75,75,75,75,75,75,75,75,75,75,75,80,80,80,80,80,80,80,80,80,80,80,80,80,80,80,80,80,80,80,80,76,76,76,76,76],"card_choices":[{"not_picked":["Stack","Recycle"],"picked":"Hologram","floor":1},{"not_picked":["Sunder","Steam"],"picked":"Doom and Gloom","floor":2},{"not_picked":["Glacier","Streamline"],"picked":"Leap","floor":4},{"not_picked":["Steam Power","Conserve Battery"],"picked":"Gash","floor":5},{"not_picked":["Coolheaded","Rainbow"],"picked":"Leap","floor":8},{"not_picked":["Chaos","Reprogram"],"picked":"Rebound","floor":13},{"not_picked":["Steam","Stack"],"picked":"Sweeping Beam","floor":14},{"not_picked":["Machine Learning","Seek"],"picked":"Reboot","floor":16},{"not_picked":["Streamline","Coolheaded+1"],"picked":"Self Repair","floor":18},{"not_picked":["Leap+1","Turbo"],"picked":"Gash+1","floor":20},{"not_picked":["Streamline+1","Heatsinks+1"],"picked":"Gash+1","floor":23},{"not_picked":["Barrage+1","BootSequence"],"picked":"Rebound+1","floor":27},{"not_picked":["Coolheaded","Meteor Strike+1","Self Repair"],"picked":"SKIP","floor":29},{"not_picked":["Barrage+1","Ball Lightning+1"],"picked":"Rebound+1","floor":31},{"not_picked":["Thunder Strike+1","Reboot"],"picked":"All For One+1","floor":33},{"not_picked":["Hello World+1","Storm+1"],"picked":"Undo+1","floor":35}],"player_experience":90823,"relics_obtained":[{"floor":9,"key":"Anchor"},{"floor":11,"key":"Smiling Mask"},{"floor":23,"key":"Omamori"},{"floor":24,"key":"Gremlin Horn"},{"floor":26,"key":"Orichalcum"},{"floor":37,"key":"Turnip"}],"event_choices":[{"cards_removed":["Strike_B"],"damage_healed":0,"gold_gain":0,"player_choice":"Card Removal","damage_taken":7,"max_hp_gain":0,"max_hp_loss":0,"event_name":"Golden Wing","floor":3,"gold_loss":0},{"damage_healed":0,"gold_gain":0,"player_choice":"Upgraded","damage_taken":0,"max_hp_gain":0,"max_hp_loss":0,"event_name":"Upgrade Shrine","floor":7,"gold_loss":0,"cards_upgraded":["Doom and Gloom"]},{"cards_removed":["Strike_B"],"damage_healed":0,"gold_gain":0,"player_choice":"Card Removal","damage_taken":0,"max_hp_gain":0,"max_hp_loss":0,"event_name":"The Cleric","floor":10,"gold_loss":50},{"damage_healed":0,"gold_gain":0,"player_choice":"Obtained Relic","damage_taken":0,"relics_obtained":["Molten Egg 2"],"max_hp_gain":0,"max_hp_loss":0,"event_name":"Addict","floor":19,"gold_loss":85},{"damage_healed":0,"gold_gain":0,"player_choice":"Inject Mutagens","damage_taken":0,"relics_obtained":["MutagenicStrength"],"max_hp_gain":0,"max_hp_loss":0,"event_name":"Drug Dealer","floor":22,"gold_loss":0},{"damage_healed":0,"gold_gain":0,"player_choice":"Ignored","damage_taken":0,"max_hp_gain":0,"max_hp_loss":0,"event_name":"Vampires","floor":25,"gold_loss":0},{"damage_healed":0,"gold_gain":0,"player_choice":"Max HP","damage_taken":0,"max_hp_gain":0,"max_hp_loss":4,"event_name":"Winding Halls","floor":36,"gold_loss":0},{"damage_healed":0,"gold_gain":0,"player_choice":"Fight","damage_taken":0,"max_hp_gain":0,"max_hp_loss":0,"event_name":"MindBloom","floor":37,"gold_loss":0},{"damage_healed":0,"gold_gain":0,"player_choice":"Ignored","damage_taken":0,"max_hp_gain":0,"max_hp_loss":0,"event_name":"Tomb of Lord Red Mask","floor":38,"gold_loss":0}],"is_beta":false,"boss_relics":[{"not_picked":["Calling Bell","Pandora\u0027s Box"],"picked":"Sozu"},{"not_picked":["FrozenCore","Velvet Choker"],"picked":"Philosopher\u0027s Stone"}],"items_purged_floors":[12,21,30,39],"is_endless":false,"potions_floor_spawned":[4,5,8,14,16,20,31,35],"killed_by":"Giant Head","ascension_level":2}