{"gold_per_floor":[111,111,124,144,144,144,144,160,186,198,216,229,229,247,247,343,343,359,359,41,41,60,92,92,104,129,129,142,156,168,168,168,168],"floor_reached":33,"playtime":2776,"items_purged":[],"score":263,"play_id":"8bccb319-8375-4ddb-bd9a-f42bb7431781","local_time":"20181227025944","is_ascension_mode":false,"campfire_choices":[{"data":"FTL","floor":6,"key":"SMITH"},{"floor":13,"key":"REST"},{"data":"Tempest","floor":15,"key":"SMITH"},{"floor":24,"key":"REST"},{"floor":27,"key":"REST"},{"floor":32,"key":"REST"}],"neow_cost":"NONE","seed_source_timestamp":586689074625631,"circlet_count":0,"master_deck":["Strike_B","Strike_B","Strike_B","Defend_B","Defend_B","Defend_B","Defend_B","Zap","Dualcast","Streamline","FTL+1","Conserve Battery","Skim","Multi-Cast","Flash of Steel","Sweeping Beam","Ball Lightning","Beam Cell","Go for the Eyes","Tempest+1","Thunder Strike","Barrage+1","J.A.X.+1","Auto Shields","Reinforced Body","Amplify","Ball Lightning","Hologram","Sweeping Beam","Sweeping Beam+1"],"relics":["Cracked Core","Centennial Puzzle","Regal Pillow","Philosopher\u0027s Stone","Letter Opener","PreservedInsect","Strawberry"],"potions_floor_usage":[16,23,30],"damage_taken":[{"damage":3,"enemies":"2 Louse","floor":1,"turns":2},{"damage":0,"enemies":"Cultist","floor":3,"turns":4},{"damage":0,"enemies":"Small Slimes","floor":4,"turns":3},{"damage":6,"enemies":"2 Fungi Beasts","floor":8,"turns":3},{"damage":19,"enemies":"Exordium Thugs","floor":10,"turns":3},{"damage":8,"enemies":"Looter","floor":11,"turns":3},{"damage":12,"enemies":"3 Louse","floor":12,"turns":2},{"damage":2,"enemies":"Blue Slaver","floor":14,"turns":3},{"damage":7,"enemies":"Slime Boss","floor":16,"turns":6},{"damage":24,"enemies":"Shell Parasite","floor":18,"turns":3},{"damage":0,"enemies":"Spheric Guardian","floor":22,"turns":2},{"damage":47,"enemies":"Slavers","floor":23,"turns":4},{"damage":9,"enemies":"Snake Plant","floor":25,"turns":3},{"damage":31,"enemies":"Snecko","floor":28,"turns":4},{"damage":23,"enemies":"Shelled Parasite and Fungi","floor":29,"turns":4},{"damage":11,"enemies":"Chosen and Byrds","floor":30,"turns":4},{"damage":114,"enemies":"Automaton","floor":33,"turns":8}],"seed_played":"-974286193900046428","potions_obtained":[{"floor":2,"key":"SneckoOil"},{"floor":2,"key":"EssenceOfSteel"},{"floor":2,"key":"FairyPotion"},{"floor":11,"key":"Swift Potion"},{"floor":22,"key":"FearPotion"},{"floor":28,"key":"Weak Potion"}],"is_trial":false,"path_per_floor":["M","?","M","M","?","R","?","M","T","M","M","M","R","M","R","B",null,"M","?","$","?","M","E","R","M","T","R","M","M","M","?","R","B"],"character_chosen":"DEFECT","items_purchased":["Letter Opener","Auto Shields"],"campfire_rested":4,"item_purchase_floors":[20,20],"current_hp_per_floor":[79,79,79,79,61,61,61,55,55,36,28,16,55,53,53,46,82,58,58,58,58,58,11,50,41,48,89,58,35,24,24,65,0],"gold":168,"neow_bonus":"TEN_PERCENT_HP_BONUS","is_prod":false,"is_daily":false,"chose_seed":false,"campfire_upgraded":2,"win_rate":0.0,"timestamp":1545897584,"path_taken":["M","?","?","M","?","R","?","M","T","M","?","M","R","M","R","BOSS","M","?","$","?","?","E","R","M","T","R","M","M","M","?","R","BOSS"],"build_version":"2018-12-20","purchased_purges":0,"victory":false,"max_hp_per_floor":[82,82,82,82,82,82,82,82,82,82,82,82,82,82,82,82,82,82,82,82,82,82,82,82,82,89,89,89,89,89,89,89,89],"card_choices":[{"not_picked":["Redo","Chaos"],"picked":"Streamline","floor":1},{"not_picked":["Ball Lightning","Chill"],"picked":"FTL","floor":3},{"not_picked":["Steam","Gash"],"picked":"Conserve Battery","floor":4},{"not_picked":["Scrape","Redo"],"picked":"Sweeping Beam","floor":8},{"not_picked":["Cold Snap","Stack"],"picked":"Ball Lightning","floor":10},{"not_picked":["Go for the Eyes","Darkness"],"picked":"Beam Cell","floor":11},{"not_picked":["Seek","Hologram"],"picked":"Go for the Eyes","floor":12},{"not_picked":["Beam Cell","Coolheaded"],"picked":"Tempest","floor":14},{"not_picked":["Fission","Creative AI"],"picked":"Thunder Strike","floor":16},{"not_picked":["Glacier","Steam"],"picked":"Barrage+1","floor":18},{"not_picked":["Gash","Steam Power"],"picked":"Reinforced Body","floor":22},{"not_picked":["Hologram","Streamline"],"picked":"Amplify","floor":23},{"not_picked":["Chaos","Stack"],"picked":"Ball Lightning","floor":25},{"not_picked":["Coolheaded","Steam Power"],"picked":"Hologram","floor":28},{"not_picked":["Hologram","Cold Snap+1"],"picked":"Sweeping Beam","floor":29},{"not_picked":["Compile Driver","Hologram"],"picked":"Sweeping Beam+1","floor":30}],"player_experience":5448,"relics_obtained":[{"floor":9,"key":"Regal Pillow"},{"floor":23,"key":"PreservedInsect"},{"floor":26,"key":"Strawberry"}],"event_choices":[{"damage_healed":0,"gold_gain":0,"player_choice":"Got Potions","damage_taken":0,"max_hp_gain":0,"max_hp_loss":0,"event_name":"Lab","floor":2,"gold_loss":0},{"damage_healed":0,"gold_gain":0,"player_choice":"Success","damage_taken":18,"relics_obtained":["Centennial Puzzle"],"max_hp_gain":0,"max_hp_loss":0,"event_name":"Scrap Ooze","floor":5,"gold_loss":0},{"damage_healed":0,"gold_gain":0,"player_choice":"3 cards matched","damage_taken":0,"max_hp_gain":0,"max_hp_loss":0,"event_name":"Match and Keep!","floor":7,"gold_loss":0,"cards_obtained":["Skim","Multi-Cast","Flash of Steel"]},{"damage_healed":0,"gold_gain":0,"player_choice":"Obtain J.A.X.","damage_taken":0,"max_hp_gain":0,"max_hp_loss":0,"event_name":"Drug Dealer","floor":19,"gold_loss":0,"cards_obtained":["J.A.X."]},{"damage_healed":0,"gold_gain":0,"player_choice":"Upgraded","damage_taken":0,"max_hp_gain":0,"max_hp_loss":0,"event_name":"Upgrade Shrine","floor":21,"gold_loss":0,"cards_upgraded":["J.A.X."]},{"cards_removed":["Strike_B"],"damage_healed":0,"gold_gain":0,"player_choice":"Purged","damage_taken":0,"max_hp_gain":0,"max_hp_loss":0,"event_name":"Purifier","floor":31,"gold_loss":0}],"is_beta":false,"boss_relics":[{"not_picked":["Ectoplasm","Nuclear Battery"],"picked":"Philosopher\u0027s Stone"}],"items_purged_floors":[],"is_endless":false,"potions_floor_spawned":[3,4,11,12,22,28,29],"killed_by":"Automaton","ascension_level":0}