{"gold_per_floor":[113,113,128,303,303,303,34,74,74,115,115,150,163,197,197,318,318,341,366,366,382,382],"floor_reached":22,"playtime":1429,"items_purged":["Doubt"],"score":393,"play_id":"81473a9e-1d58-4c2b-9aa3-e7b045cc8d4c","local_time":"20190422160536","is_ascension_mode":true,"campfire_choices":[{"data":"Deadly Poison","floor":6,"key":"SMITH"},{"data":"Envenom","floor":11,"key":"SMITH"},{"data":"Catalyst","floor":15,"key":"SMITH"}],"neow_cost":"NONE","seed_source_timestamp":2650400185557509,"circlet_count":0,"master_deck":["AscendersBane","Defend_G","Defend_G","Defend_G","Defend_G","Defend_G","Strike_G","Strike_G","Strike_G","Strike_G","Survivor","Neutralize","Deadly Poison+1","Deadly Poison","Envenom+1","Dodge and Roll","Escape Plan","Catalyst+1","Acrobatics","After Image","Caltrops+1","Dodge and Roll","Catalyst+1","Deflect"],"relics":["Ring of the Snake","NeowsBlessing","Golden Idol","PreservedInsect","Gremlin Horn","Matryoshka","Oddly Smooth Stone","Strawberry","Pantograph","Cursed Key"],"potions_floor_usage":[10,10,12],"damage_taken":[{"damage":0,"enemies":"Cultist","floor":1,"turns":1},{"damage":0,"enemies":"Jaw Worm","floor":3,"turns":1},{"damage":0,"enemies":"Lagavulin","floor":8,"turns":1},{"damage":7,"enemies":"3 Sentries","floor":10,"turns":6},{"damage":0,"enemies":"Lagavulin","floor":12,"turns":7},{"damage":0,"enemies":"Small Slimes","floor":13,"turns":3},{"damage":13,"enemies":"3 Sentries","floor":14,"turns":9},{"damage":24,"enemies":"Hexaghost","floor":16,"turns":6},{"damage":17,"enemies":"3 Byrds","floor":18,"turns":6},{"damage":0,"enemies":"Chosen","floor":19,"turns":4},{"damage":32,"enemies":"Shelled Parasite and Fungi","floor":21,"turns":5},{"damage":19,"enemies":"Snake Plant","floor":22,"turns":2}],"seed_played":"-7190618558795366911","potions_obtained":[{"floor":1,"key":"AttackPotion"},{"floor":8,"key":"Swift Potion"},{"floor":14,"key":"Swift Potion"},{"floor":18,"key":"SpeedPotion"},{"floor":19,"key":"Fire Potion"}],"is_trial":false,"path_per_floor":["M","?","M","?","?","R","$","E","T","E","R","E","M","E","R","B",null,"M","M","?","M","M"],"character_chosen":"THE_SILENT","items_purchased":["PreservedInsect","AttackPotion"],"campfire_rested":0,"item_purchase_floors":[7,7],"current_hp_per_floor":[63,56,56,56,56,56,56,56,56,49,49,56,56,43,43,44,65,48,48,48,16,0],"gold":382,"neow_bonus":"THREE_ENEMY_KILL","is_prod":false,"is_daily":false,"chose_seed":false,"campfire_upgraded":3,"win_rate":0,"timestamp":1555963536,"path_taken":["M","?","M","?","?","R","$","E","T","E","R","E","M","E","R","BOSS","M","M","?","M","?"],"build_version":"2019-01-23","purchased_purges":1,"victory":false,"max_hp_per_floor":[70,70,70,70,65,65,65,65,65,65,65,72,72,72,72,72,72,72,72,72,72,72],"card_choices":[{"not_picked":["Choke","Dodge and Roll"],"picked":"Deadly Poison","floor":1},{"not_picked":["Predator","Deadly Poison","Masterful Stab"],"picked":"SKIP","floor":3},{"not_picked":["Predator","Masterful Stab"],"picked":"Deadly Poison","floor":3},{"not_picked":["Escape Plan","Riddle With Holes"],"picked":"Envenom","floor":8},{"not_picked":["Endless Agony","Distraction"],"picked":"Dodge and Roll","floor":10},{"not_picked":["Dash","Outmaneuver"],"picked":"Escape Plan","floor":12},{"not_picked":["Reflex","PiercingWail"],"picked":"Catalyst","floor":13},{"not_picked":["Underhanded Strike","Slice"],"picked":"Acrobatics","floor":14},{"not_picked":["Wraith Form v2","Tools of the Trade"],"picked":"After Image","floor":16},{"not_picked":["Dagger Spray","Deflect"],"picked":"Caltrops+1","floor":18},{"not_picked":["Bane","Eviscerate"],"picked":"Dodge and Roll","floor":19},{"not_picked":["Expertise","Slice"],"picked":"Deflect","floor":21}],"player_experience":320895,"relics_obtained":[{"floor":8,"key":"Gremlin Horn"},{"floor":9,"key":"Matryoshka"},{"floor":10,"key":"Oddly Smooth Stone"},{"floor":12,"key":"Strawberry"},{"floor":14,"key":"Pantograph"}],"event_choices":[{"cards_removed":["Strike_G"],"damage_healed":0,"gold_gain":0,"player_choice":"Card Removal","damage_taken":7,"max_hp_gain":0,"max_hp_loss":0,"event_name":"Golden Wing","floor":2,"gold_loss":0},{"damage_healed":0,"gold_gain":175,"player_choice":"AGREE","damage_taken":0,"max_hp_gain":0,"max_hp_loss":0,"event_name":"Liars Game","floor":4,"gold_loss":0,"cards_obtained":["Doubt"]},{"damage_healed":0,"gold_gain":0,"player_choice":"Lose Max HP","damage_taken":0,"relics_obtained":["Golden Idol"],"max_hp_gain":0,"max_hp_loss":5,"event_name":"Golden Idol","floor":5,"gold_loss":0},{"damage_healed":0,"gold_gain":0,"player_choice":"Copied","damage_taken":0,"max_hp_gain":0,"max_hp_loss":0,"event_name":"Duplicator","floor":20,"gold_loss":0,"cards_obtained":["Catalyst"]}],"is_beta":false,"boss_relics":[{"not_picked":["Lizard Tail","Empty Cage"],"picked":"Cursed Key"}],"items_purged_floors":[7],"is_endless":false,"potions_floor_spawned":[1,8,14,18,19,21],"killed_by":"Snake Plant","ascension_level":10}