{"gold_per_floor":[117,137,149,149,160,188,200,245,257,269,312,357,369,381,393,405],"floor_reached":16,"playtime":946,"items_purged":[],"score":171,"play_id":"2b5b8b8e-2aa2-49e2-8410-98c8d5fb2b5d","local_time":"20190405033505","is_ascension_mode":true,"campfire_choices":[{"data":"Skewer","floor":7,"key":"SMITH"},{"data":"Terror","floor":13,"key":"SMITH"},{"floor":15,"key":"REST"}],"neow_cost":"NONE","seed_source_timestamp":1136992947179763,"circlet_count":0,"master_deck":["Defend_G","Defend_G","Defend_G","Defend_G","Defend_G+1","Strike_G","Strike_G","Strike_G","Strike_G","Strike_G","Survivor","Neutralize","Dagger Throw","PiercingWail","Leg Sweep","Neutralize","Backflip+1","Terror+1","Skewer+1","Corpse Explosion","Escape Plan","Backflip"],"relics":["Ring of the Snake","NeowsBlessing","MawBank","War Paint","Meat on the Bone","Golden Idol","Odd Mushroom","Mummified Hand","Letter Opener"],"potions_floor_usage":[5,6,12],"damage_taken":[{"damage":0,"enemies":"2 Louse","floor":1,"turns":1},{"damage":0,"enemies":"Cultist","floor":2,"turns":1},{"damage":0,"enemies":"Small Slimes","floor":3,"turns":1},{"damage":0,"enemies":"Looter","floor":5,"turns":4},{"damage":8,"enemies":"Gremlin Nob","floor":6,"turns":3},{"damage":37,"enemies":"3 Sentries","floor":8,"turns":9},{"damage":0,"enemies":"The Mushroom Lair","floor":11,"turns":2},{"damage":19,"enemies":"Lagavulin","floor":12,"turns":7},{"damage":46,"enemies":"Slime Boss","floor":16,"turns":8}],"seed_played":"7923325675935336594","potions_obtained":[{"floor":1,"key":"AttackPotion"},{"floor":2,"key":"Fire Potion"},{"floor":11,"key":"FearPotion"}],"is_trial":false,"path_per_floor":["M","M","M","?","M","E","R","E","T","?","?","E","R","T","R","B"],"character_chosen":"THE_SILENT","items_purchased":[],"campfire_rested":1,"item_purchase_floors":[],"current_hp_per_floor":[63,63,63,63,63,55,55,18,18,18,30,23,23,23,42,0],"gold":405,"neow_bonus":"THREE_ENEMY_KILL","is_prod":false,"is_daily":false,"chose_seed":false,"campfire_upgraded":2,"win_rate":0,"timestamp":1554449705,"path_taken":["M","M","M","?","?","E","R","E","T","?","?","E","R","?","R","BOSS"],"build_version":"2019-01-23","purchased_purges":0,"victory":false,"max_hp_per_floor":[70,70,70,70,70,70,70,70,70,65,65,65,65,65,65,65],"card_choices":[{"not_picked":["Riddle With Holes","Setup"],"picked":"Dagger Throw","floor":1},{"not_picked":["Backflip","Infinite Blades"],"picked":"PiercingWail","floor":2},{"not_picked":["Slice","Underhanded Strike"],"picked":"Leg Sweep","floor":3},{"not_picked":["Quick Slash","Eviscerate"],"picked":"Terror","floor":5},{"not_picked":["Burst","Well Laid Plans"],"picked":"Skewer","floor":6},{"not_picked":["Flying Knee","Prepared"],"picked":"Corpse Explosion","floor":8},{"not_picked":["Poisoned Stab","Dagger Spray"],"picked":"Escape Plan","floor":11},{"not_picked":["Underhanded Strike","Corpse Explosion"],"picked":"Backflip","floor":12}],"player_experience":292238,"relics_obtained":[{"floor":6,"key":"MawBank"},{"floor":8,"key":"War Paint"},{"floor":9,"key":"Meat on the Bone"},{"floor":11,"key":"Odd Mushroom"},{"floor":12,"key":"Mummified Hand"},{"floor":14,"key":"Letter Opener"}],"event_choices":[{"damage_healed":0,"gold_gain":0,"player_choice":"2 cards matched","damage_taken":0,"max_hp_gain":0,"max_hp_loss":0,"event_name":"Match and Keep!","floor":4,"gold_loss":0,"cards_obtained":["Neutralize","Backflip"]},{"damage_healed":0,"gold_gain":0,"player_choice":"Lose Max HP","damage_taken":0,"relics_obtained":["Golden Idol"],"max_hp_gain":0,"max_hp_loss":5,"event_name":"Golden Idol","floor":10,"gold_loss":0},{"damage_healed":0,"gold_gain":0,"player_choice":"Fought Mushrooms","damage_taken":0,"max_hp_gain":0,"max_hp_loss":0,"event_name":"Mushrooms","floor":11,"gold_loss":0}],"is_beta":false,"boss_relics":[],"items_purged_floors":[],"is_endless":false,"potions_floor_spawned":[1,2,11],"killed_by":"Slime Boss","ascension_level":9}