{"gold_per_floor":[110,122,139,149,149,149,176,195,263,326,326,35,35,35,35,109,109,122,47,63,63,74,103,122,122,145,170,189,207,222,249,249,326,326,341,65,0,15,15,15,25,35,62,62,89,89,441,461,461,461,461,461,461,25,54,54],"floor_reached":57,"playtime":2104,"items_purged":[],"score":3363,"play_id":"bb9bedca-ff24-41a5-8428-f419e46f12bd","local_time":"20190605142339","is_ascension_mode":true,"campfire_choices":[{"data":"Defragment","floor":6.0,"key":"SMITH"},{"data":"Coolheaded","floor":11.0,"key":"SMITH"},{"data":"Streamline","floor":15.0,"key":"SMITH"},{"data":"Hologram","floor":25.0,"key":"SMITH"},{"data":"Skim","floor":32.0,"key":"SMITH"},{"floor":40,"key":"RECALL"},{"data":"Loop","floor":49,"key":"SMITH"},{"data":"Loop","floor":53,"key":"SMITH"}],"neow_cost":"NONE","seed_source_timestamp":664996742112896,"circlet_count":0,"master_deck":["AscendersBane","Zap","Dualcast","Defragment+1","Streamline+1","Compile Driver","Capacitor","Heatsinks","Self Repair","Coolheaded+1","Capacitor","Tempest","Apotheosis","Rainbow","Coolheaded","Barrage","Loop+1","Seek+1","Skim+1","Cold Snap","Multi-Cast","Glacier","Hologram+1","Multi-Cast","Chill","Blizzard+1","Biased Cognition","Loop+1","Loop+1","Turbo","Leap","Sunder","Gash","Rainbow","Force Field","Coolheaded","Reinforced Body+1","Panacea","Panacea","Reinforced Body","Coolheaded+1","Skim","Glacier"],"special_seed":0,"relics":["Cracked Core","NeowsBlessing","Centennial Puzzle","Prayer Wheel","Singing Bowl","Blood Vial","Orrery","Art of War","Blue Candle","Pantograph","Pandora\u0027s Box","Medical Kit","Red Mask","Juzu Bracelet","The Courier","Old Coin","Calipers","ClockworkSouvenir","Strawberry"],"potions_floor_usage":[56,56,56,56],"damage_taken":[{"damage":0.0,"enemies":"Small Slimes","floor":1.0,"turns":1.0},{"damage":0.0,"enemies":"Cultist","floor":2.0,"turns":1.0},{"damage":0.0,"enemies":"2 Louse","floor":3.0,"turns":1.0},{"damage":3.0,"enemies":"Blue Slaver","floor":4.0,"turns":3.0},{"damage":18.0,"enemies":"3 Sentries","floor":7.0,"turns":7.0},{"damage":9.0,"enemies":"Exordium Wildlife","floor":8.0,"turns":2.0},{"damage":20.0,"enemies":"Gremlin Nob","floor":10.0,"turns":4.0},{"damage":0.0,"enemies":"The Guardian","floor":16.0,"turns":2.0},{"damage":0.0,"enemies":"3 Byrds","floor":18.0,"turns":1.0},{"damage":17.0,"enemies":"2 Thieves","floor":20.0,"turns":2.0},{"damage":0.0,"enemies":"Shelled Parasite and Fungi","floor":22.0,"turns":1.0},{"damage":0.0,"enemies":"Book of Stabbing","floor":23.0,"turns":1.0},{"damage":18.0,"enemies":"Centurion and Healer","floor":24.0,"turns":2.0},{"damage":6.0,"enemies":"Gremlin Leader","floor":27.0,"turns":2.0},{"damage":17.0,"enemies":"Snake Plant","floor":28.0,"turns":2.0},{"damage":0.0,"enemies":"Sentry and Sphere","floor":29.0,"turns":2.0},{"damage":1.0,"enemies":"Snecko","floor":30.0,"turns":3.0},{"damage":0.0,"enemies":"Slavers","floor":31.0,"turns":1.0},{"damage":0.0,"enemies":"Collector","floor":33.0,"turns":1.0},{"damage":6,"enemies":"3 Darklings","floor":35,"turns":2},{"damage":7,"enemies":"3 Shapes","floor":38,"turns":2},{"damage":0,"enemies":"Spire Growth","floor":41,"turns":2},{"damage":0,"enemies":"Jaw Worm Horde","floor":42,"turns":1},{"damage":2,"enemies":"Nemesis","floor":45,"turns":5},{"damage":0,"enemies":"2 Orb Walkers","floor":47,"turns":1},{"damage":0,"enemies":"3 Darklings","floor":48,"turns":1},{"damage":0,"enemies":"Awakened One","floor":50,"turns":3},{"damage":0,"enemies":"Donu and Deca","floor":51,"turns":2},{"damage":1,"enemies":"Shield and Spear","floor":55,"turns":1},{"damage":2,"enemies":"The Heart","floor":56,"turns":6}],"seed_played":"78464447408953313","potions_obtained":[{"floor":2.0,"key":"Explosive Potion"},{"floor":4.0,"key":"EssenceOfSteel"},{"floor":8.0,"key":"EssenceOfSteel"},{"floor":10.0,"key":"LiquidBronze"},{"floor":18.0,"key":"Regen Potion"},{"floor":27.0,"key":"EntropicBrew"},{"floor":33.0,"key":"Fruit Juice"},{"floor":35,"key":"AttackPotion"},{"floor":45,"key":"GamblersBrew"}],"is_trial":false,"path_per_floor":["M","M","M","M","?","R","E","M","T","?","R","$","?","$","R","B",null,"M","?","M","?","M","E","M","R","T","E","M","M","M","E","R","B",null,"M","$","?","M","?","R","M","M","T","?","E","?","?","M","R","B","B",null,"R","$","E","B",null],"character_chosen":"DEFECT","items_purchased":["Tempest","Apotheosis","Medical Kit","Coolheaded","Calipers","ClockworkSouvenir"],"campfire_rested":0,"item_purchase_floors":[12,12,36,36,54,54],"current_hp_per_floor":[64,64,64,61,61,61,43,34,34,21,21,21,44,44,44,53,69,73,73,69,69,71,73,66,66,66,74,68,72,82,91,91,96,96,98,98,98,100,92,92,96,106,106,106,106,106,108,108,108,108,108,108,108,108,116,117],"gold":54,"neow_bonus":"THREE_ENEMY_KILL","is_prod":false,"is_daily":false,"chose_seed":false,"campfire_upgraded":7,"win_rate":0,"timestamp":1559712219,"path_taken":["M","M","M","M","?","R","E","?","T","?","R","$","?","?","R","BOSS","M","?","M","?","?","E","M","R","T","E","M","M","?","E","R","BOSS","M","$","?","M","?","R","M","M","T","?","E","?","?","M","R","BOSS","BOSS","R","$","E","BOSS"],"build_version":"2019-01-23","purchased_purges":0,"victory":true,"max_hp_per_floor":[71,71,71,71,71,71,71,71,71,71,71,71,71,71,71,71,73,75,75,79,79,79,79,81,81,81,83,85,87,89,91,91,96,96,98,98,98,100,102,102,104,106,106,106,106,106,108,108,108,108,108,108,108,108,117,117],"card_choices":[{"not_picked":["Barrage","Cold Snap"],"picked":"Defragment","floor":1.0},{"not_picked":["Cold Snap","Barrage"],"picked":"Streamline","floor":2.0},{"not_picked":["Double Energy","Conserve Battery"],"picked":"Compile Driver","floor":3.0},{"not_picked":["Auto Shields","Conserve Battery"],"picked":"Capacitor","floor":4.0},{"not_picked":["Barrage","Static Discharge"],"picked":"Heatsinks","floor":7.0},{"not_picked":["Genetic Algorithm","Skim"],"picked":"Self Repair","floor":8.0},{"not_picked":["Storm","Recycle"],"picked":"Coolheaded","floor":8.0},{"not_picked":["Gash","Rip and Tear"],"picked":"Capacitor","floor":10.0},{"not_picked":["Reboot","All For One"],"picked":"Rainbow","floor":16.0},{"not_picked":["Barrage","Conserve Battery"],"picked":"Coolheaded","floor":17.0},{"not_picked":["Gash","Genetic Algorithm"],"picked":"Barrage","floor":17.0},{"not_picked":["Turbo","Streamline","Compile Driver"],"picked":"Singing Bowl","floor":17.0},{"not_picked":["Gash","Compile Driver"],"picked":"Loop","floor":17.0},{"not_picked":["Redo","Streamline"],"picked":"Seek","floor":17.0},{"not_picked":["Go for the Eyes","Double Energy","BootSequence+1"],"picked":"Singing Bowl","floor":18.0},{"not_picked":["Go for the Eyes+1","Heatsinks"],"picked":"Skim","floor":18.0},{"not_picked":["Steam+1","Rebound","Sweeping Beam"],"picked":"Singing Bowl","floor":20.0},{"not_picked":["Conserve Battery","Stack+1","BootSequence"],"picked":"Singing Bowl","floor":20.0},{"not_picked":["Compile Driver","Streamline"],"picked":"Cold Snap","floor":22.0},{"not_picked":["Turbo","Coolheaded"],"picked":"Multi-Cast","floor":22.0},{"not_picked":["Loop","Coolheaded+1"],"picked":"Glacier","floor":23.0},{"not_picked":["Ball Lightning","Leap","Steam"],"picked":"Singing Bowl","floor":24.0},{"not_picked":["Redo+1","Steam"],"picked":"Hologram","floor":24.0},{"not_picked":["Cold Snap","Ball Lightning","Sweeping Beam"],"picked":"Singing Bowl","floor":27.0},{"not_picked":["Melter","Doom and Gloom+1"],"picked":"Multi-Cast","floor":28.0},{"not_picked":["Barrage","Conserve Battery","Stack+1"],"picked":"Singing Bowl","floor":28.0},{"not_picked":["Conserve Battery","Leap"],"picked":"Chill","floor":29.0},{"not_picked":["Aggregate","Compile Driver","Conserve Battery"],"picked":"Singing Bowl","floor":29.0},{"not_picked":["Doom and Gloom+1","Streamline","Rebound+1"],"picked":"Singing Bowl","floor":30.0},{"not_picked":["Leap","Reprogram"],"picked":"Blizzard+1","floor":30.0},{"not_picked":["Barrage","Hologram","Gash"],"picked":"Singing Bowl","floor":31.0},{"not_picked":["Hyperbeam","Reboot"],"picked":"Biased Cognition","floor":33.0},{"not_picked":["Steam","Barrage","Sweeping Beam"],"picked":"Singing Bowl","floor":35},{"not_picked":["Steam Power+1","Ball Lightning"],"picked":"Force Field","floor":35},{"not_picked":["Beam Cell","Cold Snap"],"picked":"Reinforced Body+1","floor":38},{"not_picked":["Auto Shields","FTL+1","Chill"],"picked":"Singing Bowl","floor":38},{"not_picked":["Mayhem","Dark Shackles"],"picked":"Panacea","floor":39},{"not_picked":["Mind Blast","Transmutation","HandOfGreed"],"picked":"Singing Bowl","floor":39},{"not_picked":["Enlightenment","Madness"],"picked":"Panacea","floor":39},{"not_picked":["Gash","FTL"],"picked":"Coolheaded","floor":41},{"not_picked":["Conserve Battery","Rebound+1","Steam"],"picked":"Singing Bowl","floor":41},{"not_picked":["Turbo","Darkness","Hologram"],"picked":"Singing Bowl","floor":42},{"not_picked":["Ball Lightning","Barrage+1"],"picked":"Reinforced Body","floor":42},{"not_picked":["Buffer","Reinforced Body"],"picked":"Coolheaded+1","floor":45},{"not_picked":["Steam+1","Streamline","Sunder+1"],"picked":"Singing Bowl","floor":47},{"not_picked":["Gash","Go for the Eyes"],"picked":"Skim","floor":48},{"not_picked":["Leap","Sweeping Beam+1"],"picked":"Glacier","floor":48},{"not_picked":["Gash","Sweeping Beam+1","Conserve Battery"],"picked":"Singing Bowl","floor":55}],"player_experience":619269,"relics_obtained":[{"floor":7.0,"key":"Prayer Wheel"},{"floor":9.0,"key":"Singing Bowl"},{"floor":10.0,"key":"Blood Vial"},{"floor":23.0,"key":"Art of War"},{"floor":27.0,"key":"Blue Candle"},{"floor":31.0,"key":"Pantograph"},{"floor":43,"key":"Juzu Bracelet"},{"floor":45,"key":"The Courier"},{"floor":47,"key":"Old Coin"},{"floor":55,"key":"Strawberry"}],"event_choices":[{"damage_healed":0.0,"max_hp_gain":0.0,"max_hp_loss":0.0,"gold_gain":0.0,"event_name":"WeMeetAgain","player_choice":"Gave Potion","floor":5.0,"gold_loss":0.0,"damage_taken":0.0,"relics_obtained":["Centennial Puzzle"]},{"damage_healed":0.0,"max_hp_gain":0.0,"max_hp_loss":0.0,"gold_gain":0.0,"event_name":"Dead Adventurer","player_choice":"Searched \u00271\u0027 times","floor":10.0,"gold_loss":0.0,"damage_taken":0.0},{"damage_healed":23.0,"max_hp_gain":0.0,"max_hp_loss":0.0,"gold_gain":0.0,"event_name":"Big Fish","player_choice":"Banana","floor":13.0,"gold_loss":0.0,"damage_taken":0.0},{"cards_removed":["Strike_B"],"damage_healed":0.0,"max_hp_gain":0.0,"max_hp_loss":0.0,"gold_gain":0.0,"event_name":"Beggar","player_choice":"Gave Gold","floor":19.0,"gold_loss":75.0,"damage_taken":0.0},{"damage_healed":0.0,"max_hp_gain":0.0,"max_hp_loss":0.0,"gold_gain":0.0,"event_name":"Accursed Blacksmith","player_choice":"Forge","floor":21.0,"gold_loss":0.0,"damage_taken":0.0,"cards_upgraded":["Seek"]},{"damage_healed":0,"gold_gain":0,"player_choice":"Paid","damage_taken":0,"relics_obtained":["Red Mask"],"max_hp_gain":0,"max_hp_loss":0,"event_name":"Tomb of Lord Red Mask","floor":37,"gold_loss":65},{"damage_healed":0,"gold_gain":0,"player_choice":"Memory 3","damage_taken":10,"max_hp_gain":0,"max_hp_loss":0,"event_name":"SensoryStone","floor":39,"gold_loss":0},{"cards_removed":["Coolheaded"],"damage_healed":0,"gold_gain":0,"player_choice":"Removed Skill","damage_taken":0,"max_hp_gain":0,"max_hp_loss":0,"event_name":"Falling","floor":44,"gold_loss":0},{"damage_healed":0,"gold_gain":0,"player_choice":"Upgraded","damage_taken":0,"max_hp_gain":0,"max_hp_loss":0,"event_name":"Upgrade Shrine","floor":46,"gold_loss":0,"cards_upgraded":["Loop"]},{"damage_healed":0,"gold_gain":0,"player_choice":"Fight","damage_taken":0,"max_hp_gain":0,"max_hp_loss":0,"event_name":"Mysterious Sphere","floor":47,"gold_loss":0}],"is_beta":false,"boss_relics":[{"not_picked":["Empty Cage","Nuclear Battery"],"picked":"Orrery"},{"not_picked":["FrozenCore","Eternal Feather"],"picked":"Pandora\u0027s Box"}],"items_purged_floors":[],"is_endless":false,"potions_floor_spawned":[2,4,8,10,18,23,27,29,30,31,33,35,42,45,47],"ascension_level":20}