{"gold_per_floor":[118,118,137,154,13,13,44,44,44,77,77,106,124,57,57,161,161,177,277,2,2,12,46,57,387,468,468,478,511,511,521,521,617,617,637,647,647,35,51,51,82,100,126,56,87,101,101,128,140,152],"floor_reached":51,"playtime":2987,"items_purged":["Strike_R","Strike_R"],"score":1269,"play_id":"e4ffc695-7ad9-46f1-9ab1-7de012e6cea4","local_time":"20190320150026","is_ascension_mode":true,"campfire_choices":[{"data":"Offering","floor":6,"key":"SMITH"},{"data":"Pommel Strike","floor":8,"key":"SMITH"},{"data":"Whirlwind","floor":11,"key":"SMITH"},{"data":"Limit Break","floor":15,"key":"SMITH"},{"floor":27,"key":"REST"},{"data":"Flex","floor":30,"key":"SMITH"},{"data":"Limit Break","floor":32,"key":"SMITH"},{"data":"Flex","floor":40,"key":"SMITH"},{"floor":47,"key":"REST"},{"floor":49,"key":"REST"}],"neow_cost":"NONE","seed_source_timestamp":1975736691972590,"circlet_count":0,"master_deck":["Defend_R","Defend_R","Defend_R","Defend_R","Bash+1","Pommel Strike+1","Whirlwind+1","Dropkick","Offering+1","Limit Break+1","Dropkick","Flex+1","Limit Break+1","Whirlwind+1","Shrug It Off","Dropkick+1","Pummel+1","Ghostly Armor+1","Shrug It Off+1","Combust+1","Spot Weakness+1","Demon Form+1","Headbutt+1","Sword Boomerang+1","Combust+1","Havoc+1","Flex+1","Uppercut+1","Flame Barrier","Shrug It Off+1","Evolve+1","Heavy Blade+1"],"relics":["Burning Blood","Mercury Hourglass","Paper Frog","Oddly Smooth Stone","Blood Vial","Molten Egg 2","Velvet Choker","Ginger","Frozen Egg 2","Vajra","Strawberry","Bottled Lightning","Old Coin","Mummified Hand","Sundial","Astrolabe","HandDrill","Ancient Tea Set","Omamori","Boot","Unceasing Top","MawBank"],"potions_floor_usage":[10,19,22,23,45,50,50,50],"damage_taken":[{"damage":7,"enemies":"Jaw Worm","floor":1,"turns":3},{"damage":5,"enemies":"Small Slimes","floor":3,"turns":3},{"damage":1,"enemies":"Cultist","floor":4,"turns":3},{"damage":22,"enemies":"Gremlin Nob","floor":7,"turns":3},{"damage":6,"enemies":"3 Sentries","floor":10,"turns":2},{"damage":6,"enemies":"Gremlin Nob","floor":12,"turns":2},{"damage":6,"enemies":"2 Fungi Beasts","floor":13,"turns":2},{"damage":6,"enemies":"Slime Boss","floor":16,"turns":3},{"damage":6,"enemies":"Chosen","floor":18,"turns":3},{"damage":22,"enemies":"Colosseum Slavers","floor":19,"turns":2},{"damage":12,"enemies":"Colosseum Nobs","floor":19,"turns":4},{"damage":11,"enemies":"2 Thieves","floor":22,"turns":2},{"damage":24,"enemies":"Book of Stabbing","floor":23,"turns":3},{"damage":6,"enemies":"Snecko","floor":24,"turns":2},{"damage":27,"enemies":"Slavers","floor":25,"turns":2},{"damage":9,"enemies":"Cultist and Chosen","floor":28,"turns":3},{"damage":6,"enemies":"Gremlin Leader","floor":29,"turns":2},{"damage":6,"enemies":"Snake Plant","floor":31,"turns":1},{"damage":22,"enemies":"Automaton","floor":33,"turns":6},{"damage":6,"enemies":"3 Shapes","floor":35,"turns":1},{"damage":30,"enemies":"3 Darklings","floor":36,"turns":2},{"damage":18,"enemies":"4 Shapes","floor":39,"turns":1},{"damage":40,"enemies":"Reptomancer","floor":41,"turns":3},{"damage":6,"enemies":"Maw","floor":42,"turns":3},{"damage":49,"enemies":"Nemesis","floor":45,"turns":5},{"damage":6,"enemies":"Spire Growth","floor":46,"turns":2},{"damage":8,"enemies":"Giant Head","floor":48,"turns":4},{"damage":62,"enemies":"Awakened One","floor":50,"turns":5}],"seed_played":"-6904703783060567552","potions_obtained":[{"floor":1,"key":"SteroidPotion"},{"floor":7,"key":"SkillPotion"},{"floor":12,"key":"SteroidPotion"},{"floor":16,"key":"Block Potion"},{"floor":19,"key":"Fire Potion"},{"floor":24,"key":"AttackPotion"},{"floor":28,"key":"GamblersBrew"},{"floor":41,"key":"Dexterity Potion"},{"floor":42,"key":"PowerPotion"},{"floor":45,"key":"Poison Potion"}],"is_trial":false,"path_per_floor":["M","?","M","M","$","R","E","R","T","E","R","E","M","?","R","B",null,"M","?","$","?","M","E","M","E","T","R","M","E","R","M","R","B",null,"M","M","?","$","M","R","E","M","T","$","E","M","R","E","R","B",null],"character_chosen":"IRONCLAD","items_purchased":["Offering","Vajra","Shrug It Off","Flex","HandDrill","Ancient Tea Set","Uppercut+1","Flame Barrier","Evolve+1"],"campfire_rested":3,"item_purchase_floors":[5,20,20,38,38,38,38,38,44],"current_hp_per_floor":[71,76,77,82,82,82,66,66,66,66,66,66,68,68,68,70,81,83,65,65,72,69,53,55,36,36,63,62,64,64,66,66,52,82,84,62,92,92,80,80,48,50,50,50,9,11,38,38,65,11],"gold":164,"neow_bonus":"UPGRADE_CARD","is_prod":false,"is_daily":false,"chose_seed":false,"campfire_upgraded":7,"win_rate":0,"timestamp":1553108426,"path_taken":["M","?","M","M","$","R","E","R","T","E","R","E","M","?","R","BOSS","M","?","$","?","M","E","?","E","T","R","M","E","R","M","R","BOSS","M","?","?","?","M","R","E","M","T","?","E","M","R","E","R","BOSS"],"build_version":"2019-01-23","purchased_purges":2,"victory":true,"max_hp_per_floor":[80,85,85,85,85,85,85,85,85,85,85,85,85,85,85,85,85,85,85,85,92,92,92,92,92,92,92,92,92,92,92,92,92,92,92,92,92,92,92,92,92,92,92,92,92,92,92,92,92,92],"card_choices":[{"not_picked":["Whirlwind","Warcry"],"picked":"Pommel Strike","floor":1},{"not_picked":["Armaments","Sentinel"],"picked":"Whirlwind","floor":3},{"not_picked":["Entrench","Flex"],"picked":"Dropkick","floor":4},{"not_picked":["Body Slam","Shrug It Off"],"picked":"Limit Break","floor":7},{"not_picked":["Flex","Corruption"],"picked":"Dropkick","floor":10},{"not_picked":["Body Slam","Disarm"],"picked":"Flex","floor":12},{"not_picked":["Havoc","Cleave","Warcry"],"picked":"SKIP","floor":13},{"not_picked":["Demon Form","Juggernaut"],"picked":"Limit Break","floor":16},{"not_picked":["Blood for Blood+1","Searing Blow+1"],"picked":"Whirlwind+1","floor":18},{"not_picked":["Warcry","Body Slam+1","Wild Strike+1"],"picked":"SKIP","floor":22},{"not_picked":["Seeing Red","Perfected Strike+1"],"picked":"Dropkick+1","floor":23},{"not_picked":["Combust+1","Second Wind"],"picked":"Pummel+1","floor":24},{"not_picked":["Havoc+1","Clash+1"],"picked":"Ghostly Armor+1","floor":25},{"not_picked":["Entrench","Combust+1"],"picked":"Shrug It Off+1","floor":28},{"not_picked":["Rampage+1","Searing Blow+1"],"picked":"Combust+1","floor":29},{"not_picked":["Second Wind","Searing Blow+1"],"picked":"Spot Weakness+1","floor":31},{"not_picked":["Exhume","Bludgeon+1"],"picked":"Demon Form+1","floor":33},{"not_picked":["Clash+1","Rage"],"picked":"Havoc+1","floor":35},{"not_picked":["Clash+1","Rage","Cleave+1"],"picked":"SKIP","floor":36},{"not_picked":["Armaments","Pommel Strike+1"],"picked":"Shrug It Off+1","floor":39},{"not_picked":["Headbutt+1","Clash+1","Sentinel"],"picked":"SKIP","floor":41},{"not_picked":["Clothesline+1","Anger+1","Warcry"],"picked":"SKIP","floor":42},{"not_picked":["Armaments","Havoc+1"],"picked":"Heavy Blade+1","floor":45},{"not_picked":["Havoc+1","Sentinel+1","Whirlwind+1"],"picked":"SKIP","floor":46},{"not_picked":["Offering","Bloodletting+1","Whirlwind+1"],"picked":"SKIP","floor":48}],"player_experience":219134,"relics_obtained":[{"floor":7,"key":"Mercury Hourglass"},{"floor":9,"key":"Paper Frog"},{"floor":10,"key":"Oddly Smooth Stone"},{"floor":12,"key":"Blood Vial"},{"floor":19,"key":"Ginger"},{"floor":19,"key":"Frozen Egg 2"},{"floor":23,"key":"Bottled Lightning"},{"floor":25,"key":"Old Coin"},{"floor":26,"key":"Mummified Hand"},{"floor":29,"key":"Sundial"},{"floor":41,"key":"Omamori"},{"floor":43,"key":"Boot"},{"floor":45,"key":"Unceasing Top"},{"floor":48,"key":"MawBank"}],"event_choices":[{"damage_healed":0,"gold_gain":0,"player_choice":"Donut","damage_taken":0,"max_hp_gain":5,"max_hp_loss":0,"event_name":"Big Fish","floor":2,"gold_loss":0},{"damage_healed":0,"gold_gain":0,"player_choice":"Paid Gold","damage_taken":0,"relics_obtained":["Molten Egg 2"],"max_hp_gain":0,"max_hp_loss":0,"event_name":"WeMeetAgain","floor":14,"gold_loss":67},{"damage_healed":0,"gold_gain":0,"player_choice":"Fight","damage_taken":0,"max_hp_gain":0,"max_hp_loss":0,"event_name":"Colosseum","floor":19,"gold_loss":0},{"damage_healed":0,"gold_gain":0,"player_choice":"Fought Nobs","damage_taken":0,"max_hp_gain":0,"max_hp_loss":0,"event_name":"Colosseum","floor":19,"gold_loss":0},{"damage_healed":0,"gold_gain":0,"player_choice":"Opened","damage_taken":0,"relics_obtained":["Strawberry"],"max_hp_gain":0,"max_hp_loss":0,"event_name":"The Mausoleum","floor":21,"gold_loss":0},{"damage_healed":30,"gold_gain":0,"player_choice":"Full Heal","damage_taken":0,"max_hp_gain":0,"max_hp_loss":0,"event_name":"Wheel of Change","floor":37,"gold_loss":0}],"is_beta":false,"boss_relics":[{"not_picked":["Orrery","Ectoplasm"],"picked":"Velvet Choker"},{"not_picked":["Lizard Tail","Sozu"],"picked":"Astrolabe"}],"items_purged_floors":[20,38],"is_endless":false,"potions_floor_spawned":[1,7,12,16,18,19,24,28,33,41,42,45,46,48],"ascension_level":6}