{"gold_per_floor":[111,129,142,142,158,158,176,176,176,176,351,34,34,78,78,207,207,221,240,261,25,44,80,80,101,151,484,484,494,554,573,573,673,673,691,254,269,280,298,298,7,25,77,77,90,122,122,139,139,139],"floor_reached":51,"playtime":3870,"items_purged":["Doubt","Strike_G"],"score":1240,"play_id":"c75df7c7-6020-46f9-b368-d29d60fd5887","local_time":"20190515151419","is_ascension_mode":true,"campfire_choices":[{"data":"Noxious Fumes","floor":6.0,"key":"SMITH"},{"floor":8.0,"key":"REST"},{"data":"Neutralize","floor":13.0,"key":"SMITH"},{"floor":15.0,"key":"REST"},{"floor":24.0,"key":"REST"},{"floor":32.0,"key":"REST"},{"floor":44,"key":"REST"},{"floor":49,"key":"REST"}],"neow_cost":"NONE","seed_source_timestamp":0,"circlet_count":0,"master_deck":["AscendersBane","Defend_G","Defend_G","Defend_G","Defend_G","Defend_G","Strike_G","Strike_G","Strike_G","Strike_G","Survivor","Neutralize+1","Poisoned Stab","Noxious Fumes+1","Quick Slash","PiercingWail+1","Die Die Die","Apotheosis+1","Well Laid Plans+1","Dodge and Roll+1","After Image+1","Deflect+1","Backflip+1","Backflip+1","Envenom+1","Catalyst+1","Deadly Poison+1","Cloak And Dagger+1","Escape Plan+1","Deflect+1","Footwork+1","Night Terror+1","PiercingWail+1","Corpse Explosion+1","Panache+1","Prepared+1","Doppelganger+1","Catalyst+1","Noxious Fumes+1","Prepared+1","Cloak And Dagger+1","Acrobatics+1","Escape Plan+1","Panache+1","Blind+1","Mayhem+1","Bouncing Flask+1"],"special_seed":0,"relics":["Ring of the Snake","NeowsBlessing","Toxic Egg 2","Frozen Egg 2","Bloody Idol","Bottled Lightning","Philosopher\u0027s Stone","Happy Flower","Blood Vial","Old Coin","Tiny Chest","Lizard Tail","OrangePellets","Juzu Bracelet","Kunai"],"potions_floor_usage":[50],"damage_taken":[{"damage":0.0,"enemies":"Cultist","floor":1.0,"turns":1.0},{"damage":0.0,"enemies":"Small Slimes","floor":2.0,"turns":1.0},{"damage":0.0,"enemies":"2 Louse","floor":3.0,"turns":1.0},{"damage":11.0,"enemies":"Blue Slaver","floor":5.0,"turns":4.0},{"damage":19.0,"enemies":"Exordium Thugs","floor":7.0,"turns":5.0},{"damage":11.0,"enemies":"Gremlin Nob","floor":14.0,"turns":4.0},{"damage":5.0,"enemies":"The Guardian","floor":16.0,"turns":11.0},{"damage":5.0,"enemies":"Chosen","floor":18.0,"turns":4.0},{"damage":4.0,"enemies":"Shell Parasite","floor":19.0,"turns":6.0},{"damage":0.0,"enemies":"Centurion and Healer","floor":20.0,"turns":8.0},{"damage":1.0,"enemies":"Snake Plant","floor":22.0,"turns":6.0},{"damage":2.0,"enemies":"Gremlin Leader","floor":23.0,"turns":4.0},{"damage":0.0,"enemies":"3 Cultists","floor":25.0,"turns":5.0},{"damage":25.0,"enemies":"Slavers","floor":27.0,"turns":6.0},{"damage":4.0,"enemies":"Sentry and Sphere","floor":29.0,"turns":5.0},{"damage":0.0,"enemies":"Gremlin Leader","floor":30.0,"turns":5.0},{"damage":9.0,"enemies":"Snecko","floor":31.0,"turns":5.0},{"damage":15.0,"enemies":"Automaton","floor":33.0,"turns":10.0},{"damage":4.0,"enemies":"3 Darklings","floor":35.0,"turns":7.0},{"damage":0.0,"enemies":"Orb Walker","floor":37.0,"turns":5.0},{"damage":30.0,"enemies":"Sphere and 2 Shapes","floor":38.0,"turns":6.0},{"damage":22.0,"enemies":"Spire Growth","floor":39.0,"turns":6.0},{"damage":16,"enemies":"4 Shapes","floor":42,"turns":5},{"damage":9,"enemies":"3 Darklings","floor":45,"turns":3},{"damage":0,"enemies":"Giant Head","floor":46,"turns":8},{"damage":3,"enemies":"Transient","floor":48,"turns":5},{"damage":40,"enemies":"Time Eater","floor":50,"turns":11}],"seed_played":"7745865855699078499","potions_obtained":[{"floor":5.0,"key":"Strength Potion"},{"floor":14.0,"key":"Block Potion"},{"floor":16.0,"key":"PowerPotion"},{"floor":20.0,"key":"Block Potion"},{"floor":23.0,"key":"SkillPotion"},{"floor":25.0,"key":"GhostInAJar"},{"floor":33.0,"key":"AttackPotion"},{"floor":46,"key":"FairyPotion"}],"is_trial":false,"path_per_floor":["M","M","M","?","M","R","M","R","T","?","?","$","R","E","R","B",null,"M","M","M","$","M","E","R","M","T","E","?","M","E","M","R","B",null,"M","$","M","M","M","?","$","M","T","R","M","E","?","M","R","B",null],"character_chosen":"THE_SILENT","items_purchased":["Apotheosis+1","Well Laid Plans+1","Envenom+1","Catalyst+1","Corpse Explosion+1","Panache+1","Noxious Fumes+1","OrangePellets","Prepared+1"],"campfire_rested":6,"item_purchase_floors":[12,12,21,21,36,36,41,41,41],"current_hp_per_floor":[63,63,63,56,45,45,26,47,47,47,47,47,47,36,55,50,61,56,52,52,52,51,49,65,65,65,40,40,43,55,53,65,55,63,65,65,65,40,25,25,25,16,21,40,38,45,35,39,58,20],"gold":139,"neow_bonus":"THREE_ENEMY_KILL","is_prod":false,"is_daily":false,"chose_seed":false,"campfire_upgraded":2,"win_rate":0,"timestamp":1557947659,"path_taken":["M","M","M","?","M","R","M","R","T","?","?","$","R","E","R","BOSS","M","M","M","$","M","E","R","M","T","E","?","M","E","M","R","BOSS","M","$","M","M","M","?","$","M","T","R","M","E","?","M","R","BOSS"],"build_version":"2019-01-23","purchased_purges":2,"victory":true,"max_hp_per_floor":[70,70,70,70,70,70,70,70,70,65,65,65,65,65,65,65,65,65,65,65,65,65,65,65,65,65,65,65,65,65,65,65,65,65,65,65,65,65,65,65,65,65,65,65,65,65,65,65,65,65],"card_choices":[{"not_picked":["Backflip","Flying Knee"],"picked":"Poisoned Stab","floor":1.0},{"not_picked":["Bane","Deflect"],"picked":"Noxious Fumes","floor":2.0},{"not_picked":["Sucker Punch","Backstab"],"picked":"Quick Slash","floor":3.0},{"not_picked":["Backstab","Flying Knee"],"picked":"PiercingWail+1","floor":5.0},{"not_picked":["Dagger Spray","Bane"],"picked":"Die Die Die","floor":7.0},{"not_picked":["All Out Attack","Sucker Punch"],"picked":"Dodge and Roll+1","floor":14.0},{"not_picked":["Glass Knife","A Thousand Cuts+1"],"picked":"After Image+1","floor":16.0},{"not_picked":["Tactician+1","Reflex+1"],"picked":"Deflect+1","floor":18.0},{"not_picked":["Dagger Throw","Riddle With Holes"],"picked":"Backflip+1","floor":19.0},{"not_picked":["Prepared+1","Choke"],"picked":"Backflip+1","floor":20.0},{"not_picked":["Well Laid Plans+1","Acrobatics+1"],"picked":"Deadly Poison+1","floor":22.0},{"not_picked":["Dagger Throw","Blade Dance+1"],"picked":"Cloak And Dagger+1","floor":23.0},{"not_picked":["Deadly Poison+1","Outmaneuver+1"],"picked":"Escape Plan+1","floor":25.0},{"not_picked":["Flying Knee","Poisoned Stab"],"picked":"Deflect+1","floor":27.0},{"not_picked":["Underhanded Strike+1","Slice","Dodge and Roll+1"],"picked":"SKIP","floor":29.0},{"not_picked":["Underhanded Strike","Blade Dance+1","Sucker Punch+1"],"picked":"SKIP","floor":30.0},{"not_picked":["Cloak And Dagger+1","Leg Sweep+1"],"picked":"Footwork+1","floor":31.0},{"not_picked":["Doppelganger+1","Tools of the Trade+1"],"picked":"Night Terror+1","floor":33.0},{"not_picked":["Bane","Dagger Spray"],"picked":"PiercingWail+1","floor":35.0},{"not_picked":["Dagger Spray","Underhanded Strike+1"],"picked":"Prepared+1","floor":37.0},{"not_picked":["Bane+1","Underhanded Strike+1"],"picked":"Doppelganger+1","floor":38.0},{"not_picked":["Dodge and Roll+1","Dagger Spray+1"],"picked":"Catalyst+1","floor":39.0},{"not_picked":["Dodge and Roll+1","Dash"],"picked":"Cloak And Dagger+1","floor":42},{"not_picked":["Reflex+1","Dagger Throw"],"picked":"Acrobatics+1","floor":45},{"not_picked":["Predator","Skewer"],"picked":"Escape Plan+1","floor":46},{"not_picked":["Purity+1","Flash of Steel"],"picked":"Panache+1","floor":47},{"not_picked":["Thinking Ahead+1","Flash of Steel"],"picked":"Blind+1","floor":47},{"not_picked":["Magnetism+1","Good Instincts+1"],"picked":"Mayhem+1","floor":47},{"not_picked":["Acrobatics+1","Prepared+1"],"picked":"Bouncing Flask+1","floor":48}],"player_experience":368512,"relics_obtained":[{"floor":9.0,"key":"Frozen Egg 2"},{"floor":14.0,"key":"Bottled Lightning"},{"floor":23.0,"key":"Happy Flower"},{"floor":26.0,"key":"Blood Vial"},{"floor":27.0,"key":"Old Coin"},{"floor":30.0,"key":"Tiny Chest"},{"floor":43,"key":"Juzu Bracelet"},{"floor":46,"key":"Kunai"}],"event_choices":[{"damage_healed":0.0,"max_hp_gain":0.0,"max_hp_loss":0.0,"gold_gain":0.0,"event_name":"Scrap Ooze","player_choice":"Success","floor":4.0,"gold_loss":0.0,"damage_taken":7.0,"relics_obtained":["Toxic Egg 2"]},{"damage_healed":0.0,"max_hp_gain":0.0,"max_hp_loss":5.0,"gold_gain":0.0,"event_name":"Golden Idol","player_choice":"Lose Max HP","floor":10.0,"gold_loss":0.0,"damage_taken":0.0,"relics_obtained":["Golden Idol"]},{"damage_healed":0.0,"max_hp_gain":0.0,"max_hp_loss":0.0,"gold_gain":175.0,"event_name":"Liars Game","player_choice":"AGREE","floor":11.0,"gold_loss":0.0,"damage_taken":0.0,"cards_obtained":["Doubt"]},{"damage_healed":0.0,"max_hp_gain":0.0,"max_hp_loss":0.0,"gold_gain":0.0,"event_name":"Forgotten Altar","player_choice":"Gave Idol","floor":28.0,"relics_lost":["Golden Idol"],"gold_loss":0.0,"damage_taken":0.0,"relics_obtained":["Bloody Idol"]},{"damage_healed":0,"gold_gain":0,"player_choice":"Ignored","damage_taken":0,"max_hp_gain":0,"max_hp_loss":0,"event_name":"Mysterious Sphere","floor":40,"gold_loss":0},{"damage_healed":0,"gold_gain":0,"player_choice":"Memory 3","damage_taken":10,"max_hp_gain":0,"max_hp_loss":0,"event_name":"SensoryStone","floor":47,"gold_loss":0}],"is_beta":false,"boss_relics":[{"not_picked":["Coffee Dripper","Cursed Key"],"picked":"Philosopher\u0027s Stone"},{"not_picked":["Calling Bell","Velvet Choker"],"picked":"Lizard Tail"}],"items_purged_floors":[12,36],"is_endless":false,"potions_floor_spawned":[5,14,16,20,23,25,29,33,38,39,46],"ascension_level":11}