{"gold_per_floor":[111,38,87,12,23,48,48,58,58,58,75,75,109,124,124,223,223,235,235,247,147,165,165,195,220,265,283,283,373,393,187,187,291,291,305,16,16,16,32,32,43,43,88,88,188,215,215,232,232,232,232,232,76,102,102],"floor_reached":56,"playtime":2016,"items_purged":["Defend_R","Fire Breathing","Fire Breathing","Blood for Blood"],"score":1323,"play_id":"60c28fac-efb7-4c76-a8ea-aef7802e4f70","local_time":"20190412223033","is_ascension_mode":false,"campfire_choices":[{"data":"Armaments","floor":7.0,"key":"SMITH"},{"data":"Wild Strike","floor":15.0,"key":"SMITH"},{"data":"Power Through","floor":23.0,"key":"SMITH"},{"data":"Second Wind","floor":28.0,"key":"SMITH"},{"data":"Evolve","floor":32.0,"key":"SMITH"},{"data":"Flame Barrier","floor":40.0,"key":"SMITH"},{"floor":42.0,"key":"RECALL"},{"data":"Double Tap","floor":47.0,"key":"SMITH"},{"data":"Sentinel","floor":49.0,"key":"SMITH"},{"data":"Uppercut","floor":52.0,"key":"SMITH"}],"neow_cost":"NONE","seed_source_timestamp":985296380365,"circlet_count":0,"master_deck":["Bash","Uppercut+1","Evolve+1","Armaments+1","Wild Strike+1","Flame Barrier+1","Anger","Second Wind+1","Double Tap+1","Sentinel+1","Power Through+1","Carnage","Seeing Red+1","Havoc+1","Body Slam+1","Flash of Steel","Offering","Offering"],"special_seed":0,"relics":["Burning Blood","NeowsBlessing","Red Skull","Dodecahedron","Ice Cream","Letter Opener","Pandora\u0027s Box","Self Forming Clay","Red Mask","Coffee Dripper","Bag of Preparation","Unceasing Top","Orichalcum","Bronze Scales","Torii"],"potions_floor_usage":[55,55,55,55,55,55],"damage_taken":[{"damage":0.0,"enemies":"Cultist","floor":1.0,"turns":1.0},{"damage":0.0,"enemies":"Jaw Worm","floor":5.0,"turns":1.0},{"damage":0.0,"enemies":"3 Sentries","floor":6.0,"turns":2.0},{"damage":0.0,"enemies":"2 Louse","floor":8.0,"turns":2.0},{"damage":3.0,"enemies":"2 Fungi Beasts","floor":11.0,"turns":3.0},{"damage":0.0,"enemies":"Lagavulin","floor":13.0,"turns":3.0},{"damage":14.0,"enemies":"Exordium Thugs","floor":14.0,"turns":6.0},{"damage":23.0,"enemies":"Slime Boss","floor":16.0,"turns":6.0},{"damage":7.0,"enemies":"Chosen","floor":18.0,"turns":7.0},{"damage":0.0,"enemies":"3 Byrds","floor":20.0,"turns":4.0},{"damage":10.0,"enemies":"Snake Plant","floor":22.0,"turns":4.0},{"damage":7.0,"enemies":"Book of Stabbing","floor":24.0,"turns":7.0},{"damage":17.0,"enemies":"Masked Bandits","floor":25.0,"turns":6.0},{"damage":15.0,"enemies":"Snecko","floor":27.0,"turns":4.0},{"damage":9.0,"enemies":"Centurion and Healer","floor":30.0,"turns":5.0},{"damage":38.0,"enemies":"Collector","floor":33.0,"turns":9.0},{"damage":11.0,"enemies":"3 Darklings","floor":35.0,"turns":3.0},{"damage":6.0,"enemies":"Orb Walker","floor":39.0,"turns":1.0},{"damage":6.0,"enemies":"Transient","floor":41.0,"turns":5.0},{"damage":12.0,"enemies":"Mind Bloom Boss Battle","floor":45.0,"turns":4.0},{"damage":12.0,"enemies":"Writhing Mass","floor":48.0,"turns":2.0},{"damage":31.0,"enemies":"Awakened One","floor":50.0,"turns":6.0},{"damage":6.0,"enemies":"Shield and Spear","floor":54.0,"turns":3.0},{"damage":12,"enemies":"The Heart","floor":55,"turns":6}],"seed_played":"-6633514571025432475","potions_obtained":[{"floor":8.0,"key":"Dexterity Potion"},{"floor":11.0,"key":"EssenceOfSteel"},{"floor":13.0,"key":"Explosive Potion"},{"floor":27.0,"key":"SkillPotion"},{"floor":33.0,"key":"EntropicBrew"},{"floor":39.0,"key":"PowerPotion"},{"floor":54.0,"key":"GamblersBrew"}],"is_trial":false,"path_per_floor":["M","$","T","$","M","E","R","M","T","?","M","?","E","M","R","B",null,"M","?","M","$","M","R","E","?","T","M","R","?","M","$","R","B",null,"M","$","?","?","M","R","M","R","T","$","?","T","R","M","R","B",null,"R","$","E","B",null],"character_chosen":"IRONCLAD","items_purchased":["Evolve","Flash of Steel","Offering","Bronze Scales"],"campfire_rested":0,"item_purchase_floors":[2,31,36,53],"current_hp_per_floor":[80,80,80,80,80,80,80,80,80,80,80,85,85,77,77,60,85,84,76,85,85,84,84,83,72,72,66,66,48,48,48,48,16,97,95,95,95,95,95,95,95,95,95,95,89,89,89,83,83,58,95,95,95,95,89],"gold":102,"neow_bonus":"THREE_ENEMY_KILL","is_prod":false,"is_daily":false,"chose_seed":false,"campfire_upgraded":9,"win_rate":0,"timestamp":1555075833,"path_taken":["M","$","?","$","M","E","R","M","T","?","?","?","E","M","R","BOSS","M","?","M","$","?","R","E","?","T","M","R","?","M","$","R","BOSS","M","$","?","?","M","R","M","R","T","$","?","?","R","M","R","BOSS","R","$","E","BOSS"],"build_version":"2019-01-23","purchased_purges":4,"victory":true,"max_hp_per_floor":[80,80,80,80,80,80,80,80,80,80,80,85,85,85,85,85,85,85,85,88,88,91,91,91,91,91,94,94,94,97,97,97,97,97,100,100,95,95,95,95,95,95,95,95,95,95,95,95,95,95,95,95,95,95,95],"card_choices":[{"not_picked":["Cleave","Sword Boomerang"],"picked":"Uppercut","floor":1.0},{"not_picked":["Heavy Blade","True Grit"],"picked":"Armaments","floor":5.0},{"not_picked":["Heavy Blade","Clothesline"],"picked":"Wild Strike","floor":6.0},{"not_picked":["Clothesline","Shrug It Off","Armaments"],"picked":"SKIP","floor":8.0},{"not_picked":["Havoc","Flex","Sever Soul"],"picked":"SKIP","floor":11.0},{"not_picked":["Body Slam","Rage"],"picked":"Flame Barrier","floor":13.0},{"not_picked":["Cleave","Bloodletting"],"picked":"Anger","floor":14.0},{"not_picked":["Berserk","Bludgeon"],"picked":"Feed","floor":16.0},{"not_picked":["Thunderclap","Pummel"],"picked":"Seeing Red+1","floor":18.0},{"not_picked":["Disarm","Combust+1","Twin Strike"],"picked":"SKIP","floor":20.0},{"not_picked":["Headbutt","Shrug It Off","Rage"],"picked":"SKIP","floor":22.0},{"not_picked":["Flex","Anger","Double Tap"],"picked":"SKIP","floor":24.0},{"not_picked":["Combust+1","Clash"],"picked":"Havoc+1","floor":27.0},{"not_picked":["Sword Boomerang+1","Flame Barrier+1"],"picked":"Body Slam+1","floor":30.0},{"not_picked":["Feed","Brutality"],"picked":"Offering","floor":33.0},{"not_picked":["Infernal Blade","Anger","Fire Breathing+1"],"picked":"SKIP","floor":35.0},{"not_picked":["Heavy Blade","Hemokinesis","Armaments+1"],"picked":"SKIP","floor":39.0},{"not_picked":["Sever Soul+1","Iron Wave","Twin Strike+1"],"picked":"SKIP","floor":41.0},{"not_picked":["Evolve","Ghostly Armor","Shrug It Off+1"],"picked":"SKIP","floor":48.0},{"not_picked":["Pommel Strike","Perfected Strike","Pummel+1"],"picked":"SKIP","floor":54.0}],"player_experience":383234,"relics_obtained":[{"floor":3.0,"key":"Red Skull"},{"floor":6.0,"key":"Dodecahedron"},{"floor":9.0,"key":"Ice Cream"},{"floor":13.0,"key":"Letter Opener"},{"floor":24.0,"key":"Self Forming Clay"},{"floor":25.0,"key":"Red Mask"},{"floor":43.0,"key":"Bag of Preparation"},{"floor":45.0,"key":"Unceasing Top"},{"floor":46.0,"key":"Orichalcum"},{"floor":54.0,"key":"Torii"}],"event_choices":[{"damage_healed":0.0,"max_hp_gain":0.0,"max_hp_loss":0.0,"gold_gain":0.0,"event_name":"The Woman in Blue","player_choice":"Bought 0 Potions","floor":10.0,"gold_loss":0.0,"damage_taken":0.0},{"damage_healed":0.0,"max_hp_gain":5.0,"max_hp_loss":0.0,"gold_gain":0.0,"event_name":"Big Fish","player_choice":"Donut","floor":12.0,"gold_loss":0.0,"damage_taken":0.0},{"damage_healed":0.0,"max_hp_gain":0.0,"max_hp_loss":0.0,"gold_gain":0.0,"event_name":"Wheel of Change","player_choice":"Damaged","floor":19.0,"gold_loss":0.0,"damage_taken":8.0},{"damage_healed":0.0,"max_hp_gain":0.0,"max_hp_loss":0.0,"gold_gain":0.0,"event_name":"Masked Bandits","player_choice":"Fought Bandits","floor":25.0,"gold_loss":0.0,"damage_taken":0.0},{"damage_healed":0.0,"max_hp_gain":0.0,"max_hp_loss":0.0,"gold_gain":90.0,"event_name":"Knowing Skull","player_choice":"GOLD ","floor":29.0,"potions_obtained":[],"gold_loss":0.0,"damage_taken":18.0,"cards_obtained":[]},{"damage_healed":0.0,"max_hp_gain":0.0,"max_hp_loss":5.0,"gold_gain":0.0,"event_name":"Winding Halls","player_choice":"Max HP","floor":37.0,"gold_loss":0.0,"damage_taken":0.0},{"cards_removed":["Feed"],"damage_healed":0.0,"max_hp_gain":0.0,"max_hp_loss":0.0,"gold_gain":0.0,"event_name":"Falling","player_choice":"Removed Attack","floor":38.0,"gold_loss":0.0,"damage_taken":0.0},{"damage_healed":0.0,"max_hp_gain":0.0,"max_hp_loss":0.0,"gold_gain":0.0,"event_name":"MindBloom","player_choice":"Fight","floor":45.0,"gold_loss":0.0,"damage_taken":0.0}],"is_beta":false,"boss_relics":[{"not_picked":["Empty Cage","Orrery"],"picked":"Pandora\u0027s Box"},{"not_picked":["Fusion Hammer","White Beast Statue"],"picked":"Coffee Dripper"}],"items_purged_floors":[4,21,31,36],"is_endless":false,"potions_floor_spawned":[8,11,13,18,20,27,33,39,48,54],"ascension_level":0}