{"gold_per_floor":[111,111,128,141,141,141,176,176,231,243,243,568,568,594,594,692,692,705,716,37,47,59,59,59],"floor_reached":24,"playtime":2149,"items_purged":[],"score":292,"play_id":"209004e4-1519-459e-838f-135def22f81a","local_time":"20190320234812","is_ascension_mode":true,"campfire_choices":[{"floor":6,"key":"REST"},{"data":"Hologram","floor":8,"key":"SMITH"},{"floor":13,"key":"REST"},{"data":"Creative AI","floor":15,"key":"SMITH"},{"floor":23,"key":"REST"}],"neow_cost":"NONE","seed_source_timestamp":2008252731085941,"circlet_count":0,"master_deck":["Strike_B","Strike_B","Strike_B+1","Defend_B","Defend_B","Defend_B","Defend_B","Zap+1","Dualcast","Cold Snap","Undo+1","Core Surge","Hologram+1","Redo","Hello World","Creative AI+1","Meteor Strike","Doom and Gloom","Compile Driver","Self Repair","Mayhem","Steam","Auto Shields+1","Defragment+1"],"relics":["Cracked Core","Lantern","Omamori","Bag of Preparation","Old Coin","Mercury Hourglass","Fusion Hammer","Bag of Marbles","Gremlin Horn"],"potions_floor_usage":[7,14,16,19],"damage_taken":[{"damage":3,"enemies":"2 Louse","floor":1,"turns":3},{"damage":11,"enemies":"Small Slimes","floor":3,"turns":3},{"damage":7,"enemies":"Jaw Worm","floor":4,"turns":2},{"damage":16,"enemies":"Lagavulin","floor":7,"turns":6},{"damage":0,"enemies":"Large Slime","floor":10,"turns":5},{"damage":3,"enemies":"3 Sentries","floor":12,"turns":6},{"damage":4,"enemies":"Gremlin Nob","floor":14,"turns":5},{"damage":12,"enemies":"The Guardian","floor":16,"turns":8},{"damage":21,"enemies":"Spheric Guardian","floor":18,"turns":4},{"damage":16,"enemies":"Shell Parasite","floor":19,"turns":6},{"damage":10,"enemies":"Cultist and Chosen","floor":21,"turns":6},{"damage":14,"enemies":"Snake Plant","floor":22,"turns":4},{"damage":41,"enemies":"Slavers","floor":24,"turns":3}],"seed_played":"6890442293149555942","potions_obtained":[{"floor":3,"key":"Block Potion"},{"floor":4,"key":"Weak Potion"},{"floor":14,"key":"Weak Potion"},{"floor":18,"key":"Weak Potion"},{"floor":19,"key":"SteroidPotion"}],"is_trial":false,"path_per_floor":["M","?","M","M","?","R","E","R","T","M","?","E","R","E","R","B",null,"M","M","$","M","M","R","E"],"character_chosen":"DEFECT","items_purchased":["Bag of Marbles","Self Repair","Mayhem","Steam","Gremlin Horn"],"campfire_rested":3,"item_purchase_floors":[20,20,20,20,20],"current_hp_per_floor":[65,53,42,35,35,57,41,41,41,41,26,23,45,41,41,29,64,43,27,27,24,17,39,0],"gold":59,"neow_bonus":"UPGRADE_CARD","is_prod":false,"is_daily":false,"chose_seed":false,"campfire_upgraded":2,"win_rate":0,"timestamp":1553140092,"path_taken":["M","?","M","M","?","R","E","R","T","M","?","E","R","E","R","BOSS","M","M","$","M","M","R","E"],"build_version":"2019-01-23","purchased_purges":0,"victory":false,"max_hp_per_floor":[75,75,75,75,75,75,75,75,75,75,75,75,75,75,75,75,75,75,75,75,75,75,75,75],"card_choices":[{"not_picked":["Stack","Turbo","Barrage"],"picked":"SKIP","floor":1},{"not_picked":["Blizzard","Barrage"],"picked":"Cold Snap","floor":3},{"not_picked":["Turbo","Barrage"],"picked":"Undo","floor":4},{"not_picked":["Melter","Redo"],"picked":"Hologram","floor":7},{"not_picked":["Heatsinks","Hologram"],"picked":"Redo","floor":10},{"not_picked":["Stack","Barrage"],"picked":"Hello World","floor":12},{"not_picked":["Coolheaded","Barrage"],"picked":"Creative AI","floor":14},{"not_picked":["Reboot","Multi-Cast"],"picked":"Meteor Strike","floor":16},{"not_picked":["Hello World","FTL"],"picked":"Doom and Gloom","floor":18},{"not_picked":["Undo","Turbo+1"],"picked":"Compile Driver","floor":19},{"not_picked":["Cold Snap","Scrape"],"picked":"Auto Shields+1","floor":21},{"not_picked":["White Noise+1","Turbo"],"picked":"Defragment+1","floor":22}],"player_experience":228119,"relics_obtained":[{"floor":7,"key":"Omamori"},{"floor":9,"key":"Bag of Preparation"},{"floor":12,"key":"Old Coin"},{"floor":14,"key":"Mercury Hourglass"}],"event_choices":[{"damage_healed":0,"gold_gain":0,"player_choice":"Success","damage_taken":12,"relics_obtained":["Lantern"],"max_hp_gain":0,"max_hp_loss":0,"event_name":"Scrap Ooze","floor":2,"gold_loss":0},{"damage_healed":0,"gold_gain":0,"cards_transformed":["Strike_B"],"player_choice":"Change","damage_taken":0,"max_hp_gain":0,"max_hp_loss":0,"event_name":"Living Wall","floor":5,"gold_loss":0,"cards_obtained":["Core Surge"]},{"damage_healed":0,"gold_gain":0,"player_choice":"Entered Light","damage_taken":15,"max_hp_gain":0,"max_hp_loss":0,"event_name":"Shining Light","floor":11,"gold_loss":0,"cards_upgraded":["Undo","Strike_B"]}],"is_beta":false,"boss_relics":[{"not_picked":["Orrery","Astrolabe"],"picked":"Fusion Hammer"}],"items_purged_floors":[],"is_endless":false,"potions_floor_spawned":[3,4,14,18,19],"killed_by":"Slavers","ascension_level":7}