{"gold_per_floor":[116,116,127,127,143,143,68,82,107,119,119,136,136,149,149,250,250,261,278,28,28,28,60,77,77,131,149,166,181,181,200,200,296,296,312,328,228,239,258,284,298,298,298,314,314,364,364,364,364,364],"floor_reached":50,"playtime":5469,"items_purged":["Strike_B","Defend_B"],"score":588,"play_id":"3cc6ecc8-99f7-4de7-8655-fac2d774d9cc","local_time":"20190501145154","is_ascension_mode":true,"campfire_choices":[{"data":"Streamline","floor":6,"key":"SMITH"},{"data":"Buffer","floor":15,"key":"SMITH"},{"floor":25,"key":"REST"},{"data":"Redo","floor":30,"key":"SMITH"},{"data":"BootSequence","floor":32,"key":"SMITH"},{"data":"Echo Form","floor":42,"key":"SMITH"},{"data":"Mind Blast","floor":49,"key":"SMITH"}],"neow_cost":"NONE","seed_source_timestamp":106937652192940,"circlet_count":0,"master_deck":["Strike_B","Strike_B","Strike_B","Defend_B","Defend_B","Defend_B","Zap+1","Dualcast","Self Repair","Redo+1","Streamline+1","Bandage Up","Buffer+1","Gash","Go for the Eyes","Beam Cell","Amplify","Gash","Go for the Eyes+1","Beam Cell","Steam+1","Self Repair","BootSequence+1","Beam Cell+1","Echo Form+1","Creative AI","Impatience","Dramatic Entrance","Mind Blast+1","Madness","Madness"],"relics":["Cracked Core","Centennial Puzzle","Mercury Hourglass","Nuclear Battery","Symbiotic Virus","Nloth\u0027s Gift","DataDisk","Oddly Smooth Stone","Runic Pyramid","Matryoshka","Lantern","Ornamental Fan","Pocketwatch"],"potions_floor_usage":[12,24,24,33,33,44,50,50],"damage_taken":[{"damage":3,"enemies":"Jaw Worm","floor":1,"turns":4},{"damage":0,"enemies":"Small Slimes","floor":3,"turns":3},{"damage":0,"enemies":"Cultist","floor":5,"turns":5},{"damage":13,"enemies":"Blue Slaver","floor":8,"turns":4},{"damage":7,"enemies":"Exordium Wildlife","floor":10,"turns":4},{"damage":9,"enemies":"Lots of Slimes","floor":12,"turns":3},{"damage":12,"enemies":"Large Slime","floor":14,"turns":4},{"damage":4,"enemies":"Slime Boss","floor":16,"turns":8},{"damage":21,"enemies":"3 Byrds","floor":18,"turns":5},{"damage":11,"enemies":"Spheric Guardian","floor":19,"turns":4},{"damage":46,"enemies":"Book of Stabbing","floor":23,"turns":6},{"damage":14,"enemies":"Centurion and Healer","floor":24,"turns":5},{"damage":5,"enemies":"Sentry and Sphere","floor":27,"turns":6},{"damage":7,"enemies":"Shelled Parasite and Fungi","floor":28,"turns":5},{"damage":20,"enemies":"Snake Plant","floor":29,"turns":3},{"damage":5,"enemies":"Centurion and Healer","floor":31,"turns":6},{"damage":28,"enemies":"Automaton","floor":33,"turns":11},{"damage":10,"enemies":"3 Shapes","floor":35,"turns":5},{"damage":0,"enemies":"Orb Walker","floor":36,"turns":3},{"damage":7,"enemies":"Transient","floor":38,"turns":5},{"damage":0,"enemies":"Maw","floor":39,"turns":8},{"damage":41,"enemies":"Nemesis","floor":40,"turns":7},{"damage":18,"enemies":"3 Darklings","floor":41,"turns":4},{"damage":2,"enemies":"Transient","floor":44,"turns":5},{"damage":22,"enemies":"2 Orb Walkers","floor":46,"turns":5},{"damage":75,"enemies":"Time Eater","floor":50,"turns":7}],"seed_played":"-1905672857395914775","potions_obtained":[{"floor":5,"key":"Regen Potion"},{"floor":8,"key":"Weak Potion"},{"floor":10,"key":"LiquidBronze"},{"floor":12,"key":"SpeedPotion"},{"floor":19,"key":"Explosive Potion"},{"floor":28,"key":"PowerPotion"},{"floor":29,"key":"Energy Potion"},{"floor":31,"key":"Energy Potion"},{"floor":36,"key":"EssenceOfSteel"},{"floor":46,"key":"GamblersBrew"}],"is_trial":false,"path_per_floor":["M","?","M","?","M","R","$","M","T","M","?","M","T","M","R","B",null,"M","M","$","?","?","E","M","R","T","M","M","M","R","M","R","B",null,"M","M","$","M","M","E","M","R","T","M","?","?","?","?","R","B"],"character_chosen":"DEFECT","items_purchased":["Symbiotic Virus"],"campfire_rested":1,"item_purchase_floors":[20],"current_hp_per_floor":[72,72,75,75,75,75,75,69,69,73,73,75,75,70,70,75,75,72,75,75,75,75,40,51,73,73,75,75,73,73,75,75,72,75,75,75,75,75,75,48,55,55,55,75,65,75,66,66,66,0],"gold":364,"neow_bonus":"RANDOM_COMMON_RELIC","is_prod":false,"is_daily":false,"chose_seed":false,"campfire_upgraded":6,"win_rate":0,"timestamp":1556747514,"path_taken":["M","?","M","?","M","R","$","M","T","?","?","M","?","M","R","BOSS","M","M","$","?","?","E","?","R","T","M","M","M","R","M","R","BOSS","M","M","$","M","M","E","M","R","T","M","?","?","?","?","R","BOSS"],"build_version":"2019-01-23","purchased_purges":2,"victory":false,"max_hp_per_floor":[75,75,75,75,75,75,75,75,75,75,75,75,75,75,75,75,75,75,75,75,75,75,75,75,75,75,75,75,75,75,75,75,75,75,75,75,75,75,75,75,75,75,75,75,75,75,75,75,75,75],"card_choices":[{"not_picked":["Streamline","Static Discharge"],"picked":"Self Repair","floor":1},{"not_picked":["Coolheaded","Recycle"],"picked":"Redo","floor":3},{"not_picked":["Steam Power","Steam","Coolheaded"],"picked":"SKIP","floor":5},{"not_picked":["Redo","Barrage"],"picked":"Gash","floor":8},{"not_picked":["Streamline","Hello World"],"picked":"Go for the Eyes","floor":10},{"not_picked":["Electrodynamics","Doom and Gloom"],"picked":"Beam Cell","floor":12},{"not_picked":["Undo","Stack","Sweeping Beam"],"picked":"SKIP","floor":14},{"not_picked":["Biased Cognition","Meteor Strike"],"picked":"Amplify","floor":16},{"not_picked":["Sunder","Sweeping Beam"],"picked":"Gash","floor":18},{"not_picked":["Rebound","Chill"],"picked":"Go for the Eyes+1","floor":19},{"not_picked":["Sweeping Beam","Turbo","Glacier+1"],"picked":"SKIP","floor":23},{"not_picked":["Lockon+1","Cold Snap+1"],"picked":"Beam Cell","floor":24},{"not_picked":["Reboot","Cold Snap"],"picked":"Steam+1","floor":27},{"not_picked":["Barrage","Leap","Sweeping Beam+1"],"picked":"SKIP","floor":28},{"not_picked":["Conserve Battery+1","Turbo"],"picked":"Self Repair","floor":29},{"not_picked":["Steam","Cold Snap"],"picked":"BootSequence","floor":31},{"not_picked":["Rebound+1","Streamline+1","Go for the Eyes"],"picked":"SKIP","floor":35},{"not_picked":["Darkness+1","Turbo+1"],"picked":"Beam Cell+1","floor":36},{"not_picked":["Hologram","Stack","Loop"],"picked":"SKIP","floor":38},{"not_picked":["Stack+1","Sunder","Conserve Battery+1"],"picked":"SKIP","floor":39},{"not_picked":["Go for the Eyes+1","Buffer"],"picked":"Echo Form","floor":40},{"not_picked":["Coolheaded","Steam Power"],"picked":"Creative AI","floor":41},{"not_picked":["Redo","Doom and Gloom","Compile Driver"],"picked":"SKIP","floor":44},{"not_picked":["Blind","Bandage Up"],"picked":"Impatience","floor":45},{"not_picked":["Dark Shackles","Madness"],"picked":"Dramatic Entrance","floor":45},{"not_picked":["HandOfGreed","Panacea"],"picked":"Mind Blast","floor":45}],"player_experience":204606,"relics_obtained":[{"floor":9,"key":"Potion Belt"},{"floor":13,"key":"Mercury Hourglass"},{"floor":23,"key":"DataDisk"},{"floor":26,"key":"Oddly Smooth Stone"},{"floor":40,"key":"Matryoshka"},{"floor":43,"key":"Lantern"},{"floor":43,"key":"Ornamental Fan"},{"floor":46,"key":"Pocketwatch"}],"event_choices":[{"damage_healed":0,"gold_gain":0,"player_choice":"Grow","damage_taken":0,"max_hp_gain":0,"max_hp_loss":0,"event_name":"Living Wall","floor":2,"gold_loss":0,"cards_upgraded":["Zap"]},{"damage_healed":0,"gold_gain":0,"player_choice":"3 cards matched","damage_taken":0,"max_hp_gain":0,"max_hp_loss":0,"event_name":"Match and Keep!","floor":4,"gold_loss":0,"cards_obtained":["Streamline","Bandage Up","Buffer"]},{"damage_healed":0,"gold_gain":0,"player_choice":"Ignored","damage_taken":0,"max_hp_gain":0,"max_hp_loss":0,"event_name":"Liars Game","floor":11,"gold_loss":0},{"damage_healed":0,"gold_gain":0,"player_choice":"Ignored","damage_taken":0,"max_hp_gain":0,"max_hp_loss":0,"event_name":"Ghosts","floor":21,"gold_loss":0},{"damage_healed":0,"gold_gain":0,"player_choice":"Traded Relic","damage_taken":0,"relics_obtained":["Nloth\u0027s Gift"],"max_hp_gain":0,"max_hp_loss":0,"event_name":"N\u0027loth","floor":22,"relics_lost":["Potion Belt"],"gold_loss":0},{"damage_healed":0,"gold_gain":0,"player_choice":"Memory 3","damage_taken":10,"max_hp_gain":0,"max_hp_loss":0,"event_name":"SensoryStone","floor":45,"gold_loss":0},{"damage_healed":0,"gold_gain":0,"player_choice":"Fight","damage_taken":0,"max_hp_gain":0,"max_hp_loss":0,"event_name":"Mysterious Sphere","floor":46,"gold_loss":0},{"damage_healed":0,"gold_gain":0,"player_choice":"Embrace Madness","damage_taken":9,"max_hp_gain":0,"max_hp_loss":0,"event_name":"Winding Halls","floor":47,"gold_loss":0,"cards_obtained":["Madness","Madness"]},{"damage_healed":0,"gold_gain":0,"player_choice":"Ignored","damage_taken":0,"max_hp_gain":0,"max_hp_loss":0,"event_name":"Tomb of Lord Red Mask","floor":48,"gold_loss":0}],"is_beta":false,"boss_relics":[{"not_picked":["Eternal Feather","Busted Crown"],"picked":"Nuclear Battery"},{"not_picked":["Tiny House","Philosopher\u0027s Stone"],"picked":"Runic Pyramid"}],"items_purged_floors":[7,37],"is_endless":false,"potions_floor_spawned":[5,8,10,12,19,28,29,31,36,46],"killed_by":"Time Eater","ascension_level":4}