{"gold_per_floor":[111,186,203,222,237,264,264,280,280,280],"floor_reached":10,"playtime":404,"items_purged":[],"score":70,"play_id":"a832829e-5379-4ee8-a69e-0b9b0d963067","local_time":"20190319175413","is_ascension_mode":false,"campfire_choices":[{"floor":7,"key":"RECALL"}],"neow_cost":"NONE","seed_source_timestamp":506290725915850,"circlet_count":0,"master_deck":["Defend_G","Defend_G","Defend_G","Defend_G","Defend_G","Strike_G","Strike_G","Strike_G","Strike_G","Strike_G","Survivor","Neutralize","Flying Knee","Dash","Deadly Poison","Well Laid Plans"],"relics":["Coffee Dripper","Omamori"],"potions_floor_usage":[6],"damage_taken":[{"damage":0,"enemies":"Cultist","floor":1,"turns":5},{"damage":0,"enemies":"Small Slimes","floor":3,"turns":4},{"damage":0,"enemies":"2 Louse","floor":4,"turns":4},{"damage":0,"enemies":"2 Fungi Beasts","floor":5,"turns":4},{"damage":5,"enemies":"3 Sentries","floor":6,"turns":12},{"damage":7,"enemies":"Blue Slaver","floor":8,"turns":3}],"seed_played":"8316705259987942675","potions_obtained":[{"floor":4,"key":"Fruit Juice"},{"floor":5,"key":"FearPotion"},{"floor":6,"key":"Regen Potion"},{"floor":8,"key":"EssenceOfSteel"}],"is_trial":false,"path_per_floor":["M","?","M","M","M","E","R","M","T","?"],"character_chosen":"THE_SILENT","items_purchased":[],"campfire_rested":0,"item_purchase_floors":[],"current_hp_per_floor":[70,59,59,59,59,59,59,52,52,52],"gold":280,"neow_bonus":"BOSS_RELIC","is_prod":false,"is_daily":false,"chose_seed":false,"campfire_upgraded":0,"win_rate":0,"timestamp":1552985653,"path_taken":["M","?","M","M","M","E","R","M","T","?"],"build_version":"2019-01-23","purchased_purges":0,"victory":false,"max_hp_per_floor":[70,70,70,70,70,75,75,75,75,75],"card_choices":[{"not_picked":["Terror","PiercingWail"],"picked":"Flying Knee","floor":1},{"not_picked":["Accuracy","Eviscerate","Terror"],"picked":"SKIP","floor":3},{"not_picked":["Outmaneuver","Flying Knee","Blade Dance"],"picked":"SKIP","floor":4},{"not_picked":["Backflip","Catalyst"],"picked":"Dash","floor":5},{"not_picked":["Sucker Punch","Bane"],"picked":"Deadly Poison","floor":6},{"not_picked":["Concentrate","Slice"],"picked":"Well Laid Plans","floor":8}],"player_experience":324589,"relics_obtained":[{"floor":6,"key":"Omamori"}],"event_choices":[{"damage_healed":0,"gold_gain":75,"player_choice":"Gather Gold","damage_taken":11,"max_hp_gain":0,"max_hp_loss":0,"event_name":"World of Goop","floor":2,"gold_loss":0}],"is_beta":false,"boss_relics":[],"items_purged_floors":[],"is_endless":false,"potions_floor_spawned":[4,5,6,8],"ascension_level":0}