{"gold_per_floor":[109,109,74,85,85,123,123,162,232,232],"floor_reached":10,"playtime":740,"items_purged":[],"score":107,"play_id":"b5e4829a-2ea8-4c58-9341-7bded97afed6","local_time":"20190405020730","is_ascension_mode":true,"campfire_choices":[{"floor":7,"key":"REST"}],"neow_cost":"NONE","seed_source_timestamp":1131943598326779,"circlet_count":0,"master_deck":["Defend_G+1","Defend_G+1","Defend_G","Defend_G","Defend_G","Strike_G","Strike_G","Strike_G","Strike_G","Strike_G","Survivor","Neutralize","Backflip","Acrobatics","Dagger Spray","After Image"],"relics":["Fusion Hammer","Golden Idol","Anchor","Du-Vu Doll","Bottled Flame"],"potions_floor_usage":[10,10],"damage_taken":[{"damage":0,"enemies":"Cultist","floor":1,"turns":4},{"damage":0,"enemies":"2 Louse","floor":4,"turns":3},{"damage":38,"enemies":"Lagavulin","floor":6,"turns":12},{"damage":6,"enemies":"3 Sentries","floor":8,"turns":8},{"damage":46,"enemies":"Gremlin Nob","floor":10,"turns":6}],"seed_played":"-14401306031445295","potions_obtained":[{"floor":1,"key":"Block Potion"},{"floor":6,"key":"GhostInAJar"}],"is_trial":false,"path_per_floor":["M","?","?","M","?","E","R","E","T","E"],"character_chosen":"THE_SILENT","items_purchased":[],"campfire_rested":1,"item_purchase_floors":[],"current_hp_per_floor":[63,49,66,66,65,27,46,40,40,0],"gold":232,"neow_bonus":"BOSS_RELIC","is_prod":false,"is_daily":false,"chose_seed":false,"campfire_upgraded":0,"win_rate":0,"timestamp":1554444450,"path_taken":["M","?","?","M","?","E","R","E","T","E"],"build_version":"2019-01-23","purchased_purges":0,"victory":false,"max_hp_per_floor":[70,70,70,70,65,65,65,65,65,65],"card_choices":[{"not_picked":["Dodge and Roll","Heel Hook"],"picked":"Backflip","floor":1},{"not_picked":["Flying Knee","Slice"],"picked":"Acrobatics","floor":4},{"not_picked":["Quick Slash","Slice"],"picked":"Dagger Spray","floor":6},{"not_picked":["Expertise","Flying Knee"],"picked":"After Image","floor":8}],"player_experience":291498,"relics_obtained":[{"floor":6,"key":"Anchor"},{"floor":8,"key":"Du-Vu Doll"},{"floor":9,"key":"Bottled Flame"}],"event_choices":[{"damage_healed":0,"gold_gain":0,"player_choice":"Entered Light","damage_taken":14,"max_hp_gain":0,"max_hp_loss":0,"event_name":"Shining Light","floor":2,"gold_loss":0,"cards_upgraded":["Defend_G","Defend_G"]},{"damage_healed":17,"gold_gain":0,"player_choice":"Healed","damage_taken":0,"max_hp_gain":0,"max_hp_loss":0,"event_name":"The Cleric","floor":3,"gold_loss":35},{"damage_healed":0,"gold_gain":0,"player_choice":"Lose Max HP","damage_taken":0,"relics_obtained":["Golden Idol"],"max_hp_gain":0,"max_hp_loss":5,"event_name":"Golden Idol","floor":5,"gold_loss":0}],"is_beta":false,"boss_relics":[],"items_purged_floors":[],"is_endless":false,"potions_floor_spawned":[1,6],"killed_by":"Gremlin Nob","ascension_level":9}