{"gold_per_floor":[112,34,34,34,49,49,60,74,144,144,69,69,69],"floor_reached":13,"playtime":930,"items_purged":["Strike_B"],"score":120,"play_id":"64d75d3d-a7d1-4e72-bc8d-7a47c48a0e44","local_time":"20190516203633","is_ascension_mode":true,"campfire_choices":[{"data":"Auto Shields","floor":6,"key":"SMITH"},{"floor":10,"key":"REST"}],"neow_cost":"NONE","seed_source_timestamp":640706385005369,"circlet_count":0,"master_deck":["AscendersBane","Strike_B","Strike_B","Defend_B","Defend_B","Defend_B","Defend_B","Zap","Dualcast","Purity","Auto Shields+1","Blizzard","BootSequence","Blizzard","Turbo"],"relics":["Cracked Core","Dodecahedron"],"potions_floor_usage":[],"damage_taken":[{"damage":2,"enemies":"Jaw Worm","floor":1,"turns":3},{"damage":0,"enemies":"2 Louse","floor":5,"turns":2},{"damage":14,"enemies":"Small Slimes","floor":7,"turns":3},{"damage":4,"enemies":"Red Slaver","floor":8,"turns":5},{"damage":49,"enemies":"Lagavulin","floor":13,"turns":13}],"seed_played":"-4664862647699859425","potions_obtained":[{"floor":5,"key":"Explosive Potion"},{"floor":8,"key":"Strength Potion"}],"is_trial":false,"path_per_floor":["M","$","?","?","M","R","M","M","T","R","$","?","E"],"character_chosen":"DEFECT","items_purchased":["Blizzard"],"campfire_rested":1,"item_purchase_floors":[2],"current_hp_per_floor":[66,66,71,71,71,71,57,53,53,77,77,77,28],"gold":69,"neow_bonus":"RANDOM_COLORLESS","is_prod":false,"is_daily":false,"chose_seed":false,"campfire_upgraded":1,"win_rate":0,"timestamp":1558064193,"path_taken":["M","$","?","?","M","R","M","M","T","R","$","?","E"],"build_version":"2019-01-23","purchased_purges":1,"victory":false,"max_hp_per_floor":[75,75,80,80,80,80,80,80,80,80,80,80,80],"card_choices":[{"not_picked":["Reprogram","Static Discharge"],"picked":"Auto Shields","floor":1},{"not_picked":["Rebound","Sweeping Beam","Stack"],"picked":"SKIP","floor":5},{"not_picked":["Go for the Eyes","Hologram"],"picked":"BootSequence","floor":7},{"not_picked":["Compile Driver","Steam Power"],"picked":"Blizzard","floor":8}],"player_experience":602316,"relics_obtained":[{"floor":9,"key":"Dodecahedron"}],"event_choices":[{"damage_healed":0,"gold_gain":0,"player_choice":"Donut","damage_taken":0,"max_hp_gain":5,"max_hp_loss":0,"event_name":"Big Fish","floor":3,"gold_loss":0},{"damage_healed":0,"gold_gain":0,"player_choice":"Ignored","damage_taken":0,"max_hp_gain":0,"max_hp_loss":0,"event_name":"Shining Light","floor":4,"gold_loss":0},{"damage_healed":0,"gold_gain":0,"cards_transformed":["Strike_B"],"player_choice":"Transformed","damage_taken":0,"max_hp_gain":0,"max_hp_loss":0,"event_name":"Transmorgrifier","floor":12,"gold_loss":0,"cards_obtained":["Turbo"]}],"is_beta":false,"boss_relics":[],"items_purged_floors":[11],"is_endless":false,"potions_floor_spawned":[5,8],"killed_by":"Lagavulin","ascension_level":13}