{"gold_per_floor":[118,118,118,137,147,147,173,173,173,1,31,31,31,131,131,254,254,268,11,26,26,51,51,51,51,127,46,46,46,46,84,84,204,204,217,237,253,114,130,130,130,146,146,479,513,513,530,544,544,544],"floor_reached":51,"playtime":4312,"items_purged":[],"score":726,"play_id":"e734c4f2-e149-4429-83b2-4d61baf7fdb0","local_time":"20190115182714","is_ascension_mode":false,"campfire_choices":[{"data":"Footwork","floor":6,"key":"SMITH"},{"data":"All Out Attack","floor":8,"key":"SMITH"},{"data":"1","floor":15,"key":"LIFT"},{"data":"2","floor":23,"key":"LIFT"},{"data":"3","floor":25,"key":"LIFT"},{"data":"Footwork","floor":32,"key":"SMITH"},{"floor":41,"key":"REST"},{"floor":46,"key":"REST"},{"floor":49,"key":"REST"}],"neow_cost":"NONE","seed_source_timestamp":446919469344892,"circlet_count":0,"master_deck":["Defend_G","Defend_G","Defend_G","Defend_G","Survivor","Neutralize","Footwork+1","Leg Sweep","Deadly Poison","All Out Attack+1","Bane","Bane","Night Terror","Bane","Poisoned Stab+1","Bite","Bite","Bite","Bite","Bite","Predator","Writhe","Footwork+1","Unload","Acrobatics+1","Bullet Time","Footwork+1","Sucker Punch+1","Dash+1","After Image","Terror","Bouncing Flask","Leg Sweep","Caltrops+1","Dodge and Roll+1"],"relics":["Velvet Choker","Pear","Question Card","Juzu Bracelet","Girya","Snecko Eye","Bottled Tornado","Gremlin Horn","Sundial","Kunai","White Beast Statue","Nunchaku","Bag of Preparation"],"potions_floor_usage":[7,7,7,7,11,11,16,16,16,31,33,33,33,39,42,45,45,45,50,50,50],"damage_taken":[{"damage":0,"enemies":"Jaw Worm","floor":1,"turns":5},{"damage":0,"enemies":"Small Slimes","floor":4,"turns":4},{"damage":0,"enemies":"Cultist","floor":5,"turns":5},{"damage":28,"enemies":"3 Sentries","floor":7,"turns":10},{"damage":12,"enemies":"Gremlin Nob","floor":11,"turns":4},{"damage":18,"enemies":"The Guardian","floor":16,"turns":8},{"damage":15,"enemies":"2 Thieves","floor":18,"turns":5},{"damage":10,"enemies":"Spheric Guardian","floor":20,"turns":8},{"damage":12,"enemies":"Centurion and Healer","floor":22,"turns":7},{"damage":12,"enemies":"Book of Stabbing","floor":31,"turns":4},{"damage":38,"enemies":"Collector","floor":33,"turns":12},{"damage":0,"enemies":"Orb Walker","floor":35,"turns":3},{"damage":0,"enemies":"3 Shapes","floor":36,"turns":3},{"damage":5,"enemies":"Spire Growth","floor":37,"turns":4},{"damage":35,"enemies":"4 Shapes","floor":39,"turns":4},{"damage":13,"enemies":"3 Darklings","floor":42,"turns":7},{"damage":37,"enemies":"Reptomancer","floor":45,"turns":5},{"damage":13,"enemies":"Transient","floor":47,"turns":5},{"damage":6,"enemies":"Writhing Mass","floor":48,"turns":6},{"damage":25,"enemies":"Awakened One","floor":50,"turns":15}],"seed_played":"3934460384249033094","potions_obtained":[{"floor":1,"key":"Poison Potion"},{"floor":3,"key":"Weak Potion"},{"floor":3,"key":"EntropicBrew"},{"floor":16,"key":"Energy Potion"},{"floor":18,"key":"Energy Potion"},{"floor":20,"key":"Fire Potion"},{"floor":31,"key":"EssenceOfSteel"},{"floor":35,"key":"Strength Potion"},{"floor":36,"key":"FearPotion"},{"floor":37,"key":"PowerPotion"},{"floor":39,"key":"AttackPotion"},{"floor":42,"key":"FearPotion"},{"floor":45,"key":"Energy Potion"},{"floor":47,"key":"LiquidBronze"},{"floor":48,"key":"Dexterity Potion"}],"is_trial":false,"path_per_floor":["M","?","?","M","M","R","E","R","T","$","E","?","?","?","R","B",null,"M","$","M","?","M","R","?","R","T","$","?","?","$","E","R","B",null,"M","M","M","$","M","?","R","M","T","?","E","R","M","M","R","B",null],"character_chosen":"THE_SILENT","items_purchased":["Juzu Bracelet","Bane","Bottled Tornado","Footwork","After Image"],"campfire_rested":3,"item_purchase_floors":[10,10,19,27,38],"current_hp_per_floor":[70,75,75,75,75,75,72,72,72,72,60,60,79,79,79,61,79,64,64,54,54,51,51,51,51,51,51,51,51,51,45,45,39,55,55,55,52,52,26,26,42,49,49,49,20,36,31,35,51,50],"gold":544,"neow_bonus":"BOSS_RELIC","is_prod":false,"is_daily":false,"chose_seed":false,"campfire_upgraded":3,"win_rate":0.0,"timestamp":1547594834,"path_taken":["M","?","?","?","M","R","E","R","T","$","E","?","?","?","R","BOSS","M","$","M","?","M","R","?","R","T","$","?","?","?","E","R","BOSS","M","M","M","$","M","?","R","M","T","?","E","R","M","M","R","BOSS"],"build_version":"2019-01-10","purchased_purges":0,"victory":true,"max_hp_per_floor":[70,75,75,75,75,75,85,85,85,85,85,79,79,79,79,79,79,79,79,79,55,55,55,55,55,55,55,55,55,55,55,55,55,55,55,55,55,55,55,55,55,55,55,55,55,55,55,55,55,55],"card_choices":[{"not_picked":["Deflect","Deadly Poison"],"picked":"Footwork","floor":1},{"not_picked":["Expertise","Bouncing Flask"],"picked":"Leg Sweep","floor":4},{"not_picked":["Backflip","Acrobatics"],"picked":"Deadly Poison","floor":5},{"not_picked":["Underhanded Strike","Sucker Punch"],"picked":"All Out Attack","floor":7},{"not_picked":["Cloak And Dagger","Slice","Accuracy"],"picked":"Bane","floor":11},{"not_picked":["Doppelganger","Unload","A Thousand Cuts"],"picked":"Night Terror","floor":16},{"not_picked":["PiercingWail","Masterful Stab","Prepared"],"picked":"Bane","floor":18},{"not_picked":["Blade Dance","Dodge and Roll","Deflect"],"picked":"Poisoned Stab+1","floor":20},{"not_picked":["Flying Knee+1","All Out Attack","Accuracy"],"picked":"Predator","floor":22},{"not_picked":["Finisher","Dagger Throw","Leg Sweep"],"picked":"Acrobatics+1","floor":31},{"not_picked":["Night Terror","Glass Knife","Storm of Steel"],"picked":"Bullet Time","floor":33},{"not_picked":["Deadly Poison+1","Eviscerate+1","Slice+1"],"picked":"Footwork+1","floor":35},{"not_picked":["Backstab+1","Distraction+1","Blade Dance"],"picked":"Sucker Punch+1","floor":36},{"not_picked":["Backstab","Quick Slash","Poisoned Stab+1"],"picked":"Dash+1","floor":37},{"not_picked":["Heel Hook+1","Slice","Deflect+1"],"picked":"Terror","floor":39},{"not_picked":["Eviscerate+1","Footwork","Underhanded Strike+1"],"picked":"Bouncing Flask","floor":42},{"not_picked":["Infinite Blades","Slice","Outmaneuver"],"picked":"Leg Sweep","floor":45},{"not_picked":["Outmaneuver","Bullet Time","Escape Plan+1"],"picked":"Caltrops+1","floor":47},{"not_picked":["Underhanded Strike+1","Infinite Blades","PiercingWail"],"picked":"Dodge and Roll+1","floor":48}],"player_experience":39047,"relics_obtained":[{"floor":7,"key":"Pear"},{"floor":9,"key":"Question Card"},{"floor":11,"key":"Girya"},{"floor":26,"key":"Sundial"},{"floor":31,"key":"Kunai"},{"floor":43,"key":"Nunchaku"},{"floor":45,"key":"Bag of Preparation"}],"event_choices":[{"damage_healed":0,"gold_gain":0,"player_choice":"Donut","damage_taken":0,"max_hp_gain":5,"max_hp_loss":0,"event_name":"Big Fish","floor":2,"gold_loss":0},{"damage_healed":0,"gold_gain":0,"player_choice":"Got Potions","damage_taken":0,"max_hp_gain":0,"max_hp_loss":0,"event_name":"Lab","floor":3,"gold_loss":0},{"damage_healed":0,"gold_gain":0,"player_choice":"Lose Max HP","damage_taken":0,"relics_obtained":["Golden Idol"],"max_hp_gain":0,"max_hp_loss":6,"event_name":"Golden Idol","floor":12,"gold_loss":0},{"damage_healed":19,"gold_gain":0,"player_choice":"Full Heal","damage_taken":0,"max_hp_gain":0,"max_hp_loss":0,"event_name":"Wheel of Change","floor":13,"gold_loss":0},{"damage_healed":0,"gold_gain":100,"player_choice":"Pray","damage_taken":0,"max_hp_gain":0,"max_hp_loss":0,"event_name":"Golden Shrine","floor":14,"gold_loss":0},{"damage_healed":0,"gold_gain":0,"player_choice":"Became a vampire","damage_taken":0,"max_hp_gain":0,"max_hp_loss":24,"event_name":"Vampires","floor":21,"gold_loss":0,"cards_obtained":["Bite","Bite","Bite","Bite","Bite"]},{"damage_healed":0,"gold_gain":0,"player_choice":"Opened","damage_taken":0,"relics_obtained":["Gremlin Horn"],"max_hp_gain":0,"max_hp_loss":0,"event_name":"The Mausoleum","floor":24,"gold_loss":0,"cards_obtained":["Writhe"]},{"damage_healed":0,"gold_gain":0,"player_choice":"Ignored","damage_taken":0,"max_hp_gain":0,"max_hp_loss":0,"event_name":"Ghosts","floor":28,"gold_loss":0},{"damage_healed":0,"gold_gain":0,"cards_transformed":["Defend_G"],"player_choice":"Transformed","damage_taken":0,"max_hp_gain":0,"max_hp_loss":0,"event_name":"Transmorgrifier","floor":29,"gold_loss":0,"cards_obtained":["Unload"]},{"damage_healed":0,"gold_gain":0,"player_choice":"Ignored","damage_taken":0,"max_hp_gain":0,"max_hp_loss":0,"event_name":"Mysterious Sphere","floor":40,"gold_loss":0},{"damage_healed":0,"gold_gain":333,"player_choice":"Gave Idol","damage_taken":0,"max_hp_gain":0,"max_hp_loss":0,"event_name":"The Moai Head","floor":44,"relics_lost":["Golden Idol"],"gold_loss":0}],"is_beta":false,"boss_relics":[{"not_picked":["Runic Dome","Sozu"],"picked":"Snecko Eye"},{"not_picked":["Tiny House","Astrolabe"],"picked":"White Beast Statue"}],"items_purged_floors":[],"is_endless":false,"potions_floor_spawned":[1,16,18,20,31,35,36,37,39,42,45,47,48],"ascension_level":0}