{"gold_per_floor":[113,113,132,60,76,106,106,120,144,159,159,178,178,210,210,309,309,321,333,347,347,109,138,138,238,238,238,265,6,25,43,43,139,139,159,176,176,189,203,203,235,235,235,289,306,335,353,378,378,378],"floor_reached":51,"playtime":4090,"items_purged":[],"score":1322,"play_id":"1a49a56a-62a1-4215-88f0-5e7963f01b3f","local_time":"20190527192243","is_ascension_mode":true,"campfire_choices":[{"data":"Inflame","floor":7,"key":"SMITH"},{"data":"True Grit","floor":15,"key":"SMITH"},{"floor":24,"key":"REST"},{"floor":27,"key":"REST"},{"floor":32,"key":"REST"},{"floor":40,"key":"REST"},{"floor":49,"key":"REST"}],"neow_cost":"NONE","seed_source_timestamp":604898676256675,"circlet_count":0,"master_deck":["AscendersBane","Strike_R+1","Strike_R+1","Strike_R+1","Strike_R+1","Defend_R+1","Defend_R+1","Defend_R+1","Defend_R+1","Bash+1","Anger","Dark Shackles","Thunderclap","Clothesline+1","Inflame+1","True Grit+1","Offering","Flex","Battle Trance","Inflame","Feed+1","Inflame+1","Twin Strike","Bandage Up","Shockwave","Evolve","Shrug It Off","Heavy Blade+1","Rage","Headbutt","Shrug It Off","Shrug It Off","Cleave","Battle Trance+1","Reaper","Sword Boomerang","Twin Strike+1","Inflame+1","Flame Barrier","Iron Wave+1","Sword Boomerang+1","Entrench","Flex+1","Iron Wave+1"],"relics":["Burning Blood","Dream Catcher","Bag of Preparation","Red Skull","Boot","Fusion Hammer","Blood Vial","Bottled Tornado","Calipers","Mummified Hand","Paper Frog","Matryoshka","Whetstone","Philosopher\u0027s Stone","Happy Flower","Lantern","Oddly Smooth Stone","Ancient Tea Set","Molten Egg 2","Thread and Needle","Question Card","Regal Pillow"],"potions_floor_usage":[19,23,23,44,46,50],"damage_taken":[{"damage":9,"enemies":"Jaw Worm","floor":1,"turns":3},{"damage":1,"enemies":"Cultist","floor":3,"turns":4},{"damage":7,"enemies":"Small Slimes","floor":5,"turns":3},{"damage":16,"enemies":"Gremlin Nob","floor":6,"turns":4},{"damage":9,"enemies":"Exordium Wildlife","floor":8,"turns":2},{"damage":9,"enemies":"Red Slaver","floor":10,"turns":3},{"damage":6,"enemies":"2 Fungi Beasts","floor":12,"turns":2},{"damage":16,"enemies":"Lagavulin","floor":14,"turns":5},{"damage":7,"enemies":"Hexaghost","floor":16,"turns":7},{"damage":22,"enemies":"2 Thieves","floor":18,"turns":4},{"damage":18,"enemies":"Chosen","floor":19,"turns":5},{"damage":30,"enemies":"Centurion and Healer","floor":20,"turns":5},{"damage":18,"enemies":"Slavers","floor":23,"turns":4},{"damage":23,"enemies":"Colosseum Slavers","floor":25,"turns":4},{"damage":38,"enemies":"Colosseum Nobs","floor":25,"turns":8},{"damage":6,"enemies":"Gremlin Leader","floor":28,"turns":1},{"damage":0,"enemies":"Snake Plant","floor":30,"turns":2},{"damage":0,"enemies":"Sentry and Sphere","floor":31,"turns":3},{"damage":43,"enemies":"Automaton","floor":33,"turns":7},{"damage":9,"enemies":"Orb Walker","floor":35,"turns":4},{"damage":0,"enemies":"3 Darklings","floor":36,"turns":3},{"damage":34,"enemies":"Spire Growth","floor":38,"turns":3},{"damage":13,"enemies":"Jaw Worm Horde","floor":39,"turns":7},{"damage":23,"enemies":"Nemesis","floor":41,"turns":5},{"damage":13,"enemies":"2 Orb Walkers","floor":44,"turns":2},{"damage":0,"enemies":"Transient","floor":45,"turns":5},{"damage":33,"enemies":"Reptomancer","floor":46,"turns":11},{"damage":16,"enemies":"4 Shapes","floor":47,"turns":3},{"damage":13,"enemies":"Nemesis","floor":48,"turns":4},{"damage":59,"enemies":"Awakened One","floor":50,"turns":12}],"seed_played":"4431926987461946043","potions_obtained":[{"floor":3,"key":"SkillPotion"},{"floor":6,"key":"EssenceOfSteel"},{"floor":8,"key":"PowerPotion"},{"floor":18,"key":"Regen Potion"},{"floor":20,"key":"Regen Potion"},{"floor":28,"key":"Weak Potion"},{"floor":33,"key":"SteroidPotion"},{"floor":45,"key":"Ancient Potion"}],"is_trial":false,"path_per_floor":["M","?","M","$","M","E","R","M","T","M","?","M","T","E","R","B",null,"M","M","M","?","$","E","R","?","T","R","E","$","M","M","R","B",null,"M","M","?","M","M","R","E","T","T","?","M","E","M","E","R","B",null],"character_chosen":"IRONCLAD","items_purchased":["Inflame","Blood Vial","Bandage Up","Headbutt","Whetstone","Shrug It Off"],"campfire_rested":5,"item_purchase_floors":[4,22,22,29,29,29],"current_hp_per_floor":[69,69,74,74,73,63,63,60,60,57,57,57,57,47,47,46,72,56,59,35,35,35,44,69,35,35,61,67,67,79,87,93,60,85,92,97,97,75,85,101,88,88,88,87,105,86,107,116,117,87],"gold":378,"neow_bonus":"UPGRADE_CARD","is_prod":false,"is_daily":false,"chose_seed":false,"campfire_upgraded":2,"win_rate":0,"timestamp":1558999363,"path_taken":["M","?","M","?","?","E","R","M","T","M","?","M","?","E","R","BOSS","M","M","M","?","$","E","R","?","T","R","E","?","M","?","R","BOSS","M","M","?","M","?","R","E","?","T","?","M","E","?","E","R","BOSS"],"build_version":"2019-01-23","purchased_purges":0,"victory":true,"max_hp_per_floor":[80,80,80,80,80,80,80,80,80,80,80,80,80,80,80,80,80,80,83,83,83,83,86,86,89,89,89,89,89,93,93,93,93,93,97,97,97,97,101,101,101,101,101,105,105,109,113,117,117,121],"card_choices":[{"not_picked":["Pommel Strike","Rupture"],"picked":"Anger","floor":1},{"not_picked":["Searing Blow","Heavy Blade"],"picked":"Clothesline","floor":3},{"not_picked":["Seeing Red","Armaments"],"picked":"True Grit","floor":5},{"not_picked":["Carnage","Blood for Blood"],"picked":"Offering","floor":6},{"not_picked":["Havoc","Armaments"],"picked":"Flex","floor":8},{"not_picked":["Body Slam","Cleave"],"picked":"Battle Trance","floor":10},{"not_picked":["Power Through","Headbutt"],"picked":"Inflame","floor":12},{"not_picked":["Clothesline","Wild Strike","Body Slam"],"picked":"SKIP","floor":14},{"not_picked":["Dark Embrace","Barricade"],"picked":"Feed","floor":16},{"not_picked":["Shrug It Off","Blood for Blood"],"picked":"Inflame+1","floor":18},{"not_picked":["Clothesline","Warcry","Havoc"],"picked":"SKIP","floor":19},{"not_picked":["Cleave","Sentinel"],"picked":"Twin Strike","floor":20},{"not_picked":["Twin Strike","Havoc"],"picked":"Shockwave","floor":23},{"not_picked":["Iron Wave","Clash"],"picked":"Evolve","floor":24},{"not_picked":["Sword Boomerang","Clothesline"],"picked":"Shrug It Off","floor":25},{"not_picked":["Clash","Pommel Strike"],"picked":"Heavy Blade+1","floor":27},{"not_picked":["Juggernaut","True Grit"],"picked":"Rage","floor":28},{"not_picked":["Pommel Strike","Ghostly Armor"],"picked":"Shrug It Off","floor":30},{"not_picked":["Shockwave","Clash"],"picked":"Cleave","floor":31},{"not_picked":["Barricade","Cleave"],"picked":"Battle Trance+1","floor":32},{"not_picked":["Barricade","Double Tap"],"picked":"Reaper","floor":33},{"not_picked":["Body Slam+1","Pommel Strike"],"picked":"Sword Boomerang","floor":35},{"not_picked":["Cleave+1","Feed"],"picked":"Twin Strike+1","floor":36},{"not_picked":["Perfected Strike+1","Dropkick+1"],"picked":"Flame Barrier","floor":38},{"not_picked":["Cleave","Twin Strike"],"picked":"Iron Wave+1","floor":39},{"not_picked":["Dual Wield","Intimidate"],"picked":"Sword Boomerang+1","floor":40},{"not_picked":["Pommel Strike","Flame Barrier"],"picked":"Entrench","floor":41},{"not_picked":["Headbutt+1","Cleave+1","Shockwave"],"picked":"SKIP","floor":45},{"not_picked":["Warcry","Wild Strike+1","Immolate+1"],"picked":"SKIP","floor":46},{"not_picked":["Blood for Blood+1","Twin Strike+1","Anger+1","Inflame"],"picked":"SKIP","floor":47},{"not_picked":["Armaments","Sentinel","True Grit"],"picked":"Flex+1","floor":48},{"not_picked":["Twin Strike+1","Thunderclap+1","Headbutt+1"],"picked":"Iron Wave+1","floor":49}],"player_experience":414310,"relics_obtained":[{"floor":6,"key":"Dream Catcher"},{"floor":9,"key":"Bag of Preparation"},{"floor":13,"key":"Red Skull"},{"floor":14,"key":"Boot"},{"floor":23,"key":"Bottled Tornado"},{"floor":25,"key":"Calipers"},{"floor":25,"key":"Mummified Hand"},{"floor":26,"key":"Paper Frog"},{"floor":28,"key":"Matryoshka"},{"floor":41,"key":"Happy Flower"},{"floor":42,"key":"Lantern"},{"floor":42,"key":"Oddly Smooth Stone"},{"floor":43,"key":"Ancient Tea Set"},{"floor":43,"key":"Molten Egg 2"},{"floor":44,"key":"Thread and Needle"},{"floor":46,"key":"Question Card"},{"floor":48,"key":"Regal Pillow"}],"event_choices":[{"damage_healed":0,"gold_gain":0,"player_choice":"2 cards matched","damage_taken":0,"max_hp_gain":0,"max_hp_loss":0,"event_name":"Match and Keep!","floor":2,"gold_loss":0,"cards_obtained":["Dark Shackles","Thunderclap"]},{"cards_removed":["Strike_R"],"damage_healed":0,"gold_gain":0,"player_choice":"Forget","damage_taken":0,"max_hp_gain":0,"max_hp_loss":0,"event_name":"Living Wall","floor":11,"gold_loss":0},{"damage_healed":0,"gold_gain":0,"player_choice":"Simplicity","damage_taken":0,"max_hp_gain":0,"max_hp_loss":0,"event_name":"Back to Basics","floor":21,"gold_loss":0,"cards_upgraded":["Strike_R","Strike_R","Strike_R","Strike_R","Defend_R","Defend_R","Defend_R","Defend_R"]},{"damage_healed":0,"gold_gain":0,"player_choice":"Fight","damage_taken":0,"max_hp_gain":0,"max_hp_loss":0,"event_name":"Colosseum","floor":25,"gold_loss":0},{"damage_healed":0,"gold_gain":0,"player_choice":"Fought Nobs","damage_taken":0,"max_hp_gain":0,"max_hp_loss":0,"event_name":"Colosseum","floor":25,"gold_loss":0},{"damage_healed":0,"gold_gain":0,"player_choice":"Copied","damage_taken":0,"max_hp_gain":0,"max_hp_loss":0,"event_name":"Duplicator","floor":37,"gold_loss":0,"cards_obtained":["Inflame"]},{"damage_healed":0,"gold_gain":0,"player_choice":"Fight","damage_taken":0,"max_hp_gain":0,"max_hp_loss":0,"event_name":"Mysterious Sphere","floor":44,"gold_loss":0}],"is_beta":false,"boss_relics":[{"not_picked":["Runic Dome","Orrery"],"picked":"Fusion Hammer"},{"not_picked":["Eternal Feather","Black Blood"],"picked":"Philosopher\u0027s Stone"}],"items_purged_floors":[],"is_endless":false,"potions_floor_spawned":[3,6,8,14,18,20,25,28,33,35,38,45],"ascension_level":12}