{"gold_per_floor":[112,112,287,287,46,46,86,86,86,101,114,180,180,29,29,150,150,164,185,86,17,33,33,57,57,57,82,95,45,45,58,58,58],"floor_reached":33,"playtime":34556,"items_purged":["Regret","Normality"],"score":344,"play_id":"c0703c85-ea6c-4d7d-affc-b563ad6bb06d","local_time":"20190605035425","is_ascension_mode":true,"campfire_choices":[{"data":"Apotheosis","floor":6.0,"key":"SMITH"},{"data":"Metallicize","floor":8.0,"key":"SMITH"},{"data":"Searing Blow","floor":15.0,"key":"SMITH"},{"floor":23.0,"key":"REST"},{"floor":25.0,"key":"REST"},{"data":"Demon Form","floor":30.0,"key":"SMITH"},{"floor":32.0,"key":"REST"}],"neow_cost":"NONE","seed_source_timestamp":48363823877800,"circlet_count":0,"master_deck":["Strike_R","Strike_R","Strike_R","Strike_R","Strike_R","Defend_R","Defend_R+1","Defend_R","Defend_R+1","Bash","Wild Strike","Apotheosis+1","Metallicize+1","Pommel Strike","Warcry","Perfected Strike","Searing Blow+1","Demon Form+1","Writhe","Inflame","Disarm+1","Headbutt","Infernal Blade","Iron Wave+1","Twin Strike+1","Warcry+1"],"special_seed":0,"relics":["Burning Blood","Orichalcum","Golden Idol","Ancient Tea Set","Smiling Mask","Tiny Chest","Gremlin Horn","Happy Flower","Calling Bell","War Paint","Magic Flower","Sundial","Letter Opener","Matryoshka"],"potions_floor_usage":[33],"damage_taken":[{"damage":8.0,"enemies":"Small Slimes","floor":1.0,"turns":4.0},{"damage":10.0,"enemies":"3 Sentries","floor":7.0,"turns":9.0},{"damage":7.0,"enemies":"Jaw Worm","floor":10.0,"turns":2.0},{"damage":0.0,"enemies":"2 Louse","floor":11.0,"turns":2.0},{"damage":18.0,"enemies":"Lagavulin","floor":12.0,"turns":6.0},{"damage":37.0,"enemies":"The Guardian","floor":16.0,"turns":14.0},{"damage":22.0,"enemies":"3 Byrds","floor":18.0,"turns":7.0},{"damage":32.0,"enemies":"Shell Parasite","floor":19.0,"turns":5.0},{"damage":8.0,"enemies":"Snake Plant","floor":22.0,"turns":5.0},{"damage":23.0,"enemies":"Centurion and Healer","floor":24.0,"turns":7.0},{"damage":13.0,"enemies":"3 Cultists","floor":27.0,"turns":5.0},{"damage":30.0,"enemies":"Shelled Parasite and Fungi","floor":28.0,"turns":5.0},{"damage":8.0,"enemies":"Cultist and Chosen","floor":31.0,"turns":6.0},{"damage":65,"enemies":"Collector","floor":33,"turns":7}],"seed_played":"-8486145711087515131","potions_obtained":[{"floor":11.0,"key":"Energy Potion"},{"floor":12.0,"key":"GamblersBrew"},{"floor":16.0,"key":"Ancient Potion"},{"floor":19.0,"key":"EssenceOfSteel"},{"floor":22.0,"key":"SpeedPotion"},{"floor":27.0,"key":"BloodPotion"}],"is_trial":false,"path_per_floor":["M","?","?","?","$","R","E","R","T","M","M","E","T","$","R","B",null,"M","M","$","?","M","R","M","R","T","M","M","$","R","M","R","B"],"character_chosen":"IRONCLAD","items_purchased":["Apotheosis","Metallicize","Happy Flower","Headbutt"],"campfire_rested":3,"item_purchase_floors":[5,5,14,20],"current_hp_per_floor":[70,70,70,63,63,63,59,59,59,58,64,52,52,52,52,21,61,48,25,25,25,26,48,34,56,56,52,42,42,42,43,65,0],"gold":58,"neow_bonus":"RANDOM_COMMON_RELIC","is_prod":false,"is_daily":false,"chose_seed":false,"campfire_upgraded":4,"win_rate":0,"timestamp":1559732065,"path_taken":["M","?","?","?","?","R","E","R","T","M","M","E","?","$","R","BOSS","M","M","$","?","M","R","M","R","T","?","M","$","R","M","R","BOSS"],"build_version":"2019-01-23","purchased_purges":2,"victory":false,"max_hp_per_floor":[80,74,74,74,74,74,74,74,74,74,74,74,74,74,74,74,74,74,74,74,74,74,74,74,74,74,74,74,74,74,74,74,74],"card_choices":[{"not_picked":["Clothesline","Feel No Pain"],"picked":"Wild Strike","floor":1.0},{"not_picked":["True Grit","Body Slam"],"picked":"Pommel Strike","floor":7.0},{"not_picked":["Berserk","Clash"],"picked":"Warcry","floor":10.0},{"not_picked":["Carnage","Disarm"],"picked":"Perfected Strike","floor":11.0},{"not_picked":["Iron Wave","Seeing Red"],"picked":"Searing Blow","floor":12.0},{"not_picked":["Dark Embrace","Limit Break"],"picked":"Demon Form","floor":16.0},{"not_picked":["Metallicize","Havoc"],"picked":"Inflame","floor":18.0},{"not_picked":["Thunderclap","Power Through"],"picked":"Disarm+1","floor":19.0},{"not_picked":["Warcry","Havoc"],"picked":"Infernal Blade","floor":22.0},{"not_picked":["Disarm","Rupture","Headbutt"],"picked":"SKIP","floor":24.0},{"not_picked":["Flex","Rage"],"picked":"Iron Wave+1","floor":27.0},{"not_picked":["Sword Boomerang","Armaments"],"picked":"Twin Strike+1","floor":28.0},{"not_picked":["Searing Blow+1","True Grit"],"picked":"Warcry+1","floor":31.0}],"player_experience":264245,"relics_obtained":[{"floor":7.0,"key":"Ancient Tea Set"},{"floor":9.0,"key":"Smiling Mask"},{"floor":12.0,"key":"Tiny Chest"},{"floor":13.0,"key":"Gremlin Horn"},{"floor":17.0,"key":"War Paint"},{"floor":17.0,"key":"Magic Flower"},{"floor":17.0,"key":"Sundial"},{"floor":26.0,"key":"Matryoshka"}],"event_choices":[{"damage_healed":0.0,"max_hp_gain":0.0,"max_hp_loss":6.0,"gold_gain":0.0,"event_name":"Golden Idol","player_choice":"Lose Max HP","floor":2.0,"gold_loss":0.0,"damage_taken":0.0,"relics_obtained":["Golden Idol"]},{"damage_healed":0.0,"max_hp_gain":0.0,"max_hp_loss":0.0,"gold_gain":175.0,"event_name":"Liars Game","player_choice":"AGREE","floor":3.0,"gold_loss":0.0,"damage_taken":0.0,"cards_obtained":["Doubt"]},{"cards_removed":["Doubt"],"damage_healed":0.0,"max_hp_gain":0.0,"max_hp_loss":0.0,"gold_gain":0.0,"event_name":"Golden Wing","player_choice":"Card Removal","floor":4.0,"gold_loss":0.0,"damage_taken":7.0},{"damage_healed":0.0,"max_hp_gain":0.0,"max_hp_loss":0.0,"gold_gain":0.0,"event_name":"WeMeetAgain","player_choice":"Paid Gold","floor":21.0,"gold_loss":69.0,"damage_taken":0.0,"relics_obtained":["Letter Opener"]}],"is_beta":false,"boss_relics":[{"not_picked":["Pandora\u0027s Box","Cursed Key"],"picked":"Calling Bell"}],"items_purged_floors":[20,29],"is_endless":false,"potions_floor_spawned":[11,12,16,19,22,27],"killed_by":"Collector","ascension_level":7}