{"gold_per_floor":[109,68,68,18,18,18,47,64,87,97,110,136,3,21,21,100,100,118,118,137,137],"floor_reached":21,"playtime":785,"items_purged":["Strike_B"],"score":364,"play_id":"24aace26-82c9-4788-92b0-2fa120fd22ee","local_time":"20190520195413","is_ascension_mode":true,"campfire_choices":[{"data":"Sunder","floor":6,"key":"SMITH"},{"floor":15,"key":"REST"}],"neow_cost":"NONE","seed_source_timestamp":45654891895749,"circlet_count":0,"master_deck":["AscendersBane","Defend_B","Defend_B","Defend_B","Zap","Dualcast","Sunder+1","Double Energy","Ball Lightning","Leap","Multi-Cast","Impatience","Echo Form","Streamline+1","Conserve Battery"],"relics":["Cracked Core","NeowsBlessing","Shuriken","Smiling Mask","Empty Cage"],"potions_floor_usage":[12,12,16,16],"damage_taken":[{"damage":0,"enemies":"Jaw Worm","floor":1,"turns":1},{"damage":0,"enemies":"3 Sentries","floor":7,"turns":1},{"damage":0,"enemies":"2 Louse","floor":8,"turns":1},{"damage":0,"enemies":"Small Slimes","floor":10,"turns":1},{"damage":0,"enemies":"2 Fungi Beasts","floor":11,"turns":2},{"damage":16,"enemies":"Lagavulin","floor":12,"turns":6},{"damage":13,"enemies":"Lots of Slimes","floor":14,"turns":4},{"damage":39,"enemies":"The Guardian","floor":16,"turns":11},{"damage":16,"enemies":"3 Byrds","floor":18,"turns":4},{"damage":12,"enemies":"Chosen","floor":20,"turns":4},{"damage":41,"enemies":"Sentry and Sphere","floor":21,"turns":5}],"seed_played":"868300615802225147","potions_obtained":[{"floor":1,"key":"Swift Potion"},{"floor":7,"key":"FocusPotion"},{"floor":12,"key":"Swift Potion"},{"floor":14,"key":"AttackPotion"},{"floor":16,"key":"FearPotion"}],"is_trial":false,"path_per_floor":["M","?","?","?","?","R","E","M","T","M","M","E","$","M","R","B",null,"M","?","M","M"],"character_chosen":"DEFECT","items_purchased":["Impatience"],"campfire_rested":1,"item_purchase_floors":[13],"current_hp_per_floor":[64,64,57,57,62,62,62,62,62,62,62,46,46,33,55,16,61,45,45,33,0],"gold":137,"neow_bonus":"THREE_ENEMY_KILL","is_prod":false,"is_daily":false,"chose_seed":false,"campfire_upgraded":1,"win_rate":0,"timestamp":1558407253,"path_taken":["M","?","?","?","?","R","E","M","T","M","M","E","$","M","R","BOSS","M","?","M","M"],"build_version":"2019-01-23","purchased_purges":1,"victory":false,"max_hp_per_floor":[71,71,71,71,76,76,76,76,76,76,76,76,76,76,76,76,76,76,76,76,76],"card_choices":[{"not_picked":["Sweeping Beam","Recycle"],"picked":"Sunder","floor":1},{"not_picked":["Stack","Tempest"],"picked":"Double Energy","floor":7},{"not_picked":["Chaos","Hologram"],"picked":"Ball Lightning","floor":8},{"not_picked":["Steam","Coolheaded"],"picked":"Leap","floor":10},{"not_picked":["Streamline","Sunder","Redo"],"picked":"SKIP","floor":11},{"not_picked":["Aggregate","Turbo"],"picked":"Multi-Cast","floor":12},{"not_picked":["Stack","Scrape","Loop"],"picked":"SKIP","floor":14},{"not_picked":["Meteor Strike","Electrodynamics"],"picked":"Echo Form","floor":16},{"not_picked":["Redo","Leap"],"picked":"Streamline","floor":18},{"not_picked":["Consume+1","Streamline"],"picked":"Conserve Battery","floor":20}],"player_experience":648000,"relics_obtained":[{"floor":7,"key":"Shuriken"},{"floor":9,"key":"Smiling Mask"}],"event_choices":[{"damage_healed":0,"gold_gain":0,"player_choice":"Left Gold","damage_taken":0,"max_hp_gain":0,"max_hp_loss":0,"event_name":"World of Goop","floor":2,"gold_loss":41},{"cards_removed":["Strike_B"],"damage_healed":0,"gold_gain":0,"player_choice":"Card Removal","damage_taken":7,"max_hp_gain":0,"max_hp_loss":0,"event_name":"Golden Wing","floor":3,"gold_loss":0},{"cards_removed":["Strike_B"],"damage_healed":0,"gold_gain":0,"player_choice":"Card Removal","damage_taken":0,"max_hp_gain":0,"max_hp_loss":0,"event_name":"The Cleric","floor":4,"gold_loss":50},{"damage_healed":0,"gold_gain":0,"player_choice":"Donut","damage_taken":0,"max_hp_gain":5,"max_hp_loss":0,"event_name":"Big Fish","floor":5,"gold_loss":0},{"damage_healed":0,"gold_gain":0,"player_choice":"Upgraded","damage_taken":0,"max_hp_gain":0,"max_hp_loss":0,"event_name":"Upgrade Shrine","floor":19,"gold_loss":0,"cards_upgraded":["Streamline"]}],"is_beta":false,"boss_relics":[{"not_picked":["Black Star","Busted Crown"],"picked":"Empty Cage"}],"items_purged_floors":[13],"is_endless":false,"potions_floor_spawned":[1,7,12,14,16],"killed_by":"Sentry and Sphere","ascension_level":14}