{"gold_per_floor":[110,6,6,6,6,33,33,108,181,191,38,72,72,82,82,156,156,132,7,7,22,22,22,33,58,58,58,85,85,98,111,111,190,190,204,216,216,216,235,235,266,286,286,67,82,0,15,15],"floor_reached":48,"playtime":3799,"items_purged":["Strike_B","Strike_B","Strike_B"],"score":1049,"play_id":"32e79b17-f2d8-4643-bb42-9e4bc0ed195a","local_time":"20190605150554","is_ascension_mode":true,"campfire_choices":[{"data":"Zap","floor":7,"key":"SMITH"},{"floor":13,"key":"REST"},{"data":"Ball Lightning","floor":15,"key":"SMITH"},{"data":"Buffer","floor":23,"key":"SMITH"},{"floor":27,"key":"REST"},{"floor":29,"key":"REST"},{"data":"Glacier","floor":32,"key":"SMITH"},{"floor":40,"key":"REST"}],"neow_cost":"NONE","seed_source_timestamp":39887045366261,"circlet_count":0,"master_deck":["AscendersBane","Defend_B","Defend_B","Defend_B","Defend_B","Zap+1","Dualcast","Glacier+1","Ball Lightning+1","Ball Lightning","Buffer+1","Melter+1","Ball Lightning+1","Beam Cell+1","Core Surge","Melter+1","Echo Form","Reinforced Body","Thinking Ahead","Madness","Coolheaded+1","Barrage","Barrage"],"relics":["Cracked Core","NeowsBlessing","Anchor","Ginger","Bottled Lightning","Lantern","Runic Pyramid","Art of War","Mercury Hourglass","Blood Vial","Inserter","Strawberry","Dodecahedron","Lee\u0027s Waffle","Red Mask"],"potions_floor_usage":[21,31,39,41,45,47,48],"damage_taken":[{"damage":0,"enemies":"Jaw Worm","floor":1,"turns":1},{"damage":0,"enemies":"Lagavulin","floor":6,"turns":1},{"damage":0,"enemies":"2 Louse","floor":10,"turns":1},{"damage":18,"enemies":"3 Sentries","floor":12,"turns":9},{"damage":0,"enemies":"Small Slimes","floor":14,"turns":3},{"damage":24,"enemies":"The Guardian","floor":16,"turns":10},{"damage":5,"enemies":"2 Thieves","floor":18,"turns":4},{"damage":0,"enemies":"Spheric Guardian","floor":21,"turns":3},{"damage":14,"enemies":"Centurion and Healer","floor":24,"turns":5},{"damage":38,"enemies":"Gremlin Leader","floor":25,"turns":6},{"damage":4,"enemies":"Shelled Parasite and Fungi","floor":30,"turns":4},{"damage":0,"enemies":"Snake Plant","floor":31,"turns":3},{"damage":30,"enemies":"Champ","floor":33,"turns":10},{"damage":1,"enemies":"Orb Walker","floor":35,"turns":4},{"damage":0,"enemies":"3 Shapes","floor":36,"turns":5},{"damage":25,"enemies":"3 Darklings","floor":39,"turns":5},{"damage":0,"enemies":"Nemesis","floor":41,"turns":7},{"damage":12,"enemies":"4 Shapes","floor":42,"turns":6},{"damage":7,"enemies":"Transient","floor":45,"turns":6},{"damage":38,"enemies":"3 Darklings","floor":47,"turns":6},{"damage":47,"enemies":"Writhing Mass","floor":48,"turns":4}],"seed_played":"3982748421603543799","potions_obtained":[{"floor":12,"key":"Block Potion"},{"floor":24,"key":"SteroidPotion"},{"floor":25,"key":"LiquidBronze"},{"floor":33,"key":"EssenceOfSteel"},{"floor":39,"key":"SkillPotion"},{"floor":42,"key":"LiquidBronze"},{"floor":45,"key":"FocusPotion"}],"is_trial":false,"path_per_floor":["M","$","?","?","$","E","R","?","T","M","$","E","R","M","R","B",null,"M","$","?","M","?","R","M","E","T","R","T","R","M","M","R","B",null,"M","M","?","?","M","R","E","M","T","$","M","?","M","M"],"character_chosen":"DEFECT","items_purchased":["Ball Lightning","Ball Lightning","Lee\u0027s Waffle"],"campfire_rested":4,"item_purchase_floors":[2,11,44],"current_hp_per_floor":[64,64,64,59,59,59,59,48,48,48,48,30,51,51,51,27,60,55,55,55,55,55,55,41,3,3,24,24,45,43,45,45,17,58,59,61,51,51,28,49,58,48,48,85,78,78,42,0],"gold":15,"neow_bonus":"THREE_ENEMY_KILL","is_prod":false,"is_daily":false,"chose_seed":false,"campfire_upgraded":4,"win_rate":0,"timestamp":1559772354,"path_taken":["M","$","?","?","$","E","R","?","T","M","?","E","R","M","R","BOSS","M","$","?","?","?","R","M","E","T","R","?","R","M","?","R","BOSS","M","M","?","?","M","R","E","M","T","?","?","?","M","M"],"build_version":"2019-01-23","purchased_purges":3,"victory":false,"max_hp_per_floor":[71,71,71,71,71,71,71,71,71,71,71,71,71,71,71,71,71,71,71,71,71,71,71,71,71,71,71,71,71,71,71,71,71,71,71,71,71,71,71,71,78,78,78,85,85,85,85,85],"card_choices":[{"not_picked":["Steam","Go for the Eyes"],"picked":"Glacier","floor":1},{"not_picked":["Meteor Strike","Recycle","Redo"],"picked":"SKIP","floor":6},{"not_picked":["Streamline","Stack","Cold Snap"],"picked":"SKIP","floor":10},{"not_picked":["Streamline","Stack","Cold Snap"],"picked":"SKIP","floor":10},{"not_picked":["Double Energy","Scrape","Rainbow"],"picked":"SKIP","floor":12},{"not_picked":["Scrape","Consume","Stack"],"picked":"SKIP","floor":14},{"not_picked":["Multi-Cast","Seek"],"picked":"Buffer","floor":16},{"not_picked":["Gash","Go for the Eyes"],"picked":"Melter+1","floor":18},{"not_picked":["Conserve Battery","Cold Snap"],"picked":"Ball Lightning+1","floor":21},{"not_picked":["Self Repair","Streamline"],"picked":"Beam Cell+1","floor":24},{"not_picked":["Reprogram","Steam"],"picked":"Core Surge","floor":25},{"not_picked":["Double Energy","Storm"],"picked":"Melter+1","floor":30},{"not_picked":["Doom and Gloom+1","Conserve Battery","Streamline"],"picked":"SKIP","floor":31},{"not_picked":["Multi-Cast","Buffer"],"picked":"Echo Form","floor":33},{"not_picked":["Self Repair","Conserve Battery"],"picked":"Reinforced Body","floor":35},{"not_picked":["Sweeping Beam","Conserve Battery","Rebound"],"picked":"SKIP","floor":36},{"not_picked":["Secret Technique","Master of Strategy"],"picked":"Blind","floor":37},{"not_picked":["Impatience","Deep Breath"],"picked":"Thinking Ahead","floor":37},{"not_picked":["Transmutation","Impatience"],"picked":"Madness","floor":37},{"not_picked":["Redo","Turbo"],"picked":"Coolheaded+1","floor":39},{"not_picked":["Storm","Hologram"],"picked":"Barrage","floor":41},{"not_picked":["Compile Driver+1","FTL","Turbo"],"picked":"SKIP","floor":42},{"not_picked":["Conserve Battery+1","Coolheaded"],"picked":"Barrage","floor":45},{"not_picked":["Redo","Self Repair","Sweeping Beam"],"picked":"SKIP","floor":47}],"player_experience":825631,"relics_obtained":[{"floor":6,"key":"Ginger"},{"floor":9,"key":"Bottled Lightning"},{"floor":12,"key":"Lantern"},{"floor":25,"key":"Art of War"},{"floor":26,"key":"Mercury Hourglass"},{"floor":28,"key":"Blood Vial"},{"floor":41,"key":"Strawberry"},{"floor":43,"key":"Dodecahedron"}],"event_choices":[{"cards_removed":["Strike_B"],"damage_healed":0,"gold_gain":0,"player_choice":"Forget","damage_taken":0,"max_hp_gain":0,"max_hp_loss":0,"event_name":"Living Wall","floor":3,"gold_loss":0},{"damage_healed":0,"gold_gain":0,"player_choice":"Success","damage_taken":5,"relics_obtained":["Anchor"],"max_hp_gain":0,"max_hp_loss":0,"event_name":"Scrap Ooze","floor":4,"gold_loss":0},{"damage_healed":0,"gold_gain":75,"player_choice":"Gather Gold","damage_taken":11,"max_hp_gain":0,"max_hp_loss":0,"event_name":"World of Goop","floor":8,"gold_loss":0},{"damage_healed":0,"gold_gain":0,"player_choice":"0 cards matched","damage_taken":0,"max_hp_gain":0,"max_hp_loss":0,"event_name":"Match and Keep!","floor":20,"gold_loss":0,"cards_obtained":[]},{"damage_healed":0,"gold_gain":0,"player_choice":"Ignored","damage_taken":0,"max_hp_gain":0,"max_hp_loss":0,"event_name":"Beggar","floor":22,"gold_loss":0},{"damage_healed":0,"gold_gain":0,"player_choice":"Memory 3","damage_taken":10,"max_hp_gain":0,"max_hp_loss":0,"event_name":"SensoryStone","floor":37,"gold_loss":0},{"cards_removed":["Blind"],"damage_healed":0,"gold_gain":0,"player_choice":"Removed Skill","damage_taken":0,"max_hp_gain":0,"max_hp_loss":0,"event_name":"Falling","floor":38,"gold_loss":0},{"damage_healed":0,"gold_gain":0,"player_choice":"Paid","damage_taken":0,"relics_obtained":["Red Mask"],"max_hp_gain":0,"max_hp_loss":0,"event_name":"Tomb of Lord Red Mask","floor":46,"gold_loss":82}],"is_beta":false,"boss_relics":[{"not_picked":["FrozenCore","Coffee Dripper"],"picked":"Runic Pyramid"},{"not_picked":["Busted Crown","Philosopher\u0027s Stone"],"picked":"Inserter"}],"items_purged_floors":[2,11,19],"is_endless":false,"potions_floor_spawned":[12,24,25,33,39,42,45],"killed_by":"Writhing Mass","ascension_level":19}