{"gold_per_floor":[115,40,40,51,78,111,111,30,78,78,78,78,95,126,126,221,221,238,30,49,49,68,68,68,84,84,104,104,117,117,131,131,231,231,247,247,247,100,100,100,0,33,86,86,186,186],"floor_reached":46,"playtime":1734,"items_purged":["Strike_G","Defend_G"],"score":502,"play_id":"2fb08d73-b51d-49b6-ad96-6653b6af69e9","local_time":"20190330005813","is_ascension_mode":false,"campfire_choices":[{"data":"Dagger Spray","floor":7,"key":"SMITH"},{"data":"Footwork","floor":12,"key":"SMITH"},{"data":"Footwork","floor":15,"key":"SMITH"},{"data":"Backflip","floor":23,"key":"SMITH"},{"data":"Caltrops","floor":28,"key":"SMITH"},{"data":"Footwork","floor":30,"key":"SMITH"},{"floor":32,"key":"REST"},{"data":"Blade Dance","floor":40,"key":"SMITH"},{"data":"Adrenaline","floor":44,"key":"SMITH"}],"neow_cost":"NONE","seed_source_timestamp":703466869737071,"circlet_count":0,"master_deck":["Defend_G+1","Defend_G","Defend_G","Defend_G","Strike_G","Strike_G+1","Strike_G+1","Survivor","Neutralize+1","Poisoned Stab","Caltrops+1","Dagger Spray+1","Footwork+1","Dodge and Roll","Footwork+1","Corpse Explosion","Dodge and Roll+1","Backflip+1","Footwork+1","Acrobatics+1","Prepared+1","Adrenaline+1","Blade Dance+1","Crippling Poison+1","Backstab+1"],"relics":["Ring of the Snake","NeowsBlessing","Blood Vial","Gremlin Horn","Whetstone","Kunai","WristBlade","OrangePellets","Lantern","Eternal Feather","Red Mask","Ancient Tea Set","Vajra","Tingsha"],"potions_floor_usage":[27,33],"damage_taken":[{"damage":0,"enemies":"Cultist","floor":1,"turns":1},{"damage":0,"enemies":"Jaw Worm","floor":4,"turns":1},{"damage":0,"enemies":"Gremlin Nob","floor":6,"turns":1},{"damage":0,"enemies":"Small Slimes","floor":13,"turns":3},{"damage":11,"enemies":"3 Sentries","floor":14,"turns":4},{"damage":30,"enemies":"Slime Boss","floor":16,"turns":16},{"damage":10,"enemies":"Chosen","floor":18,"turns":7},{"damage":14,"enemies":"Spheric Guardian","floor":20,"turns":6},{"damage":15,"enemies":"Snecko","floor":22,"turns":8},{"damage":2,"enemies":"Shelled Parasite and Fungi","floor":25,"turns":6},{"damage":0,"enemies":"Snake Plant","floor":27,"turns":5},{"damage":3,"enemies":"Centurion and Healer","floor":29,"turns":8},{"damage":10,"enemies":"Sentry and Sphere","floor":31,"turns":8},{"damage":32,"enemies":"Collector","floor":33,"turns":13},{"damage":6,"enemies":"Orb Walker","floor":35,"turns":7},{"damage":0,"enemies":"Nemesis","floor":42,"turns":13},{"damage":0,"enemies":"Mind Bloom Boss Battle","floor":45,"turns":8},{"damage":33,"enemies":"Giant Head","floor":46,"turns":11}],"seed_played":"-7041218225253467669","potions_obtained":[{"floor":14,"key":"SpeedPotion"},{"floor":16,"key":"PowerPotion"},{"floor":20,"key":"AttackPotion"},{"floor":22,"key":"Dexterity Potion"},{"floor":27,"key":"LiquidBronze"},{"floor":33,"key":"Strength Potion"}],"is_trial":false,"path_per_floor":["M","$","?","M","T","E","R","$","T","?","$","R","M","E","R","B",null,"M","$","M","?","M","R","$","M","T","M","R","M","R","M","R","B",null,"M","?","?","$","?","R","?","E","T","R","?","E"],"character_chosen":"THE_SILENT","items_purchased":["Footwork","OrangePellets","Blade Dance"],"campfire_rested":1,"item_purchase_floors":[8,19,38],"current_hp_per_floor":[70,70,70,70,70,70,70,70,70,56,56,56,58,49,49,21,70,60,60,48,48,35,35,35,35,35,37,37,36,36,28,49,19,70,64,64,64,64,64,66,66,66,66,66,66,33],"gold":186,"neow_bonus":"THREE_ENEMY_KILL","is_prod":false,"is_daily":false,"chose_seed":false,"campfire_upgraded":8,"win_rate":0,"timestamp":1553875093,"path_taken":["M","$","?","M","?","E","R","$","T","?","?","R","M","E","R","BOSS","M","$","M","?","M","R","$","M","T","?","R","M","R","?","R","BOSS","M","?","?","$","?","R","?","E","T","R","?","E"],"build_version":"2019-01-23","purchased_purges":2,"victory":false,"max_hp_per_floor":[70,70,70,70,70,70,70,70,70,70,70,70,70,70,70,70,70,70,70,70,70,70,70,70,70,70,70,70,70,70,70,70,70,70,70,70,70,70,66,66,66,66,66,66,66,66],"card_choices":[{"not_picked":["Quick Slash","Terror"],"picked":"Poisoned Stab","floor":1},{"not_picked":["Choke","Well Laid Plans"],"picked":"Caltrops","floor":4},{"not_picked":["Reflex","Deflect"],"picked":"Dagger Spray","floor":6},{"not_picked":["Poisoned Stab","Slice"],"picked":"Dodge and Roll","floor":13},{"not_picked":["Crippling Poison","Dodge and Roll"],"picked":"Footwork","floor":14},{"not_picked":["After Image","Doppelganger"],"picked":"Corpse Explosion","floor":16},{"not_picked":["Poisoned Stab","Dagger Spray"],"picked":"Dodge and Roll+1","floor":18},{"not_picked":["Choke","Bane","Expertise"],"picked":"SKIP","floor":20},{"not_picked":["Dagger Throw","Finisher"],"picked":"Backflip","floor":22},{"not_picked":["Eviscerate","Bouncing Flask"],"picked":"Footwork","floor":25},{"not_picked":["Poisoned Stab+1","Outmaneuver"],"picked":"Acrobatics+1","floor":27},{"not_picked":["Dagger Spray","Setup+1","Corpse Explosion"],"picked":"SKIP","floor":29},{"not_picked":["Dagger Spray","Setup+1","Corpse Explosion"],"picked":"SKIP","floor":29},{"not_picked":["Outmaneuver","Reflex"],"picked":"Prepared+1","floor":31},{"not_picked":["Tools of the Trade","Glass Knife"],"picked":"Adrenaline","floor":33},{"not_picked":["Deadly Poison","Backflip"],"picked":"Slice+1","floor":35},{"not_picked":["Dagger Spray+1","Infinite Blades+1"],"picked":"Crippling Poison+1","floor":42},{"not_picked":["Wraith Form v2","Bane+1"],"picked":"Backstab+1","floor":45}],"player_experience":371849,"relics_obtained":[{"floor":5,"key":"Blood Vial"},{"floor":6,"key":"Gremlin Horn"},{"floor":9,"key":"Whetstone"},{"floor":14,"key":"Kunai"},{"floor":26,"key":"Lantern"},{"floor":42,"key":"Ancient Tea Set"},{"floor":43,"key":"Vajra"},{"floor":45,"key":"Tingsha"}],"event_choices":[{"damage_healed":0,"gold_gain":0,"player_choice":"Ignored","damage_taken":0,"max_hp_gain":0,"max_hp_loss":0,"event_name":"Liars Game","floor":3,"gold_loss":0},{"damage_healed":0,"gold_gain":0,"player_choice":"Entered Light","damage_taken":14,"max_hp_gain":0,"max_hp_loss":0,"event_name":"Shining Light","floor":10,"gold_loss":0,"cards_upgraded":["Defend_G","Neutralize"]},{"cards_removed":["Strike_G"],"damage_healed":0,"gold_gain":0,"player_choice":"Offered Basic","damage_taken":0,"max_hp_gain":0,"max_hp_loss":0,"event_name":"Bonfire Elementals","floor":21,"gold_loss":0},{"cards_removed":["Slice"],"damage_healed":0,"gold_gain":0,"player_choice":"Removed Attack","damage_taken":0,"max_hp_gain":0,"max_hp_loss":0,"event_name":"Falling","floor":36,"gold_loss":0},{"damage_healed":0,"gold_gain":0,"player_choice":"Ignored","damage_taken":0,"max_hp_gain":0,"max_hp_loss":0,"event_name":"Mysterious Sphere","floor":37,"gold_loss":0},{"damage_healed":0,"gold_gain":0,"player_choice":"Max HP","damage_taken":0,"max_hp_gain":0,"max_hp_loss":4,"event_name":"Winding Halls","floor":39,"gold_loss":0},{"damage_healed":0,"gold_gain":0,"player_choice":"Paid","damage_taken":0,"relics_obtained":["Red Mask"],"max_hp_gain":0,"max_hp_loss":0,"event_name":"Tomb of Lord Red Mask","floor":41,"gold_loss":100},{"damage_healed":0,"gold_gain":0,"player_choice":"Fight","damage_taken":0,"max_hp_gain":0,"max_hp_loss":0,"event_name":"MindBloom","floor":45,"gold_loss":0}],"is_beta":false,"boss_relics":[{"not_picked":["Lizard Tail","Sozu"],"picked":"WristBlade"},{"not_picked":["Ring of the Serpent","Velvet Choker"],"picked":"Eternal Feather"}],"items_purged_floors":[2,38],"is_endless":false,"potions_floor_spawned":[14,16,20,22,25,27,31,33,35,42],"killed_by":"Giant Head","ascension_level":0}