{"gold_per_floor":[113,130,80,180,198,198,211,211,211,222,252,252,271,288,288,362,362,380,380,142,161,173,173,208,71,94,119,133,10,10,22,22,22],"floor_reached":33,"playtime":4280,"items_purged":["Defend_B","Barrage","Doom and Gloom"],"score":427,"play_id":"0e8240c7-206d-4689-99c2-5af3b4d8316b","local_time":"20190516181111","is_ascension_mode":true,"campfire_choices":[{"data":"White Noise","floor":6,"key":"SMITH"},{"data":"Melter","floor":8,"key":"SMITH"},{"data":"White Noise","floor":12,"key":"SMITH"},{"data":"Recycle","floor":15,"key":"SMITH"},{"floor":23,"key":"REST"},{"floor":30,"key":"REST"},{"floor":32,"key":"REST"}],"neow_cost":"TEN_PERCENT_HP_LOSS","seed_source_timestamp":629673031870027,"circlet_count":0,"master_deck":["AscendersBane","Zap","Dualcast","Leap","Melter+1","White Noise+1","Genetic Algorithm","Sweeping Beam","White Noise+1","Recycle+1","Buffer","BootSequence","Machine Learning","Go for the Eyes","Bandage Up","Blizzard"],"relics":["Cracked Core","Pear","Tiny Chest","Empty Cage","Smiling Mask","Bag of Preparation","Blood Vial"],"potions_floor_usage":[16,18,22,28,31,33],"damage_taken":[{"damage":0,"enemies":"2 Louse","floor":1,"turns":3},{"damage":0,"enemies":"Cultist","floor":2,"turns":3},{"damage":1,"enemies":"Small Slimes","floor":5,"turns":4},{"damage":3,"enemies":"Exordium Wildlife","floor":7,"turns":4},{"damage":2,"enemies":"2 Fungi Beasts","floor":10,"turns":3},{"damage":6,"enemies":"Blue Slaver","floor":13,"turns":4},{"damage":11,"enemies":"Looter","floor":14,"turns":3},{"damage":53,"enemies":"Hexaghost","floor":16,"turns":10},{"damage":21,"enemies":"Chosen","floor":18,"turns":6},{"damage":4,"enemies":"3 Byrds","floor":21,"turns":4},{"damage":16,"enemies":"Shelled Parasite and Fungi","floor":22,"turns":7},{"damage":26,"enemies":"Slavers","floor":24,"turns":4},{"damage":14,"enemies":"Snake Plant","floor":28,"turns":5},{"damage":28,"enemies":"Chosen and Byrds","floor":31,"turns":8},{"damage":62,"enemies":"Champ","floor":33,"turns":15}],"seed_played":"-4257642910747724667","potions_obtained":[{"floor":1,"key":"PowerPotion"},{"floor":7,"key":"Swift Potion"},{"floor":10,"key":"Block Potion"},{"floor":21,"key":"Ancient Potion"},{"floor":22,"key":"SkillPotion"},{"floor":31,"key":"SkillPotion"}],"is_trial":false,"path_per_floor":["M","M","?","?","M","R","M","R","T","M","?","R","M","M","R","B",null,"M","?","$","M","M","R","E","$","T","T","M","$","R","M","R","B"],"character_chosen":"DEFECT","items_purchased":["Machine Learning","Bandage Up","Regen Potion"],"campfire_rested":3,"item_purchase_floors":[20,25,29],"current_hp_per_floor":[68,68,68,68,67,67,64,64,74,72,72,72,66,55,55,2,59,38,38,38,34,18,41,15,15,15,15,7,7,30,23,46,0],"gold":22,"neow_bonus":"TRANSFORM_TWO_CARDS","is_prod":false,"is_daily":false,"chose_seed":false,"campfire_upgraded":4,"win_rate":0,"timestamp":1558055471,"path_taken":["M","M","?","?","M","R","M","R","T","?","?","R","M","M","R","BOSS","M","?","$","M","M","R","E","$","T","?","M","?","R","M","R","BOSS"],"build_version":"2019-01-23","purchased_purges":3,"victory":false,"max_hp_per_floor":[68,68,68,68,68,68,68,68,78,78,78,78,78,78,78,78,78,78,78,78,78,78,78,78,78,78,78,78,78,78,78,78,78],"card_choices":[{"not_picked":["Heatsinks","Redo"],"picked":"White Noise","floor":1},{"not_picked":["Reprogram","FTL"],"picked":"Genetic Algorithm","floor":2},{"not_picked":["Defragment","Ball Lightning"],"picked":"Sweeping Beam","floor":5},{"not_picked":["Cold Snap","Barrage","Reprogram"],"picked":"SKIP","floor":7},{"not_picked":["Rebound","Rainbow"],"picked":"White Noise","floor":10},{"not_picked":["Rebound","Beam Cell","Streamline"],"picked":"SKIP","floor":13},{"not_picked":["Hologram","Rebound"],"picked":"Recycle","floor":14},{"not_picked":["Reboot","All For One"],"picked":"Buffer","floor":16},{"not_picked":["Compile Driver","Coolheaded"],"picked":"BootSequence","floor":18},{"not_picked":["Stack+1","Cold Snap"],"picked":"Go for the Eyes","floor":21},{"not_picked":["Consume","Redo","Gash"],"picked":"SKIP","floor":22},{"not_picked":["Coolheaded","Redo","Steam"],"picked":"SKIP","floor":24},{"not_picked":["Coolheaded","Cold Snap","Beam Cell"],"picked":"SKIP","floor":28},{"not_picked":["Turbo","Leap"],"picked":"Blizzard","floor":31}],"player_experience":591456,"relics_obtained":[{"floor":9,"key":"Pear"},{"floor":24,"key":"Smiling Mask"},{"floor":26,"key":"Bag of Preparation"},{"floor":27,"key":"Blood Vial"}],"event_choices":[{"cards_removed":["Strike_B"],"damage_healed":0,"gold_gain":0,"player_choice":"Card Removal","damage_taken":0,"max_hp_gain":0,"max_hp_loss":0,"event_name":"The Cleric","floor":3,"gold_loss":50},{"damage_healed":0,"gold_gain":100,"player_choice":"Gold","damage_taken":0,"max_hp_gain":0,"max_hp_loss":0,"event_name":"Wheel of Change","floor":4,"gold_loss":0},{"damage_healed":0,"gold_gain":0,"player_choice":"Searched \u00271\u0027 times","damage_taken":0,"relics_obtained":["Tiny Chest"],"max_hp_gain":0,"max_hp_loss":0,"event_name":"Dead Adventurer","floor":11,"gold_loss":0},{"damage_healed":0,"gold_gain":0,"cards_transformed":["Defend_B","Defend_B"],"player_choice":"Became Test Subject","damage_taken":0,"max_hp_gain":0,"max_hp_loss":0,"event_name":"Drug Dealer","floor":19,"gold_loss":0,"cards_obtained":["Barrage","Doom and Gloom"]}],"is_beta":false,"boss_relics":[{"not_picked":["Sozu","Snecko Eye"],"picked":"Empty Cage"}],"items_purged_floors":[20,25,29],"is_endless":false,"potions_floor_spawned":[1,7,10,13,21,22,31],"killed_by":"Champ","ascension_level":13}