{"gold_per_floor":[117,36,47,64,64,64,89,104,104,132,149,168,168,186,186,281,281,298,312,234,234,254,254,54,69,69,99,99],"floor_reached":28,"playtime":961,"items_purged":[],"score":252,"play_id":"f8961369-eba5-48f3-86de-d319643ba154","local_time":"20190127145047","is_ascension_mode":false,"campfire_choices":[{"data":"Creative AI","floor":6,"key":"SMITH"},{"data":"Sunder","floor":13,"key":"SMITH"},{"data":"Go for the Eyes","floor":15,"key":"SMITH"},{"data":"Rainbow","floor":23,"key":"SMITH"}],"neow_cost":"NONE","seed_source_timestamp":184653633304759,"circlet_count":0,"master_deck":["Strike_B","Strike_B","Defend_B","Defend_B","Defend_B","Defend_B","Zap","Dualcast","Coolheaded","Static Discharge","Conserve Battery","Sunder+1","Creative AI+1","Conserve Battery","Doom and Gloom","Go for the Eyes+1","Redo","Rainbow+1","Force Field+1","Static Discharge","Static Discharge","Apotheosis","Capacitor","Barrage+1","Conserve Battery"],"relics":["Cracked Core","NeowsBlessing","Meat on the Bone","Bottled Tornado","Mercury Hourglass","White Beast Statue","Emotion Chip","DataDisk"],"potions_floor_usage":[7,12,19,22,22,25,27,27,28],"damage_taken":[{"damage":0,"enemies":"Cultist","floor":1,"turns":1},{"damage":0,"enemies":"2 Louse","floor":3,"turns":1},{"damage":0,"enemies":"Small Slimes","floor":4,"turns":1},{"damage":14,"enemies":"3 Sentries","floor":7,"turns":8},{"damage":4,"enemies":"3 Louse","floor":8,"turns":3},{"damage":42,"enemies":"Gremlin Nob","floor":10,"turns":4},{"damage":8,"enemies":"Large Slime","floor":11,"turns":4},{"damage":11,"enemies":"Exordium Wildlife","floor":12,"turns":4},{"damage":9,"enemies":"Exordium Thugs","floor":14,"turns":3},{"damage":20,"enemies":"The Guardian","floor":16,"turns":11},{"damage":20,"enemies":"Spheric Guardian","floor":18,"turns":4},{"damage":19,"enemies":"Shell Parasite","floor":19,"turns":5},{"damage":19,"enemies":"Chosen and Byrds","floor":22,"turns":5},{"damage":18,"enemies":"Shelled Parasite and Fungi","floor":25,"turns":6},{"damage":29,"enemies":"Gremlin Leader","floor":27,"turns":6},{"damage":18,"enemies":"Cultist and Chosen","floor":28,"turns":4}],"seed_played":"-6956599200019722639","potions_obtained":[{"floor":1,"key":"Energy Potion"},{"floor":11,"key":"Regen Potion"},{"floor":12,"key":"AttackPotion"},{"floor":14,"key":"EssenceOfSteel"},{"floor":18,"key":"Poison Potion"},{"floor":19,"key":"Explosive Potion"},{"floor":22,"key":"FocusPotion"},{"floor":25,"key":"Strength Potion"},{"floor":27,"key":"Energy Potion"}],"is_trial":false,"path_per_floor":["M","$","M","M","?","R","E","M","T","E","M","M","R","M","R","B",null,"M","M","$","?","M","R","$","M","T","E","M"],"character_chosen":"DEFECT","items_purchased":["Static Discharge","Conserve Battery","Static Discharge","Apotheosis","Capacitor"],"campfire_rested":0,"item_purchase_floors":[2,2,20,24,24],"current_hp_per_floor":[75,75,75,75,75,75,61,57,57,27,31,44,44,47,47,39,75,55,48,48,48,41,41,41,35,35,18,0],"gold":99,"neow_bonus":"THREE_ENEMY_KILL","is_prod":false,"is_daily":false,"chose_seed":false,"campfire_upgraded":4,"win_rate":0,"timestamp":1548597047,"path_taken":["M","$","?","M","?","R","E","?","T","E","M","M","R","M","R","BOSS","M","M","$","?","M","R","$","M","T","E","M"],"build_version":"2019-01-23","purchased_purges":0,"victory":false,"max_hp_per_floor":[75,75,75,75,75,75,75,75,75,75,75,75,75,75,75,75,75,75,75,75,75,75,75,75,75,75,75,75],"card_choices":[{"not_picked":["Undo","Rebound"],"picked":"Coolheaded","floor":1},{"not_picked":["Hologram","Reinforced Body"],"picked":"Sunder","floor":3},{"not_picked":["Streamline","Coolheaded"],"picked":"Creative AI","floor":4},{"not_picked":["Streamline","Leap","Rebound"],"picked":"SKIP","floor":7},{"not_picked":["Leap","Turbo"],"picked":"Conserve Battery","floor":8},{"not_picked":["Force Field","Fusion"],"picked":"Doom and Gloom","floor":10},{"not_picked":["Meteor Strike","Steam"],"picked":"Go for the Eyes","floor":11},{"not_picked":["Ball Lightning","Gash","Leap"],"picked":"SKIP","floor":12},{"not_picked":["Skim","Barrage"],"picked":"Redo","floor":14},{"not_picked":["Biased Cognition","Thunder Strike"],"picked":"Rainbow","floor":16},{"not_picked":["Ball Lightning","Turbo","Rebound+1"],"picked":"SKIP","floor":18},{"not_picked":["Stack","Conserve Battery"],"picked":"Force Field+1","floor":19},{"not_picked":["Coolheaded+1","Darkness"],"picked":"Static Discharge","floor":22},{"not_picked":["Aggregate","Leap"],"picked":"Barrage+1","floor":25},{"not_picked":["Heatsinks","Turbo"],"picked":"Conserve Battery","floor":27}],"player_experience":203177,"relics_obtained":[{"floor":7,"key":"Meat on the Bone"},{"floor":9,"key":"Bottled Tornado"},{"floor":10,"key":"Mercury Hourglass"},{"floor":26,"key":"Emotion Chip"},{"floor":27,"key":"DataDisk"}],"event_choices":[{"cards_removed":["Strike_B"],"damage_healed":0,"gold_gain":0,"player_choice":"Purged","damage_taken":0,"max_hp_gain":0,"max_hp_loss":0,"event_name":"Purifier","floor":5,"gold_loss":0},{"cards_removed":["Strike_B"],"damage_healed":0,"gold_gain":0,"player_choice":"Offered Basic","damage_taken":0,"max_hp_gain":0,"max_hp_loss":0,"event_name":"Bonfire Elementals","floor":21,"gold_loss":0}],"is_beta":false,"boss_relics":[{"not_picked":["Ectoplasm","Coffee Dripper"],"picked":"White Beast Statue"}],"items_purged_floors":[],"is_endless":false,"potions_floor_spawned":[1,11,12,14,18,19,22,25,27],"killed_by":"Cultist and Chosen","ascension_level":0}