{"gold_per_floor":[15,28,42,42,42,42,53,53,79,79,79,79,107,120,120,197,197,214,214,214,49,49,49,49],"floor_reached":24,"playtime":1024,"items_purged":[],"score":378,"play_id":"9630f6fd-7dea-46d3-bad6-527dbed208b1","local_time":"20190528153037","is_ascension_mode":true,"campfire_choices":[{"data":"Doom and Gloom","floor":6,"key":"SMITH"},{"data":"Zap","floor":10,"key":"SMITH"},{"data":"Ball Lightning","floor":12,"key":"SMITH"},{"data":"Steam","floor":15,"key":"SMITH"},{"floor":23,"key":"REST"}],"neow_cost":"NO_GOLD","seed_source_timestamp":257736387933326,"circlet_count":0,"master_deck":["AscendersBane","Strike_B","Strike_B","Defend_B","Defend_B","Defend_B","Defend_B","Zap+1","Dualcast","Ball Lightning+1","Doom and Gloom+1","Core Surge","Steam+1","Leap","Buffer","Ball Lightning","Writhe"],"relics":["Cracked Core","Bottled Flame","Boot","Bottled Lightning","Runic Pyramid","PreservedInsect","Art of War"],"potions_floor_usage":[16,18,19],"damage_taken":[{"damage":2,"enemies":"Cultist","floor":1,"turns":4},{"damage":2,"enemies":"2 Louse","floor":2,"turns":3},{"damage":0,"enemies":"Small Slimes","floor":3,"turns":3},{"damage":10,"enemies":"Gremlin Gang","floor":7,"turns":3},{"damage":25,"enemies":"Lagavulin","floor":13,"turns":4},{"damage":6,"enemies":"Looter","floor":14,"turns":3},{"damage":18,"enemies":"Hexaghost","floor":16,"turns":8},{"damage":0,"enemies":"Spheric Guardian","floor":18,"turns":4},{"damage":0,"enemies":"2 Thieves","floor":19,"turns":1},{"damage":22,"enemies":"Colosseum Slavers","floor":20,"turns":3},{"damage":64,"enemies":"Slavers","floor":24,"turns":3}],"seed_played":"3301564050553916193","potions_obtained":[{"floor":1,"key":"GamblersBrew"},{"floor":7,"key":"FocusPotion"},{"floor":11,"key":"SmokeBomb"},{"floor":11,"key":"LiquidBronze"},{"floor":16,"key":"SpeedPotion"}],"is_trial":false,"path_per_floor":["M","M","M","$","?","R","M","T","T","R","?","R","E","M","R","B",null,"M","M","?","$","?","R","E"],"character_chosen":"DEFECT","items_purchased":["PreservedInsect"],"campfire_rested":1,"item_purchase_floors":[21],"current_hp_per_floor":[62,60,60,60,60,60,50,50,50,50,50,50,25,19,19,1,54,54,54,32,32,32,53,0],"gold":49,"neow_bonus":"REMOVE_TWO","is_prod":false,"is_daily":false,"chose_seed":false,"campfire_upgraded":4,"win_rate":0,"timestamp":1559082637,"path_taken":["M","?","M","?","?","R","?","?","T","R","?","R","E","M","R","BOSS","M","?","?","$","?","R","E"],"build_version":"2019-01-23","purchased_purges":0,"victory":false,"max_hp_per_floor":[71,71,71,71,71,71,71,71,71,71,71,71,71,71,71,71,71,71,71,71,71,71,71,71],"card_choices":[{"not_picked":["White Noise","Conserve Battery"],"picked":"Ball Lightning","floor":1},{"not_picked":["Compile Driver","Leap"],"picked":"Doom and Gloom","floor":2},{"not_picked":["Gash","Beam Cell","Scrape"],"picked":"SKIP","floor":3},{"not_picked":["Recycle","Turbo","Heatsinks"],"picked":"SKIP","floor":7},{"not_picked":["Steam","Cold Snap","Redo"],"picked":"SKIP","floor":13},{"not_picked":["Cold Snap","Redo"],"picked":"Steam","floor":13},{"not_picked":["Skim","Redo"],"picked":"Leap","floor":14},{"not_picked":["Multi-Cast","Reboot"],"picked":"Buffer","floor":16},{"not_picked":["Steam Power","Rebound"],"picked":"Ball Lightning","floor":18}],"player_experience":796246,"relics_obtained":[{"floor":8,"key":"Bottled Flame"},{"floor":9,"key":"Boot"},{"floor":13,"key":"Bottled Lightning"}],"event_choices":[{"damage_healed":0,"gold_gain":0,"player_choice":"1 cards matched","damage_taken":0,"max_hp_gain":0,"max_hp_loss":0,"event_name":"Match and Keep!","floor":5,"gold_loss":0,"cards_obtained":["Core Surge"]},{"damage_healed":0,"gold_gain":0,"player_choice":"Got Potions","damage_taken":0,"max_hp_gain":0,"max_hp_loss":0,"event_name":"Lab","floor":11,"gold_loss":0},{"damage_healed":0,"gold_gain":0,"player_choice":"Fight","damage_taken":0,"max_hp_gain":0,"max_hp_loss":0,"event_name":"Colosseum","floor":20,"gold_loss":0},{"damage_healed":0,"gold_gain":0,"player_choice":"Fled From Nobs","damage_taken":0,"max_hp_gain":0,"max_hp_loss":0,"event_name":"Colosseum","floor":20,"gold_loss":0},{"damage_healed":0,"gold_gain":0,"player_choice":"Opened","damage_taken":0,"relics_obtained":["Art of War"],"max_hp_gain":0,"max_hp_loss":0,"event_name":"The Mausoleum","floor":22,"gold_loss":0,"cards_obtained":["Writhe"]}],"is_beta":false,"boss_relics":[{"not_picked":["Ectoplasm","Philosopher\u0027s Stone"],"picked":"Runic Pyramid"}],"items_purged_floors":[],"is_endless":false,"potions_floor_spawned":[1,7,16,19],"killed_by":"Slavers","ascension_level":19}