{"gold_per_floor":[361,373,38,51,51,51,51,51,77,110,110,110,126,144,144,245,245,262,262,262,57,57,57,73,90,90,90,90,104,104],"floor_reached":30,"playtime":953,"items_purged":[],"score":228,"play_id":"85eedb8d-38af-4237-b723-8dcf1d97a869","local_time":"20190517230047","is_ascension_mode":false,"campfire_choices":[{"data":"White Noise","floor":6.0,"key":"SMITH"},{"data":"Dualcast","floor":12.0,"key":"SMITH"},{"data":"Zap","floor":15.0,"key":"SMITH"},{"data":"Rainbow","floor":23,"key":"SMITH"},{"data":"Strike_B","floor":28,"key":"PURGE"}],"neow_cost":"TEN_PERCENT_HP_LOSS","seed_source_timestamp":91428396947714,"circlet_count":0,"master_deck":["Strike_B","Strike_B","Defend_B+1","Defend_B","Defend_B","Zap+1","Dualcast+1","White Noise+1","Conserve Battery","Self Repair","Coolheaded+1","BootSequence","Rainbow+1","Consume","Core Surge","Fusion+1","Defragment"],"special_seed":0,"relics":["Cracked Core","Mummified Hand","Art of War","CultistMask","Calling Bell","Strawberry","Question Card","Peace Pipe","Membership Card","The Courier"],"potions_floor_usage":[],"damage_taken":[{"damage":0.0,"enemies":"Small Slimes","floor":1.0,"turns":3.0},{"damage":13.0,"enemies":"Jaw Worm","floor":2.0,"turns":3.0},{"damage":0.0,"enemies":"2 Louse","floor":4.0,"turns":3.0},{"damage":20.0,"enemies":"3 Sentries","floor":10.0,"turns":9.0},{"damage":6.0,"enemies":"Gremlin Gang","floor":13.0,"turns":5.0},{"damage":2.0,"enemies":"Large Slime","floor":14.0,"turns":6.0},{"damage":25.0,"enemies":"The Guardian","floor":16.0,"turns":22.0},{"damage":16.0,"enemies":"3 Byrds","floor":18.0,"turns":7.0},{"damage":1,"enemies":"Chosen","floor":24,"turns":4},{"damage":51,"enemies":"3 Cultists","floor":25,"turns":6},{"damage":10,"enemies":"Snecko","floor":29,"turns":5}],"seed_played":"-4203197854743348731","potions_obtained":[{"floor":1.0,"key":"Dexterity Potion"},{"floor":2.0,"key":"SpeedPotion"},{"floor":10.0,"key":"Block Potion"},{"floor":25,"key":"Energy Potion"}],"is_trial":false,"path_per_floor":["M","M","$","M","?","R","$","?","T","E","?","R","M","M","R","B",null,"M","?","?","$","?","R","M","M","T","?","R","M","?"],"character_chosen":"DEFECT","items_purchased":["Mummified Hand","Self Repair","Membership Card"],"campfire_rested":0,"item_purchase_floors":[3,3,21],"current_hp_per_floor":[68,55,55,62,48,48,48,41,41,28,28,28,29,34,34,16,75,66,66,66,66,66,66,72,28,28,14,14,11,0],"gold":104,"neow_bonus":"TWO_FIFTY_GOLD","is_prod":false,"is_daily":false,"chose_seed":false,"campfire_upgraded":4,"win_rate":0,"timestamp":1558101647,"path_taken":["M","M","$","M","?","R","$","?","T","E","?","R","?","M","R","BOSS","M","?","?","$","?","R","?","M","T","?","R","M","?"],"build_version":"2019-01-23","purchased_purges":0,"victory":false,"max_hp_per_floor":[68,68,68,68,68,68,68,68,68,68,68,68,68,68,68,68,75,75,75,75,75,75,75,75,75,75,80,80,80,80],"card_choices":[{"not_picked":["Turbo","Double Energy"],"picked":"White Noise","floor":1.0},{"not_picked":["Reprogram","Rebound"],"picked":"Conserve Battery","floor":2.0},{"not_picked":["Steam Power","Steam"],"picked":"Coolheaded","floor":4.0},{"not_picked":["Doom and Gloom","Skim"],"picked":"BootSequence","floor":10.0},{"not_picked":["Redo","Barrage","Beam Cell"],"picked":"SKIP","floor":13.0},{"not_picked":["Go for the Eyes","Beam Cell","Redo"],"picked":"SKIP","floor":14.0},{"not_picked":["Machine Learning","Multi-Cast"],"picked":"Rainbow","floor":16.0},{"not_picked":["Compile Driver","Gash+1","Force Field"],"picked":"Consume","floor":18.0},{"not_picked":["Rebound+1","Beam Cell+1","Compile Driver","Consume"],"picked":"SKIP","floor":24},{"not_picked":["Barrage+1","Leap","Self Repair"],"picked":"Fusion+1","floor":25},{"not_picked":["Sweeping Beam","Skim+1","Fusion"],"picked":"Defragment","floor":29}],"player_experience":426439,"relics_obtained":[{"floor":9.0,"key":"Art of War"},{"floor":17.0,"key":"Strawberry"},{"floor":17.0,"key":"Question Card"},{"floor":17.0,"key":"Peace Pipe"},{"floor":26,"key":"The Courier"}],"event_choices":[{"damage_healed":0.0,"max_hp_gain":0.0,"max_hp_loss":0.0,"gold_gain":0.0,"event_name":"Shining Light","player_choice":"Entered Light","floor":5.0,"gold_loss":0.0,"damage_taken":14.0,"cards_upgraded":["Defend_B","Coolheaded"]},{"cards_removed":["Strike_B"],"damage_healed":0.0,"max_hp_gain":0.0,"max_hp_loss":0.0,"gold_gain":0.0,"event_name":"Golden Wing","player_choice":"Card Removal","floor":8.0,"gold_loss":0.0,"damage_taken":7.0},{"damage_healed":0.0,"max_hp_gain":0.0,"max_hp_loss":0.0,"gold_gain":0.0,"event_name":"FaceTrader","player_choice":"Trade","floor":11.0,"gold_loss":0.0,"damage_taken":0.0,"relics_obtained":["CultistMask"]},{"damage_healed":0.0,"max_hp_gain":0.0,"max_hp_loss":0.0,"gold_gain":0.0,"event_name":"Ghosts","player_choice":"Ignored","floor":19.0,"gold_loss":0.0,"damage_taken":0.0},{"damage_healed":0.0,"max_hp_gain":0.0,"max_hp_loss":0.0,"gold_gain":0.0,"event_name":"Vampires","player_choice":"Ignored","floor":20.0,"gold_loss":0.0,"damage_taken":0.0},{"damage_healed":0,"gold_gain":0,"cards_transformed":["Defend_B"],"player_choice":"Transformed","damage_taken":0,"max_hp_gain":0,"max_hp_loss":0,"event_name":"Transmorgrifier","floor":22,"gold_loss":0,"cards_obtained":["Core Surge"]},{"damage_healed":0,"gold_gain":0,"player_choice":"Shed Blood","damage_taken":19,"max_hp_gain":5,"max_hp_loss":0,"event_name":"Forgotten Altar","floor":27,"gold_loss":0}],"is_beta":false,"boss_relics":[{"not_picked":["Black Star","Nuclear Battery"],"picked":"Calling Bell"}],"items_purged_floors":[],"is_endless":false,"potions_floor_spawned":[1,2,10,25,29],"ascension_level":0}