{"gold_per_floor":[119,44,56,76,151,209,228,403,430,430,443,443,469,122,122,122],"floor_reached":16,"playtime":467,"items_purged":["Pain","Doubt"],"score":135,"play_id":"5db57e9c-9b17-4192-b0fb-9fc21d6d7873","local_time":"20181118193837","is_ascension_mode":false,"campfire_choices":[{"floor":10,"key":"REST"},{"floor":15,"key":"REST"}],"neow_cost":"CURSE","seed_source_timestamp":42439417945893,"circlet_count":0,"master_deck":["Strike_R","Strike_R","Strike_R","Strike_R","Strike_R","Defend_R","Defend_R","Defend_R","Defend_R","Bash","Thunderclap","Anger","Impervious","Shrug It Off","Anger","Thunderclap+1","Armaments","The Bomb"],"relics":["Burning Blood","Tiny Chest","PreservedInsect","Orichalcum","Molten Egg 2"],"potions_floor_usage":[6,6,13],"damage_taken":[{"damage":19,"enemies":"Small Slimes","floor":1,"turns":5},{"damage":8,"enemies":"2 Louse","floor":3,"turns":3},{"damage":5,"enemies":"Jaw Worm","floor":4,"turns":4},{"damage":43,"enemies":"Lagavulin","floor":6,"turns":9},{"damage":26,"enemies":"Exordium Thugs","floor":7,"turns":6},{"damage":21,"enemies":"2 Fungi Beasts","floor":11,"turns":5},{"damage":9,"enemies":"3 Sentries","floor":13,"turns":7},{"damage":51,"enemies":"The Guardian","floor":16,"turns":12}],"seed_played":"7551846319341605811","potions_obtained":[{"floor":3,"key":"Weak Potion"},{"floor":4,"key":"Energy Potion"},{"floor":11,"key":"Dexterity Potion"},{"floor":13,"key":"Strength Potion"}],"is_trial":false,"path_per_floor":["M","$","M","M","?","E","M","?","T","R","M","?","E","$","R","B"],"character_chosen":"IRONCLAD","items_purchased":["Armaments","The Bomb"],"campfire_rested":2,"item_purchase_floors":[14,14],"current_hp_per_floor":[83,83,81,82,71,34,14,14,14,42,27,24,21,21,49,0],"gold":122,"neow_bonus":"TWENTY_PERCENT_HP_BONUS","is_prod":false,"is_daily":false,"chose_seed":false,"campfire_upgraded":0,"win_rate":0,"timestamp":1542566317,"path_taken":["M","$","M","M","?","E","M","?","T","R","M","?","E","?","R","BOSS"],"build_version":"2018-11-15","purchased_purges":2,"victory":false,"max_hp_per_floor":[96,96,96,96,96,96,96,96,96,96,96,96,96,96,96,96],"card_choices":[{"not_picked":["Perfected Strike","Intimidate","Warcry"],"picked":"SKIP","floor":1},{"not_picked":["Evolve","Feel No Pain"],"picked":"Thunderclap","floor":3},{"not_picked":["Warcry","Wild Strike"],"picked":"Anger","floor":4},{"not_picked":["Havoc","Warcry"],"picked":"Impervious","floor":6},{"not_picked":["Second Wind","Carnage"],"picked":"Shrug It Off","floor":7},{"not_picked":["Shockwave","Feel No Pain"],"picked":"Anger","floor":11},{"not_picked":["Sword Boomerang","Pommel Strike"],"picked":"Thunderclap","floor":13}],"player_experience":123075,"relics_obtained":[{"floor":6,"key":"Tiny Chest"},{"floor":9,"key":"PreservedInsect"},{"floor":13,"key":"Molten Egg 2"}],"event_choices":[{"damage_healed":0,"gold_gain":75,"player_choice":"Gather Gold","damage_taken":11,"max_hp_gain":0,"max_hp_loss":0,"event_name":"World of Goop","floor":5,"gold_loss":0},{"damage_healed":0,"gold_gain":175,"player_choice":"AGREE","damage_taken":0,"max_hp_gain":0,"max_hp_loss":0,"event_name":"Liars Game","floor":8,"gold_loss":0,"cards_obtained":["Doubt"]},{"damage_healed":0,"gold_gain":0,"player_choice":"Success","damage_taken":3,"relics_obtained":["Orichalcum"],"max_hp_gain":0,"max_hp_loss":0,"event_name":"Scrap Ooze","floor":12,"gold_loss":0}],"is_beta":false,"boss_relics":[],"items_purged_floors":[2,14],"is_endless":false,"potions_floor_spawned":[3,4,11,13],"killed_by":"The Guardian","ascension_level":0}