{"gold_per_floor":[116,116,116,130,55,88,88,118,118,118,131,156,156,172,172,301,301,326,326,345,368,568,568,568],"floor_reached":24,"playtime":990,"items_purged":["Strike_B"],"score":276,"play_id":"89107e10-d1bd-41f8-8411-5fa29891cfa7","local_time":"20190504113359","is_ascension_mode":true,"campfire_choices":[{"data":"White Noise","floor":7,"key":"SMITH"},{"data":"Sweeping Beam","floor":13,"key":"SMITH"},{"data":"Hyperbeam","floor":15,"key":"SMITH"},{"floor":23,"key":"REST"}],"neow_cost":"NONE","seed_source_timestamp":232931506998162,"circlet_count":0,"master_deck":["Strike_B+1","Strike_B+1","Defend_B+1","Defend_B+1","Defend_B+1","Defend_B+1","Zap","Dualcast","Leap","White Noise+1","Sweeping Beam+1","Conserve Battery","Gash","Hyperbeam+1","Seek","Cold Snap","White Noise","Sunder+1"],"relics":["Cracked Core","NeowsBlessing","Golden Idol","Shuriken","Dead Branch","Philosopher\u0027s Stone"],"potions_floor_usage":[16,18,24],"damage_taken":[{"damage":0,"enemies":"2 Louse","floor":1,"turns":1},{"damage":0,"enemies":"Small Slimes","floor":4,"turns":1},{"damage":0,"enemies":"Lagavulin","floor":6,"turns":1},{"damage":6,"enemies":"Cultist","floor":11,"turns":3},{"damage":0,"enemies":"Exordium Wildlife","floor":12,"turns":2},{"damage":4,"enemies":"Red Slaver","floor":14,"turns":3},{"damage":6,"enemies":"Hexaghost","floor":16,"turns":9},{"damage":15,"enemies":"Shell Parasite","floor":18,"turns":5},{"damage":0,"enemies":"Chosen","floor":20,"turns":6},{"damage":47,"enemies":"Snake Plant","floor":21,"turns":5},{"damage":31,"enemies":"Slavers","floor":24,"turns":2}],"seed_played":"6496718861599822615","potions_obtained":[{"floor":4,"key":"Explosive Potion"},{"floor":11,"key":"GamblersBrew"},{"floor":12,"key":"Weak Potion"},{"floor":16,"key":"Block Potion"},{"floor":18,"key":"Fire Potion"}],"is_trial":false,"path_per_floor":["M","?","?","M","$","E","R","?","T","?","M","M","R","M","R","B",null,"M","?","M","M","?","R","E"],"character_chosen":"DEFECT","items_purchased":[],"campfire_rested":1,"item_purchase_floors":[],"current_hp_per_floor":[75,75,57,57,57,57,57,57,57,57,51,51,51,47,47,41,67,52,52,52,5,5,27,0],"gold":568,"neow_bonus":"THREE_ENEMY_KILL","is_prod":false,"is_daily":false,"chose_seed":false,"campfire_upgraded":3,"win_rate":0,"timestamp":1556994839,"path_taken":["M","?","?","M","$","E","R","?","T","?","M","M","R","M","R","BOSS","M","?","M","M","?","R","E"],"build_version":"2019-01-23","purchased_purges":1,"victory":false,"max_hp_per_floor":[75,75,75,75,75,75,75,75,75,75,75,75,75,75,75,75,75,75,75,75,75,75,75,75],"card_choices":[{"not_picked":["Coolheaded","Stack"],"picked":"Leap","floor":1},{"not_picked":["Heatsinks","Tempest"],"picked":"White Noise","floor":4},{"not_picked":["Hologram","Multi-Cast"],"picked":"Sweeping Beam","floor":6},{"not_picked":["Rip and Tear","Lockon"],"picked":"Conserve Battery","floor":11},{"not_picked":["Glacier","Coolheaded"],"picked":"Gash","floor":12},{"not_picked":["Coolheaded","Ball Lightning"],"picked":"Hyperbeam","floor":14},{"not_picked":["Multi-Cast","Creative AI"],"picked":"Seek","floor":16},{"not_picked":["Consume","Barrage"],"picked":"Cold Snap","floor":18},{"not_picked":["Recycle","Rebound"],"picked":"White Noise","floor":20},{"not_picked":["Conserve Battery","Streamline"],"picked":"Sunder+1","floor":21}],"player_experience":259289,"relics_obtained":[{"floor":6,"key":"Shuriken"},{"floor":9,"key":"Dead Branch"}],"event_choices":[{"damage_healed":0,"gold_gain":0,"player_choice":"Ignored","damage_taken":0,"max_hp_gain":0,"max_hp_loss":0,"event_name":"Shining Light","floor":2,"gold_loss":0},{"damage_healed":0,"gold_gain":0,"player_choice":"Take Damage","damage_taken":18,"relics_obtained":["Golden Idol"],"max_hp_gain":0,"max_hp_loss":0,"event_name":"Golden Idol","floor":3,"gold_loss":0},{"damage_healed":0,"gold_gain":30,"player_choice":"Searched \u00271\u0027 times","damage_taken":0,"max_hp_gain":0,"max_hp_loss":0,"event_name":"Dead Adventurer","floor":8,"gold_loss":0},{"cards_removed":["Strike_B"],"damage_healed":0,"gold_gain":0,"player_choice":"Purged","damage_taken":0,"max_hp_gain":0,"max_hp_loss":0,"event_name":"Purifier","floor":10,"gold_loss":0},{"damage_healed":0,"gold_gain":0,"player_choice":"Simplicity","damage_taken":0,"max_hp_gain":0,"max_hp_loss":0,"event_name":"Back to Basics","floor":19,"gold_loss":0,"cards_upgraded":["Strike_B","Strike_B","Defend_B","Defend_B","Defend_B","Defend_B"]},{"damage_healed":0,"gold_gain":200,"player_choice":"Gold","damage_taken":0,"max_hp_gain":0,"max_hp_loss":0,"event_name":"Wheel of Change","floor":22,"gold_loss":0}],"is_beta":false,"boss_relics":[{"not_picked":["Calling Bell","Sozu"],"picked":"Philosopher\u0027s Stone"}],"items_purged_floors":[5],"is_endless":false,"potions_floor_spawned":[4,11,12,16,18,21],"killed_by":"Slavers","ascension_level":5}