{"gold_per_floor":[119,119,66,78,92,117,117,152,152,152,166,166,89,109,109,210,210,233,233,259,283,16,16,45,45,75,75,0,0,17,44,44,44],"floor_reached":33,"playtime":1860,"items_purged":[],"score":448,"play_id":"a4dde4d8-b8d4-490f-b1b4-514036263c48","local_time":"20190602082944","is_ascension_mode":true,"campfire_choices":[{"floor":10.0,"key":"REST"},{"floor":15.0,"key":"REST"},{"floor":23,"key":"REST"},{"floor":25,"key":"REST"},{"data":"Pain","floor":29,"key":"PURGE"},{"floor":32,"key":"REST"}],"neow_cost":"NONE","seed_source_timestamp":5646194971500,"circlet_count":0,"master_deck":["Strike_B","Strike_B","Strike_B","Strike_B","Defend_B","Defend_B+1","Defend_B","Defend_B+1","Zap","Dualcast","Go for the Eyes","Leap","Zap","Hologram","Hologram","Stack","White Noise","Streamline","Chill+1","Defragment","Cold Snap","Seek","Injury","Parasite","Steam","BootSequence+1","Hello World+1","Turbo","Leap","Defragment","Barrage"],"special_seed":0,"relics":["Cracked Core","NeowsBlessing","Torii","Dead Branch","Peace Pipe","Calling Bell","MawBank","Mercury Hourglass","Turnip","Runic Capacitor","Du-Vu Doll","Tiny Chest","Centennial Puzzle"],"potions_floor_usage":[20,21,24,31,31],"damage_taken":[{"damage":0.0,"enemies":"Jaw Worm","floor":1.0,"turns":1.0},{"damage":0.0,"enemies":"Cultist","floor":4.0,"turns":1.0},{"damage":0.0,"enemies":"Small Slimes","floor":5.0,"turns":1.0},{"damage":27.0,"enemies":"3 Sentries","floor":6.0,"turns":9.0},{"damage":28.0,"enemies":"Gremlin Nob","floor":8.0,"turns":4.0},{"damage":2.0,"enemies":"Looter","floor":11.0,"turns":3.0},{"damage":0.0,"enemies":"Lots of Slimes","floor":14.0,"turns":3.0},{"damage":11.0,"enemies":"Hexaghost","floor":16.0,"turns":9.0},{"damage":35.0,"enemies":"Spheric Guardian","floor":18.0,"turns":5.0},{"damage":10.0,"enemies":"2 Thieves","floor":19.0,"turns":4.0},{"damage":17,"enemies":"Snecko","floor":20,"turns":6},{"damage":1,"enemies":"Snake Plant","floor":21,"turns":4},{"damage":7,"enemies":"Book of Stabbing","floor":24,"turns":8},{"damage":1,"enemies":"Sentry and Sphere","floor":30,"turns":6},{"damage":0,"enemies":"Gremlin Leader","floor":31,"turns":6},{"damage":66,"enemies":"Collector","floor":33,"turns":14}],"seed_played":"-4755800967084811125","potions_obtained":[{"floor":4.0,"key":"SteroidPotion"},{"floor":5.0,"key":"Regen Potion"},{"floor":6.0,"key":"AttackPotion"},{"floor":14.0,"key":"EntropicBrew"},{"floor":16.0,"key":"SteroidPotion"},{"floor":18.0,"key":"SkillPotion"},{"floor":20,"key":"FocusPotion"},{"floor":24,"key":"Fire Potion"},{"floor":30,"key":"Poison Potion"}],"is_trial":false,"path_per_floor":["M","?","$","M","M","E","?","E","T","R","M","?","$","M","R","B",null,"M","M","M","M","$","R","E","R","T","?","?","R","M","E","R","B"],"character_chosen":"DEFECT","items_purchased":["Hologram","Defragment","Runic Capacitor","FocusPotion"],"campfire_rested":5,"item_purchase_floors":[3,13,22,22],"current_hp_per_floor":[68,68,68,68,68,41,26,10,10,32,30,30,30,30,52,41,67,32,22,5,4,4,26,19,41,41,41,41,41,40,40,62,0],"gold":44,"neow_bonus":"THREE_ENEMY_KILL","is_prod":false,"is_daily":false,"chose_seed":false,"campfire_upgraded":0,"win_rate":0,"timestamp":1559489384,"path_taken":["M","?","$","?","M","E","?","E","T","R","M","?","$","?","R","BOSS","M","?","M","M","$","R","E","R","T","?","?","R","M","E","R","BOSS"],"build_version":"2019-01-23","purchased_purges":0,"victory":false,"max_hp_per_floor":[75,75,75,75,75,75,75,75,75,75,75,75,75,75,75,75,75,75,75,75,75,75,75,75,75,75,75,75,75,75,75,75,75],"card_choices":[{"not_picked":["Compile Driver","Reprogram"],"picked":"Go for the Eyes","floor":1.0},{"not_picked":["Gash","Steam Power"],"picked":"Hologram","floor":4.0},{"not_picked":["Sweeping Beam","Gash"],"picked":"Stack","floor":5.0},{"not_picked":["Rebound","All For One"],"picked":"White Noise","floor":6.0},{"not_picked":["Aggregate","Turbo"],"picked":"Streamline","floor":8.0},{"not_picked":["Rebound","Compile Driver"],"picked":"Chill","floor":11.0},{"not_picked":["Conserve Battery","Thunder Strike"],"picked":"Cold Snap","floor":14.0},{"not_picked":["Amplify","Hyperbeam"],"picked":"Seek","floor":16.0},{"not_picked":["Streamline","Compile Driver"],"picked":"Steam","floor":18.0},{"not_picked":["Conserve Battery","Rebound"],"picked":"BootSequence+1","floor":19.0},{"not_picked":["Hologram+1","Beam Cell"],"picked":"Hello World+1","floor":20},{"not_picked":["Storm","Go for the Eyes"],"picked":"Turbo","floor":21},{"not_picked":["Reinforced Body","Skim"],"picked":"Leap","floor":24},{"not_picked":["Rip and Tear+1","Beam Cell+1"],"picked":"Defragment","floor":30},{"not_picked":["Rebound","Reinforced Body"],"picked":"Barrage","floor":31}],"player_experience":208465,"relics_obtained":[{"floor":6.0,"key":"Torii"},{"floor":8.0,"key":"Dead Branch"},{"floor":9.0,"key":"Peace Pipe"},{"floor":17.0,"key":"MawBank"},{"floor":17.0,"key":"Mercury Hourglass"},{"floor":17.0,"key":"Turnip"},{"floor":24,"key":"Du-Vu Doll"},{"floor":26,"key":"Tiny Chest"},{"floor":31,"key":"Centennial Puzzle"}],"event_choices":[{"damage_healed":0.0,"max_hp_gain":0.0,"max_hp_loss":0.0,"gold_gain":0.0,"event_name":"Match and Keep!","player_choice":"2 cards matched","floor":2.0,"gold_loss":0.0,"damage_taken":0.0,"cards_obtained":["Leap","Zap"]},{"damage_healed":0.0,"max_hp_gain":0.0,"max_hp_loss":0.0,"gold_gain":0.0,"event_name":"Shining Light","player_choice":"Entered Light","floor":7.0,"gold_loss":0.0,"damage_taken":15.0,"cards_upgraded":["Defend_B","Defend_B"]},{"damage_healed":0.0,"max_hp_gain":0.0,"max_hp_loss":0.0,"gold_gain":0.0,"event_name":"Accursed Blacksmith","player_choice":"Forge","floor":12.0,"gold_loss":0.0,"damage_taken":0.0,"cards_upgraded":["Chill"]},{"damage_healed":0,"gold_gain":0,"player_choice":"Ignored","damage_taken":0,"max_hp_gain":0,"max_hp_loss":0,"event_name":"Vampires","floor":27,"gold_loss":0},{"damage_healed":0,"gold_gain":0,"player_choice":"Paid Fearfully","damage_taken":0,"max_hp_gain":0,"max_hp_loss":0,"event_name":"Masked Bandits","floor":28,"gold_loss":75}],"is_beta":false,"boss_relics":[{"not_picked":["Tiny House","Runic Pyramid"],"picked":"Calling Bell"}],"items_purged_floors":[],"is_endless":false,"potions_floor_spawned":[4,5,6,14,16,18,20,24,30],"killed_by":"Collector","ascension_level":8}