{"gold_per_floor":[113,113,38,38,59,59,90,106,106,39,63,63,94,113,113,113],"floor_reached":16,"playtime":1160,"items_purged":["Injury"],"score":110,"play_id":"aa3a95e6-aa11-45e1-9af3-aa3a6f05c7fc","local_time":"20190524001509","is_ascension_mode":false,"campfire_choices":[{"data":"Dualcast","floor":6.0,"key":"SMITH"},{"data":"Chill","floor":12.0,"key":"SMITH"},{"floor":15,"key":"REST"}],"neow_cost":"NONE","seed_source_timestamp":198753963552400,"circlet_count":0,"master_deck":["Strike_B","Strike_B","Strike_B","Strike_B","Defend_B","Defend_B","Defend_B","Defend_B","Zap","Dualcast+1","Go for the Eyes","Machine Learning","Coolheaded","Chill+1","Leap"],"special_seed":0,"relics":["Cracked Core","Golden Idol","Bottled Flame","Dream Catcher","Kunai"],"potions_floor_usage":[16,16],"damage_taken":[{"damage":8.0,"enemies":"2 Louse","floor":1.0,"turns":3.0},{"damage":3.0,"enemies":"Jaw Worm","floor":5.0,"turns":4.0},{"damage":31.0,"enemies":"Lagavulin","floor":7.0,"turns":8.0},{"damage":0.0,"enemies":"Cultist","floor":8.0,"turns":5.0},{"damage":9.0,"enemies":"2 Fungi Beasts","floor":11.0,"turns":2.0},{"damage":4,"enemies":"3 Sentries","floor":13,"turns":14},{"damage":5,"enemies":"Exordium Thugs","floor":14,"turns":6},{"damage":64,"enemies":"Hexaghost","floor":16,"turns":18}],"seed_played":"210187271999186189","potions_obtained":[{"floor":1.0,"key":"Regen Potion"},{"floor":11.0,"key":"Ancient Potion"},{"floor":13,"key":"SkillPotion"}],"is_trial":false,"path_per_floor":["M","?","$","?","M","R","E","M","T","$","M","R","E","M","R","B"],"character_chosen":"DEFECT","items_purchased":["Chill"],"campfire_rested":1,"item_purchase_floors":[10],"current_hp_per_floor":[74,74,74,74,71,71,54,54,54,54,45,45,41,36,60,0],"gold":113,"neow_bonus":"TEN_PERCENT_HP_BONUS","is_prod":false,"is_daily":false,"chose_seed":false,"campfire_upgraded":2,"win_rate":0.0,"timestamp":1558682109,"path_taken":["M","?","$","?","M","R","E","M","T","?","M","R","E","M","R","BOSS"],"build_version":"2019-01-23","purchased_purges":1,"victory":false,"max_hp_per_floor":[82,82,82,82,82,82,82,82,82,82,82,82,82,82,82,82],"card_choices":[{"not_picked":["Tempest","Steam Power"],"picked":"Go for the Eyes","floor":1.0},{"not_picked":["Stack","Consume","Force Field"],"picked":"SKIP","floor":5.0},{"not_picked":["Go for the Eyes","Aggregate"],"picked":"Machine Learning","floor":7.0},{"not_picked":["Redo","Ball Lightning"],"picked":"Coolheaded","floor":8.0},{"not_picked":["Redo","BootSequence","Coolheaded"],"picked":"SKIP","floor":11.0},{"not_picked":["Compile Driver","Force Field","Hologram"],"picked":"SKIP","floor":13},{"not_picked":["Fusion","Doom and Gloom","Rainbow"],"picked":"SKIP","floor":14},{"not_picked":["Steam Power","Hologram"],"picked":"Leap","floor":15}],"player_experience":46537,"relics_obtained":[{"floor":7.0,"key":"Bottled Flame"},{"floor":9.0,"key":"Dream Catcher"},{"floor":13,"key":"Kunai"}],"event_choices":[{"damage_healed":0.0,"max_hp_gain":0.0,"max_hp_loss":0.0,"gold_gain":0.0,"event_name":"Golden Idol","player_choice":"Take Wound","floor":2.0,"gold_loss":0.0,"damage_taken":0.0,"relics_obtained":["Golden Idol"],"cards_obtained":["Injury"]},{"damage_healed":0.0,"max_hp_gain":0.0,"max_hp_loss":0.0,"gold_gain":0.0,"event_name":"Liars Game","player_choice":"Ignored","floor":4.0,"gold_loss":0.0,"damage_taken":0.0}],"is_beta":false,"boss_relics":[],"items_purged_floors":[3],"is_endless":false,"potions_floor_spawned":[1,11,13],"killed_by":"Hexaghost","ascension_level":0}