{"gold_per_floor":[218,228,28,28,28,60,60,90,128,140,165,190,202,234,246,353,365,389,29,329,329],"floor_reached":21,"playtime":2065,"items_purged":[],"score":196,"play_id":"ae05dd84-46c1-46b4-8729-1a32397d16ef","local_time":"20190421125712","is_ascension_mode":true,"campfire_choices":[{"floor":7,"key":"RECALL"},{"floor":10,"key":"REST"},{"floor":13,"key":"REST"},{"data":"Barrage","floor":15,"key":"SMITH"}],"neow_cost":"NONE","seed_source_timestamp":5144584644900,"circlet_count":0,"master_deck":["Strike_B","Strike_B","Strike_B","Strike_B","Defend_B","Defend_B","Defend_B","Defend_B","Zap","Dualcast","Capacitor","Coolheaded","Coolheaded","Turbo","Barrage+1","Meteor Strike","Sunder","Ball Lightning","Steam","Creative AI","Hologram","Capacitor","Defragment","Cold Snap","Doom and Gloom","Aggregate+1","Conserve Battery","Capacitor","Reinforced Body"],"relics":["Cracked Core","Ancient Tea Set","Question Card","MawBank","Orrery","Frozen Eye","Old Coin"],"potions_floor_usage":[8,8,18,18,21],"damage_taken":[{"damage":4,"enemies":"2 Louse","floor":1,"turns":3},{"damage":2,"enemies":"Small Slimes","floor":2,"turns":4},{"damage":18,"enemies":"Lagavulin","floor":6,"turns":11},{"damage":14,"enemies":"3 Sentries","floor":8,"turns":5},{"damage":11,"enemies":"Jaw Worm","floor":11,"turns":2},{"damage":16,"enemies":"Blue Slaver","floor":12,"turns":3},{"damage":6,"enemies":"Looter","floor":14,"turns":3},{"damage":32,"enemies":"The Guardian","floor":16,"turns":8},{"damage":58,"enemies":"3 Byrds","floor":18,"turns":6},{"damage":22,"enemies":"Shell Parasite","floor":21,"turns":4}],"seed_played":"-5890402668327048496","potions_obtained":[{"floor":11,"key":"Energy Potion"},{"floor":12,"key":"Energy Potion"},{"floor":18,"key":"Block Potion"}],"is_trial":false,"path_per_floor":["M","M","$","?","?","E","R","E","T","R","M","M","R","M","R","B",null,"M","$","?","M"],"character_chosen":"DEFECT","items_purchased":["Coolheaded","Strength Potion","Explosive Potion","Turbo","Conserve Battery","Capacitor","Reinforced Body","Frozen Eye"],"campfire_rested":2,"item_purchase_floors":[3,3,3,3,19,19,19,19],"current_hp_per_floor":[71,69,69,74,67,49,49,35,35,59,48,32,56,50,50,18,80,22,22,22,0],"gold":329,"neow_bonus":"HUNDRED_GOLD","is_prod":false,"is_daily":false,"chose_seed":false,"campfire_upgraded":1,"win_rate":0,"timestamp":1555844232,"path_taken":["M","M","$","?","?","E","R","E","T","R","M","M","R","M","R","BOSS","M","$","?","M"],"build_version":"2019-01-23","purchased_purges":0,"victory":false,"max_hp_per_floor":[75,75,75,80,80,80,80,80,80,80,80,80,80,80,80,80,80,80,80,80,80],"card_choices":[{"not_picked":["Conserve Battery","Compile Driver"],"picked":"Capacitor","floor":1},{"not_picked":["Steam","Scrape"],"picked":"Coolheaded","floor":2},{"not_picked":["Rebound","Steam"],"picked":"Barrage","floor":6},{"not_picked":["Beam Cell","Static Discharge","Lockon"],"picked":"Meteor Strike","floor":8},{"not_picked":["Ball Lightning","Conserve Battery","Coolheaded"],"picked":"Sunder","floor":11},{"not_picked":["Streamline","Steam","Double Energy"],"picked":"Ball Lightning","floor":12},{"not_picked":["Sweeping Beam","Gash","Meteor Strike"],"picked":"Steam","floor":14},{"not_picked":["Electrodynamics","Reboot","Amplify"],"picked":"Creative AI","floor":16},{"not_picked":["Ball Lightning","Redo","Conserve Battery"],"picked":"Hologram","floor":17},{"not_picked":["Leap","Gash","Melter"],"picked":"Capacitor","floor":17},{"not_picked":["Barrage","Gash","Scrape"],"picked":"Defragment","floor":17},{"not_picked":["Coolheaded","Rip and Tear","Ball Lightning"],"picked":"Cold Snap","floor":17},{"not_picked":["Heatsinks","Hologram","Rip and Tear"],"picked":"Doom and Gloom","floor":17},{"not_picked":["Redo","Coolheaded","Streamline"],"picked":"Aggregate+1","floor":18}],"player_experience":133534,"relics_obtained":[{"floor":6,"key":"Question Card"},{"floor":8,"key":"MawBank"}],"event_choices":[{"damage_healed":0,"gold_gain":0,"player_choice":"Donut","damage_taken":0,"max_hp_gain":5,"max_hp_loss":0,"event_name":"Big Fish","floor":4,"gold_loss":0},{"damage_healed":0,"gold_gain":0,"player_choice":"Success","damage_taken":7,"relics_obtained":["Ancient Tea Set"],"max_hp_gain":0,"max_hp_loss":0,"event_name":"Scrap Ooze","floor":5,"gold_loss":0},{"damage_healed":0,"gold_gain":0,"player_choice":"Opened","damage_taken":0,"relics_obtained":["Old Coin"],"max_hp_gain":0,"max_hp_loss":0,"event_name":"The Mausoleum","floor":20,"gold_loss":0}],"is_beta":false,"boss_relics":[{"not_picked":["Calling Bell","Sozu"],"picked":"Orrery"}],"items_purged_floors":[],"is_endless":false,"potions_floor_spawned":[11,12,18],"killed_by":"Shell Parasite","ascension_level":1}