{"gold_per_floor":[115,115],"floor_reached":2,"playtime":151,"items_purged":[],"score":62,"play_id":"5a545f0f-1bad-40cd-b2b2-20ab090baa49","local_time":"20180812125813","daily_mods":["Draft","Heirloom","Specialized","Allstar","Time Dilation"],"is_ascension_mode":false,"campfire_choices":[],"neow_cost":"","seed_source_timestamp":0,"circlet_count":0,"master_deck":["Mind Blast","Turbo","Jack Of All Trades","Steam","Cold Snap","Cold Snap","Blizzard","Dark Shackles","Reinforced Body","Genetic Algorithm","Conserve Battery","Hologram","Coolheaded","Barrage","Trip","Beam Cell"],"relics":["Cracked Core","Gambling Chip"],"potions_floor_usage":[],"damage_taken":[{"damage":0,"enemies":"Cultist","floor":1,"turns":2},{"damage":0,"enemies":"2 Louse","floor":2,"turns":3}],"seed_played":"-8592751960028250385","potions_obtained":[],"is_trial":true,"path_per_floor":["M"],"character_chosen":"DEFECT","items_purchased":[],"campfire_rested":0,"item_purchase_floors":[],"current_hp_per_floor":[75,75],"gold":115,"neow_bonus":"","is_prod":false,"is_daily":false,"chose_seed":false,"campfire_upgraded":0,"win_rate":0,"timestamp":1534046293,"path_taken":["M","M"],"build_version":"2018-08-09","purchased_purges":0,"victory":false,"max_hp_per_floor":[75,75],"card_choices":[{"not_picked":["Hello World","Barrage"],"picked":"Mind Blast","floor":0},{"not_picked":["Good Instincts","Heatsinks"],"picked":"Turbo","floor":0},{"not_picked":["Sweeping Beam","Compile Driver"],"picked":"Jack Of All Trades","floor":0},{"not_picked":["Gash","Beam Cell"],"picked":"Steam","floor":0},{"not_picked":["Compile Driver","Leap"],"picked":"Cold Snap","floor":0},{"not_picked":["Turbo","Sweeping Beam"],"picked":"Cold Snap","floor":0},{"not_picked":["Coolheaded","Barrage"],"picked":"Blizzard","floor":0},{"not_picked":["Beam Cell","Reprogram"],"picked":"Dark Shackles","floor":0},{"not_picked":["Gash","Compile Driver"],"picked":"Reinforced Body","floor":0},{"not_picked":["Beam Cell","Redo"],"picked":"Genetic Algorithm","floor":0},{"not_picked":["Jack Of All Trades","Go for the Eyes"],"picked":"Conserve Battery","floor":0},{"not_picked":["Leap","Undo"],"picked":"Hologram","floor":0},{"not_picked":["Cold Snap","Stack"],"picked":"Coolheaded","floor":0},{"not_picked":["Turbo","Melter"],"picked":"Barrage","floor":0},{"not_picked":["Sweeping Beam","Chaos"],"picked":"Trip","floor":0},{"not_picked":["Compile Driver","Cold Snap"],"picked":"Beam Cell","floor":1}],"player_experience":276479,"relics_obtained":[],"event_choices":[],"is_beta":false,"boss_relics":[],"items_purged_floors":[],"is_endless":true,"potions_floor_spawned":[],"killed_by":"2 Louse","ascension_level":0}