{"path_per_floor":["M","?","M","M","M","E","$","?","T","?","?","R","M","M","R","B",null,"M","?","?","$","?","E","R","M","T","R","M","M","R","M","R"],"character_chosen":"IRONCLAD","items_purchased":["Good Instincts","Finesse"],"gold_per_floor":[118,118,138,154,169,201,25,25,25,25,25,25,41,53,53,155,155,174,174,89,1,1,35,35,49,100,100,119,130,130,143,143,143],"floor_reached":33,"campfire_rested":1,"playtime":978,"current_hp_per_floor":[42,42,42,45,39,29,29,29,29,29,29,29,29,34,34,26,80,65,65,79,79,79,62,62,56,56,56,35,20,48,42,42,0],"items_purged":["Defend_R"],"gold":143,"score":267,"play_id":"4e0b408e-1241-4651-baea-2ceeba7a0759","local_time":"20180403114840","is_prod":false,"is_daily":false,"is_ascension_mode":false,"campfire_upgraded":5,"timestamp":1522723720,"path_taken":["M","?","?","M","M","E","?","?","T","?","?","R","M","M","R","BOSS","M","?","?","$","?","E","R","M","T","R","?","?","R","M","R","BOSS"],"build_version":"2018-03-29v2","purchased_purges":1,"victory":false,"master_deck":["Strike_R+1","Strike_R+1","Strike_R+1","Strike_R+1","Bash","Headbutt","Shrug It Off","Pummel","Shockwave+1","Good Instincts","Sword Boomerang+1","Spot Weakness+1","Offering+1","Whirlwind+1","Finesse","Headbutt+1","Corruption+1","Inflame"],"max_hp_per_floor":[80,80,80,80,80,80,80,80,80,80,80,80,80,80,80,80,80,80,80,94,94,94,94,94,94,94,94,94,94,94,94,94,94],"relics":["Burning Blood","Bottled Lightning","Charon\u0027s Ashes","White Beast Statue","Mango","Bag of Preparation","Prayer Wheel"],"card_choices":[{"not_picked":["Body Slam","Clothesline"],"picked":"Headbutt","floor":1.0},{"not_picked":["Headbutt","Wild Strike"],"picked":"Shrug It Off","floor":3.0},{"not_picked":["Iron Wave","Second Wind"],"picked":"Pummel","floor":4.0},{"not_picked":["Sword Boomerang","Shrug It Off"],"picked":"Shockwave","floor":5.0},{"not_picked":["Dual Wield","Sever Soul"],"picked":"Sword Boomerang","floor":13.0},{"not_picked":["Dark Embrace","Carnage"],"picked":"Spot Weakness","floor":14.0},{"not_picked":["Feed","Demon Form"],"picked":"Offering","floor":16.0},{"not_picked":["Rampage","Body Slam"],"picked":"Whirlwind","floor":18.0},{"not_picked":["Power Through","Sever Soul"],"picked":"Headbutt","floor":25},{"not_picked":["Second Wind","Havoc"],"picked":"Corruption","floor":28},{"not_picked":["Carnage","Armaments"],"picked":"Inflame","floor":29}],"player_experience":107622,"potions_floor_usage":[33,33,33],"damage_taken":[{"damage":4.0,"enemies":"Small Slimes","floor":1.0,"turns":4.0},{"damage":6.0,"enemies":"Cultist","floor":3.0,"turns":3.0},{"damage":3.0,"enemies":"2 Louse","floor":4.0,"turns":2.0},{"damage":12.0,"enemies":"Blue Slaver","floor":5.0,"turns":3.0},{"damage":22.0,"enemies":"Gremlin Nob","floor":6.0,"turns":4.0},{"damage":6.0,"enemies":"2 Fungi Beasts","floor":13.0,"turns":3.0},{"damage":1.0,"enemies":"3 Louse","floor":14.0,"turns":3.0},{"damage":14.0,"enemies":"Hexaghost","floor":16.0,"turns":7.0},{"damage":21.0,"enemies":"2 Thieves","floor":18.0,"turns":3.0},{"damage":23,"enemies":"Slavers","floor":23,"turns":2},{"damage":12,"enemies":"Shell Parasite","floor":25,"turns":3},{"damage":27,"enemies":"Sentry and Sphere","floor":28,"turns":4},{"damage":21,"enemies":"Snake Plant","floor":29,"turns":2},{"damage":12,"enemies":"Slaver and Parasite","floor":31,"turns":2},{"damage":47,"enemies":"Collector","floor":33,"turns":3}],"event_choices":[{"event_name":"Purifier","player_choice":"One Purge","floor":2.0,"damage_taken":0.0},{"event_name":"Liars Game","player_choice":"disagreed","floor":8.0,"damage_taken":0.0},{"event_name":"Living Wall","player_choice":"Change","floor":10.0,"damage_taken":0.0},{"event_name":"Purifier","player_choice":"One Purge","floor":11.0,"damage_taken":0.0},{"event_name":"Ghosts","player_choice":"Ignored","floor":19,"damage_taken":0},{"event_name":"Addict","player_choice":"Obtained Relic","floor":20,"damage_taken":0},{"event_name":"Back to Basics","player_choice":"Simplicity","floor":22,"damage_taken":0}],"boss_relics":[],"potions_floor_spawned":[5,16,18,23,25,28,29,31],"seed_played":"-1659563986758266022","killed_by":"Collector","ascension_level":0,"is_trial":false}