{"gold_per_floor":[119,149,149,45,63,63,96,96,123,139,158,168,202,214,214,286,286,300,317,346,346,366,366,391,391,391,423,423,442,442],"floor_reached":30,"playtime":922,"items_purged":[],"score":610,"play_id":"864364b1-9d39-4b87-9c5f-029d7c5d90ec","local_time":"20190530093808","is_ascension_mode":true,"campfire_choices":[{"data":"Inflame","floor":6.0,"key":"SMITH"},{"data":"Bash","floor":8.0,"key":"SMITH"},{"data":"Whirlwind","floor":15.0,"key":"SMITH"},{"floor":23.0,"key":"REST"},{"floor":28.0,"key":"REST"}],"neow_cost":"NONE","seed_source_timestamp":0,"circlet_count":0,"master_deck":["AscendersBane","Strike_R","Strike_R","Strike_R","Strike_R","Strike_R","Defend_R","Defend_R","Defend_R","Defend_R","Bash+1","Pommel Strike","True Grit+1","Inflame+1","Whirlwind+1","Hemokinesis","Heavy Blade","Shrug It Off","True Grit","Pummel","Corruption","Limit Break","Burning Pact+1","Shrug It Off","Flame Barrier","Warcry+1","Headbutt","Disarm"],"special_seed":0,"relics":["Burning Blood","NeowsBlessing","Tiny Chest","Boot","Orichalcum","PreservedInsect","Bottled Lightning","Snecko Eye","Red Mask","Oddly Smooth Stone","Pear","Prayer Wheel","War Paint"],"potions_floor_usage":[],"damage_taken":[{"damage":0.0,"enemies":"Small Slimes","floor":1.0,"turns":1.0},{"damage":0.0,"enemies":"Jaw Worm","floor":5.0,"turns":1.0},{"damage":0.0,"enemies":"Gremlin Nob","floor":7.0,"turns":1.0},{"damage":3.0,"enemies":"Cultist","floor":10.0,"turns":3.0},{"damage":5.0,"enemies":"Looter","floor":11.0,"turns":2.0},{"damage":15.0,"enemies":"Exordium Wildlife","floor":12.0,"turns":2.0},{"damage":12.0,"enemies":"3 Sentries","floor":13.0,"turns":6.0},{"damage":19.0,"enemies":"Red Slaver","floor":14.0,"turns":4.0},{"damage":29.0,"enemies":"Slime Boss","floor":16.0,"turns":7.0},{"damage":4.0,"enemies":"2 Thieves","floor":18.0,"turns":4.0},{"damage":20.0,"enemies":"Chosen","floor":19.0,"turns":5.0},{"damage":47.0,"enemies":"Masked Bandits","floor":20.0,"turns":4.0},{"damage":4.0,"enemies":"Centurion and Healer","floor":22.0,"turns":5.0},{"damage":12.0,"enemies":"Gremlin Leader","floor":24.0,"turns":5.0},{"damage":7.0,"enemies":"Slavers","floor":27.0,"turns":3.0},{"damage":27.0,"enemies":"Cultist and Chosen","floor":29.0,"turns":7.0},{"damage":0,"enemies":"Gremlin Leader","floor":30,"turns":1}],"seed_played":"3262555101839047460","potions_obtained":[{"floor":5.0,"key":"EssenceOfSteel"},{"floor":11.0,"key":"Dexterity Potion"}],"is_trial":false,"path_per_floor":["M","?","T","$","M","R","E","R","T","M","M","M","E","M","R","B",null,"M","M","?","T","M","R","E","?","T","E","R","M","E"],"character_chosen":"IRONCLAD","items_purchased":["True Grit","Inflame"],"campfire_rested":2,"item_purchase_floors":[4,4],"current_hp_per_floor":[74,69,69,69,75,75,75,75,75,75,75,66,60,47,47,24,62,64,50,9,9,11,33,37,37,37,36,61,40,40],"gold":442,"neow_bonus":"THREE_ENEMY_KILL","is_prod":false,"is_daily":false,"chose_seed":false,"campfire_upgraded":3,"win_rate":0,"timestamp":1559183888,"path_taken":["M","?","?","$","?","R","E","R","T","M","M","M","E","M","R","BOSS","M","M","?","?","M","R","E","?","T","E","R","?","E"],"build_version":"2019-01-23","purchased_purges":0,"victory":false,"max_hp_per_floor":[75,75,75,75,75,75,75,75,75,75,75,75,75,75,75,75,75,75,75,75,75,75,75,85,85,85,85,85,85,85],"card_choices":[{"not_picked":["Cleave","Entrench"],"picked":"Pommel Strike","floor":1.0},{"not_picked":["Bloodletting","Thunderclap"],"picked":"Whirlwind","floor":5.0},{"not_picked":["Spot Weakness","Iron Wave"],"picked":"Hemokinesis","floor":7.0},{"not_picked":["Body Slam","Combust"],"picked":"Heavy Blade","floor":10.0},{"not_picked":["Fire Breathing","Headbutt"],"picked":"Shrug It Off","floor":11.0},{"not_picked":["Wild Strike","Thunderclap"],"picked":"True Grit","floor":12.0},{"not_picked":["Armaments","Sword Boomerang"],"picked":"Pummel","floor":13.0},{"not_picked":["Evolve","Warcry"],"picked":"Corruption","floor":14.0},{"not_picked":["Double Tap","Berserk"],"picked":"Limit Break","floor":16.0},{"not_picked":["Heavy Blade","Flex"],"picked":"Burning Pact","floor":18.0},{"not_picked":["Anger+1","Havoc"],"picked":"Shrug It Off","floor":19.0},{"not_picked":["Clash","Intimidate","Cleave"],"picked":"SKIP","floor":22.0},{"not_picked":["Clash","Sword Boomerang","Heavy Blade"],"picked":"SKIP","floor":24.0},{"not_picked":["Body Slam","Iron Wave"],"picked":"Warcry+1","floor":27.0},{"not_picked":["True Grit","Clothesline"],"picked":"Headbutt","floor":29.0},{"not_picked":["Berserk","Wild Strike"],"picked":"Disarm","floor":29.0}],"player_experience":507831,"relics_obtained":[{"floor":3.0,"key":"Boot"},{"floor":7.0,"key":"Orichalcum"},{"floor":9.0,"key":"PreservedInsect"},{"floor":13.0,"key":"Bottled Lightning"},{"floor":20.0,"key":"Red Mask"},{"floor":21.0,"key":"Oddly Smooth Stone"},{"floor":24.0,"key":"Pear"},{"floor":26.0,"key":"Prayer Wheel"},{"floor":27.0,"key":"War Paint"}],"event_choices":[{"damage_healed":0.0,"max_hp_gain":0.0,"max_hp_loss":0.0,"gold_gain":0.0,"event_name":"Scrap Ooze","player_choice":"Success","floor":2.0,"gold_loss":0.0,"damage_taken":5.0,"relics_obtained":["Tiny Chest"]},{"damage_healed":0.0,"max_hp_gain":0.0,"max_hp_loss":0.0,"gold_gain":0.0,"event_name":"Masked Bandits","player_choice":"Fought Bandits","floor":20.0,"gold_loss":0.0,"damage_taken":0.0},{"damage_healed":0.0,"max_hp_gain":0.0,"max_hp_loss":0.0,"gold_gain":0.0,"event_name":"Match and Keep!","player_choice":"1 cards matched","floor":25.0,"gold_loss":0.0,"damage_taken":0.0,"cards_obtained":["Flame Barrier"]}],"is_beta":false,"boss_relics":[{"not_picked":["Busted Crown","Calling Bell"],"picked":"Snecko Eye"}],"items_purged_floors":[],"is_endless":false,"potions_floor_spawned":[5,11,13,16,19,24,27],"killed_by":"Gremlin Leader","ascension_level":20}