{"gold_per_floor":[111,111,131,206,206,233,233,248,293,304,321,347,357,369,369,448,448,460,460,474,106,117,117,151,151,229,257,270,280,309,1,1,77,77,97,0,10,10,23,57,72,98,98,130,130,155,174,207,207,207],"floor_reached":51,"playtime":5112,"items_purged":["Pain"],"score":1527,"play_id":"c940fa26-6959-45f2-bf9b-6acf1289a862","local_time":"20190605011618","is_ascension_mode":true,"campfire_choices":[{"data":"Whirlwind","floor":7,"key":"SMITH"},{"data":"Berserk","floor":15,"key":"SMITH"},{"data":"Inflame","floor":23,"key":"SMITH"},{"floor":25,"key":"REST"},{"data":"Seeing Red","floor":32,"key":"SMITH"},{"floor":45,"key":"REST"},{"floor":49,"key":"REST"}],"neow_cost":"NONE","seed_source_timestamp":1316285802297781,"circlet_count":0,"master_deck":["AscendersBane","Strike_R","Strike_R","Strike_R","Defend_R","Defend_R","Defend_R","Defend_R","Bash","True Grit","Whirlwind+1","Anger","Shrug It Off","Pommel Strike","Berserk+1","Metallicize","Thunderclap+1","Reaper+1","Rampage+1","Flex","Inflame+1","Iron Wave+1","Shrug It Off","Seeing Red+1","Feed+1","Reaper+1","Pummel+1","Sword Boomerang+1","Demon Form","Rage","Pommel Strike+1","Impervious","Uppercut+1","True Grit+1"],"relics":["Burning Blood","Anchor","Lantern","Strawberry","Molten Egg 2","Runic Pyramid","WarpedTongs","PreservedInsect","Oddly Smooth Stone","Shuriken","Bottled Lightning","Incense Burner","Turnip","Fusion Hammer","Red Mask","Pen Nib","Prayer Wheel","StoneCalendar","Art of War","Smiling Mask","Omamori"],"potions_floor_usage":[6,12,22,27,33,39,40,48,50],"damage_taken":[{"damage":5,"enemies":"Small Slimes","floor":1,"turns":4},{"damage":6,"enemies":"Cultist","floor":3,"turns":4},{"damage":18,"enemies":"Lagavulin","floor":6,"turns":7},{"damage":0,"enemies":"2 Louse","floor":8,"turns":1},{"damage":8,"enemies":"Large Slime","floor":10,"turns":5},{"damage":8,"enemies":"Gremlin Gang","floor":11,"turns":3},{"damage":10,"enemies":"3 Sentries","floor":12,"turns":6},{"damage":0,"enemies":"3 Louse","floor":13,"turns":2},{"damage":0,"enemies":"Exordium Thugs","floor":14,"turns":2},{"damage":36,"enemies":"The Guardian","floor":16,"turns":15},{"damage":2,"enemies":"3 Byrds","floor":18,"turns":4},{"damage":6,"enemies":"Chosen","floor":20,"turns":5},{"damage":20,"enemies":"Shelled Parasite and Fungi","floor":22,"turns":4},{"damage":40,"enemies":"Gremlin Leader","floor":24,"turns":5},{"damage":0,"enemies":"Slavers","floor":27,"turns":1},{"damage":13,"enemies":"Snake Plant","floor":28,"turns":4},{"damage":11,"enemies":"Centurion and Healer","floor":29,"turns":6},{"damage":40,"enemies":"Book of Stabbing","floor":30,"turns":5},{"damage":24,"enemies":"Champ","floor":33,"turns":11},{"damage":0,"enemies":"3 Darklings","floor":35,"turns":2},{"damage":18,"enemies":"Orb Walker","floor":37,"turns":4},{"damage":34,"enemies":"Transient","floor":39,"turns":5},{"damage":58,"enemies":"Giant Head","floor":40,"turns":7},{"damage":8,"enemies":"Jaw Worm Horde","floor":41,"turns":5},{"damage":7,"enemies":"Nemesis","floor":42,"turns":7},{"damage":10,"enemies":"Giant Head","floor":44,"turns":5},{"damage":0,"enemies":"Reptomancer","floor":46,"turns":6},{"damage":2,"enemies":"Maw","floor":47,"turns":7},{"damage":14,"enemies":"Giant Head","floor":48,"turns":6},{"damage":57,"enemies":"Time Eater","floor":50,"turns":10}],"seed_played":"-4930923875301599323","potions_obtained":[{"floor":3,"key":"Weak Potion"},{"floor":8,"key":"Strength Potion"},{"floor":11,"key":"BloodPotion"},{"floor":14,"key":"Energy Potion"},{"floor":18,"key":"SteroidPotion"},{"floor":24,"key":"Strength Potion"},{"floor":30,"key":"Poison Potion"},{"floor":33,"key":"SpeedPotion"},{"floor":40,"key":"GamblersBrew"},{"floor":41,"key":"SteroidPotion"},{"floor":48,"key":"LiquidBronze"}],"is_trial":false,"path_per_floor":["M","?","M","?","?","E","R","M","T","M","M","E","M","M","R","B",null,"M","?","M","$","M","R","E","R","T","E","M","M","E","$","R","B",null,"M","?","M","?","M","E","M","E","T","E","R","E","M","E","R","B",null],"character_chosen":"IRONCLAD","items_purchased":["PreservedInsect","Inflame","Iron Wave+1","Shrug It Off","Turnip"],"campfire_rested":3,"item_purchase_floors":[21,21,21,21,31],"current_hp_per_floor":[69,69,69,58,58,46,46,52,59,57,55,51,57,63,63,33,70,82,82,82,82,68,68,48,72,72,78,71,77,56,56,56,53,78,84,84,78,78,57,52,69,94,94,90,102,106,106,103,110,114],"gold":207,"neow_bonus":"RANDOM_COMMON_RELIC","is_prod":false,"is_daily":false,"chose_seed":false,"campfire_upgraded":4,"win_rate":0,"timestamp":1559711778,"path_taken":["M","?","?","?","?","E","R","M","T","M","?","E","M","M","R","BOSS","M","?","M","$","M","R","E","R","T","E","?","M","E","$","R","BOSS","M","?","M","?","M","E","M","E","T","E","R","E","?","E","R","BOSS"],"build_version":"2019-01-23","purchased_purges":1,"victory":true,"max_hp_per_floor":[75,75,75,75,75,75,75,75,82,82,82,82,82,82,82,82,82,82,82,82,82,82,82,82,82,82,82,82,82,82,82,82,86,86,86,86,90,90,90,94,98,102,102,102,102,106,106,110,110,114],"card_choices":[{"not_picked":["Sword Boomerang","Thunderclap"],"picked":"True Grit","floor":1},{"not_picked":["Body Slam","True Grit"],"picked":"Whirlwind","floor":3},{"not_picked":["Iron Wave","Perfected Strike"],"picked":"Shrug It Off","floor":6},{"not_picked":["Dual Wield","Havoc","Entrench"],"picked":"SKIP","floor":8},{"not_picked":["Cleave","Twin Strike"],"picked":"Pommel Strike","floor":10},{"not_picked":["Anger","Perfected Strike","Twin Strike"],"picked":"SKIP","floor":11},{"not_picked":["Heavy Blade","Dual Wield"],"picked":"Berserk","floor":12},{"not_picked":["Battle Trance","Shrug It Off"],"picked":"Metallicize","floor":13},{"not_picked":["Sword Boomerang+1","Heavy Blade+1"],"picked":"Thunderclap+1","floor":14},{"not_picked":["Juggernaut","Berserk"],"picked":"Reaper+1","floor":16},{"not_picked":["Cleave+1","Sword Boomerang+1"],"picked":"Rampage+1","floor":18},{"not_picked":["Second Wind","True Grit"],"picked":"Flex","floor":20},{"not_picked":["Perfected Strike+1","Heavy Blade+1","Cleave+1"],"picked":"SKIP","floor":22},{"not_picked":["Anger+1","Body Slam+1","Berserk"],"picked":"SKIP","floor":24},{"not_picked":["Immolate+1","Hemokinesis+1"],"picked":"Seeing Red","floor":27},{"not_picked":["Cleave+1","Wild Strike+1","Sentinel"],"picked":"SKIP","floor":28},{"not_picked":["Twin Strike+1","Carnage+1","Anger+1"],"picked":"SKIP","floor":29},{"not_picked":["Body Slam+1","Second Wind"],"picked":"Feed+1","floor":30},{"not_picked":["Immolate+1","Barricade"],"picked":"Reaper+1","floor":33},{"not_picked":["Perfected Strike+1","Power Through"],"picked":"Pummel+1","floor":35},{"not_picked":["Iron Wave+1","Body Slam+1"],"picked":"Sword Boomerang+1","floor":37},{"not_picked":["Cleave+1","Heavy Blade+1","Wild Strike+1"],"picked":"SKIP","floor":39},{"not_picked":["Wild Strike+1","Ghostly Armor"],"picked":"Demon Form","floor":40},{"not_picked":["Perfected Strike+1","Body Slam+1"],"picked":"Rage","floor":41},{"not_picked":["Armaments+1","Metallicize"],"picked":"Pommel Strike+1","floor":42},{"not_picked":["Metallicize","Twin Strike+1"],"picked":"Impervious","floor":44},{"not_picked":["Clash+1","Pommel Strike+1"],"picked":"Uppercut+1","floor":46},{"not_picked":["Searing Blow+1","Pommel Strike+1","Iron Wave+1"],"picked":"SKIP","floor":47},{"not_picked":["Body Slam+1","Power Through+1","Sentinel"],"picked":"SKIP","floor":47},{"not_picked":["Carnage+1","Reckless Charge+1"],"picked":"True Grit+1","floor":48}],"player_experience":456885,"relics_obtained":[{"floor":6,"key":"Lantern"},{"floor":9,"key":"Strawberry"},{"floor":12,"key":"Molten Egg 2"},{"floor":24,"key":"Oddly Smooth Stone"},{"floor":26,"key":"Shuriken"},{"floor":27,"key":"Bottled Lightning"},{"floor":30,"key":"Incense Burner"},{"floor":40,"key":"Pen Nib"},{"floor":42,"key":"Prayer Wheel"},{"floor":43,"key":"StoneCalendar"},{"floor":44,"key":"Art of War"},{"floor":46,"key":"Smiling Mask"},{"floor":48,"key":"Omamori"}],"event_choices":[{"cards_removed":["Strike_R"],"damage_healed":0,"gold_gain":0,"player_choice":"Offered Basic","damage_taken":0,"max_hp_gain":0,"max_hp_loss":0,"event_name":"Bonfire Elementals","floor":2,"gold_loss":0},{"damage_healed":0,"gold_gain":75,"player_choice":"Gather Gold","damage_taken":11,"max_hp_gain":0,"max_hp_loss":0,"event_name":"World of Goop","floor":4,"gold_loss":0},{"damage_healed":0,"gold_gain":0,"cards_transformed":["Strike_R"],"player_choice":"Transformed","damage_taken":0,"max_hp_gain":0,"max_hp_loss":0,"event_name":"Transmorgrifier","floor":5,"gold_loss":0,"cards_obtained":["Anger"]},{"damage_healed":0,"gold_gain":0,"player_choice":"Rummage","damage_taken":0,"relics_obtained":["WarpedTongs"],"max_hp_gain":0,"max_hp_loss":0,"event_name":"Accursed Blacksmith","floor":19,"gold_loss":0,"cards_obtained":["Pain"]},{"damage_healed":0,"gold_gain":0,"player_choice":"Paid","damage_taken":0,"relics_obtained":["Red Mask"],"max_hp_gain":0,"max_hp_loss":0,"event_name":"Tomb of Lord Red Mask","floor":36,"gold_loss":97},{"damage_healed":0,"gold_gain":0,"player_choice":"0 cards matched","damage_taken":0,"max_hp_gain":0,"max_hp_loss":0,"event_name":"Match and Keep!","floor":38,"gold_loss":0,"cards_obtained":[]}],"is_beta":false,"boss_relics":[{"not_picked":["Black Star","Eternal Feather"],"picked":"Runic Pyramid"},{"not_picked":["Cursed Key","Astrolabe"],"picked":"Fusion Hammer"}],"items_purged_floors":[21],"is_endless":false,"potions_floor_spawned":[3,8,11,14,18,24,30,33,40,41,42,47,48],"ascension_level":14}