{"gold_per_floor":[15,15,34,34,34,34,53,53,53,53,53,53,53,70,70,70],"floor_reached":16,"playtime":456,"items_purged":[],"score":101,"play_id":"dacecc36-509f-4249-9fcc-b3f633c898fc","local_time":"20190429121645","is_ascension_mode":true,"campfire_choices":[{"data":"Go for the Eyes","floor":6,"key":"SMITH"},{"data":"Dualcast","floor":13,"key":"SMITH"},{"floor":15,"key":"REST"}],"neow_cost":"NO_GOLD","seed_source_timestamp":51373930554684,"circlet_count":0,"master_deck":["Strike_B","Strike_B","Defend_B","Defend_B","Zap+1","Dualcast+1","Go for the Eyes+1"],"relics":["Cracked Core","The Courier","Blue Candle","Frozen Egg 2"],"potions_floor_usage":[14],"damage_taken":[{"damage":4,"enemies":"Jaw Worm","floor":1,"turns":5},{"damage":1,"enemies":"Cultist","floor":3,"turns":3},{"damage":7,"enemies":"Small Slimes","floor":7,"turns":3},{"damage":3,"enemies":"Blue Slaver","floor":14,"turns":2},{"damage":76,"enemies":"Hexaghost","floor":16,"turns":11}],"seed_played":"5945696858703605011","potions_obtained":[{"floor":7,"key":"Swift Potion"}],"is_trial":false,"path_per_floor":["M","?","M","T","?","R","M","?","T","$","$","?","R","M","R","B"],"character_chosen":"DEFECT","items_purchased":[],"campfire_rested":1,"item_purchase_floors":[],"current_hp_per_floor":[71,71,70,70,63,63,56,56,56,56,56,56,56,53,75,0],"gold":70,"neow_bonus":"REMOVE_TWO","is_prod":false,"is_daily":false,"chose_seed":false,"campfire_upgraded":2,"win_rate":0,"timestamp":1556565405,"path_taken":["M","?","?","?","?","R","M","?","T","?","$","?","R","M","R","BOSS"],"build_version":"2019-01-23","purchased_purges":0,"victory":false,"max_hp_per_floor":[75,75,75,75,75,75,75,75,75,75,75,75,75,75,75,75],"card_choices":[{"not_picked":["Ball Lightning","Stack","Conserve Battery"],"picked":"SKIP","floor":1},{"not_picked":["Sunder","Redo"],"picked":"Go for the Eyes","floor":3},{"not_picked":["Heatsinks","Compile Driver","Leap"],"picked":"SKIP","floor":7},{"not_picked":["Cold Snap","Reprogram","Double Energy"],"picked":"SKIP","floor":14}],"player_experience":174995,"relics_obtained":[{"floor":4,"key":"The Courier"},{"floor":9,"key":"Blue Candle"}],"event_choices":[{"damage_healed":0,"gold_gain":0,"player_choice":"Upgraded","damage_taken":0,"max_hp_gain":0,"max_hp_loss":0,"event_name":"Upgrade Shrine","floor":2,"gold_loss":0,"cards_upgraded":["Zap"]},{"cards_removed":["Defend_B"],"damage_healed":0,"gold_gain":0,"player_choice":"Card Removal","damage_taken":7,"max_hp_gain":0,"max_hp_loss":0,"event_name":"Golden Wing","floor":5,"gold_loss":0},{"cards_removed":["Strike_B"],"damage_healed":0,"gold_gain":0,"player_choice":"Forget","damage_taken":0,"max_hp_gain":0,"max_hp_loss":0,"event_name":"Living Wall","floor":8,"gold_loss":0},{"damage_healed":0,"gold_gain":0,"player_choice":"Searched \u00271\u0027 times","damage_taken":0,"relics_obtained":["Frozen Egg 2"],"max_hp_gain":0,"max_hp_loss":0,"event_name":"Dead Adventurer","floor":12,"gold_loss":0}],"is_beta":false,"boss_relics":[],"items_purged_floors":[],"is_endless":false,"potions_floor_spawned":[7],"killed_by":"Hexaghost","ascension_level":3}