{"gold_per_floor":[113,113,136,150,160,188,202,232,232,202,234,244,244,257,257,355,355,370,370,351,181,194,194,109,109,135,150,175,175,209,224,224,328,328,347,361,379,396,413,440,440,453,453,468,468,500,500,514,514,514,514,514,18,53,53],"floor_reached":56,"playtime":6842,"items_purged":["Strike_G","Defend_G"],"score":1503,"play_id":"c861d91a-0109-42a2-a44a-3816d156b0f4","local_time":"20190205202400","is_ascension_mode":true,"campfire_choices":[{"data":"Skewer","floor":13,"key":"SMITH"},{"data":"Neutralize","floor":15,"key":"SMITH"},{"data":"Envenom","floor":23,"key":"SMITH"},{"data":"Well Laid Plans","floor":25,"key":"SMITH"},{"data":"Wraith Form v2","floor":32,"key":"SMITH"},{"floor":41,"key":"RECALL"},{"data":"Wraith Form v2","floor":45,"key":"SMITH"},{"data":"Noxious Fumes","floor":47,"key":"SMITH"},{"floor":49,"key":"REST"},{"data":"Well Laid Plans","floor":52,"key":"SMITH"}],"neow_cost":"NONE","seed_source_timestamp":2265764755160829,"circlet_count":0,"master_deck":["Defend_G","Defend_G","Defend_G","Defend_G","Survivor","Neutralize+1","Dagger Throw","Skewer+1","Adrenaline","PiercingWail+1","Catalyst+1","PiercingWail+1","Prepared+1","Catalyst+1","Backflip+1","Envenom+1","PiercingWail+1","Night Terror+1","Poisoned Stab","Well Laid Plans+1","Cloak And Dagger+1","Acrobatics+1","Wraith Form v2+1","Burst+1","Adrenaline+1","Blade Dance+1","Wraith Form v2+1","Well Laid Plans+1","Footwork","Backflip+1","Noxious Fumes+1","Deadly Poison+1","Footwork+1","Acrobatics+1","Panache"],"relics":["Lizard Tail","Pen Nib","Toxic Egg 2","Mummified Hand","Ice Cream","Art of War","Philosopher\u0027s Stone","Blood Vial","Dream Catcher","Bottled Lightning","Du-Vu Doll","Empty Cage","Smiling Mask","Blue Candle","Paper Crane","Bag of Preparation"],"potions_floor_usage":[6,6,11,18,18,30,33,38,50],"damage_taken":[{"damage":0,"enemies":"2 Louse","floor":1,"turns":3},{"damage":0,"enemies":"Jaw Worm","floor":4,"turns":4},{"damage":0,"enemies":"Cultist","floor":5,"turns":2},{"damage":6,"enemies":"Lagavulin","floor":6,"turns":8},{"damage":0,"enemies":"Red Slaver","floor":7,"turns":4},{"damage":20,"enemies":"Gremlin Nob","floor":8,"turns":4},{"damage":4,"enemies":"Lagavulin","floor":11,"turns":5},{"damage":4,"enemies":"Exordium Thugs","floor":12,"turns":4},{"damage":0,"enemies":"Blue Slaver","floor":14,"turns":1},{"damage":16,"enemies":"Hexaghost","floor":16,"turns":11},{"damage":13,"enemies":"3 Byrds","floor":18,"turns":5},{"damage":3,"enemies":"2 Thieves","floor":20,"turns":4},{"damage":23,"enemies":"3 Cultists","floor":22,"turns":6},{"damage":3,"enemies":"Shelled Parasite and Fungi","floor":27,"turns":6},{"damage":1,"enemies":"Book of Stabbing","floor":28,"turns":5},{"damage":1,"enemies":"Slavers","floor":30,"turns":8},{"damage":0,"enemies":"Snake Plant","floor":31,"turns":2},{"damage":5,"enemies":"Champ","floor":33,"turns":5},{"damage":0,"enemies":"3 Shapes","floor":35,"turns":6},{"damage":3,"enemies":"Orb Walker","floor":36,"turns":5},{"damage":2,"enemies":"3 Darklings","floor":37,"turns":6},{"damage":20,"enemies":"Sphere and 2 Shapes","floor":38,"turns":4},{"damage":1,"enemies":"Maw","floor":39,"turns":5},{"damage":0,"enemies":"Reptomancer","floor":40,"turns":3},{"damage":10,"enemies":"Spire Growth","floor":42,"turns":3},{"damage":1,"enemies":"Transient","floor":44,"turns":4},{"damage":4,"enemies":"Giant Head","floor":46,"turns":4},{"damage":2,"enemies":"3 Darklings","floor":48,"turns":6},{"damage":54,"enemies":"Awakened One","floor":50,"turns":14},{"damage":4,"enemies":"Shield and Spear","floor":54,"turns":4},{"damage":8,"enemies":"The Heart","floor":55,"turns":8}],"seed_played":"-3343044428266681209","potions_obtained":[{"floor":1,"key":"Weak Potion"},{"floor":5,"key":"SteroidPotion"},{"floor":7,"key":"Ancient Potion"},{"floor":10,"key":"Swift Potion"},{"floor":10,"key":"Fire Potion"},{"floor":11,"key":"Fruit Juice"},{"floor":16,"key":"FearPotion"},{"floor":18,"key":"SteroidPotion"},{"floor":28,"key":"Dexterity Potion"},{"floor":30,"key":"Regen Potion"},{"floor":31,"key":"SkillPotion"},{"floor":36,"key":"FearPotion"},{"floor":38,"key":"Explosive Potion"},{"floor":42,"key":"GhostInAJar"},{"floor":46,"key":"Weak Potion"}],"is_trial":false,"path_per_floor":["M","?","T","M","M","E","M","E","T","?","E","M","R","M","R","B",null,"M","?","M","$","M","R","?","R","T","M","E","?","E","M","R","B",null,"M","M","M","M","M","E","R","M","T","M","R","E","R","M","R","B",null,"R","$","E","B",null],"character_chosen":"THE_SILENT","items_purchased":["Well Laid Plans","Cloak And Dagger+1","Paper Crane","Panache"],"campfire_rested":1,"item_purchase_floors":[21,21,53,53],"current_hp_per_floor":[70,70,70,70,70,64,64,44,44,44,45,41,41,41,41,25,75,62,62,59,59,36,36,36,36,36,35,36,36,37,39,39,48,75,75,72,72,54,55,57,57,49,49,50,50,48,48,48,70,18,75,75,75,71,65],"gold":53,"neow_bonus":"BOSS_RELIC","is_prod":false,"is_daily":false,"chose_seed":false,"campfire_upgraded":8,"win_rate":0,"timestamp":1549416240,"path_taken":["M","?","?","M","M","E","M","E","T","?","E","M","R","M","R","BOSS","M","?","?","$","M","R","?","R","T","M","E","?","E","M","R","BOSS","M","M","M","M","M","E","R","M","T","M","R","E","R","?","R","BOSS","R","$","E","BOSS"],"build_version":"2019-01-23","purchased_purges":2,"victory":true,"max_hp_per_floor":[70,70,70,70,70,70,70,70,70,70,75,75,75,75,75,75,75,75,75,75,75,75,75,75,75,75,75,75,75,75,75,75,75,75,75,75,75,75,75,75,75,75,75,75,75,75,75,75,75,75,75,75,75,75,75],"card_choices":[{"not_picked":["All Out Attack","Finisher"],"picked":"Dagger Throw","floor":1},{"not_picked":["Quick Slash","Masterful Stab"],"picked":"Skewer","floor":4},{"not_picked":["Footwork","Outmaneuver"],"picked":"Adrenaline","floor":5},{"not_picked":["Blur","Bouncing Flask"],"picked":"PiercingWail","floor":6},{"not_picked":["Dagger Spray","Flying Knee"],"picked":"Catalyst+1","floor":7},{"not_picked":["Dodge and Roll+1","Tools of the Trade"],"picked":"PiercingWail+1","floor":8},{"not_picked":["Dagger Spray","Sucker Punch"],"picked":"Prepared+1","floor":11},{"not_picked":["PiercingWail+1","Riddle With Holes"],"picked":"Catalyst+1","floor":12},{"not_picked":["Deflect+1","Flying Knee"],"picked":"Backflip+1","floor":14},{"not_picked":["Venomology+1","Glass Knife"],"picked":"Envenom","floor":16},{"not_picked":["Sucker Punch","Prepared+1"],"picked":"PiercingWail+1","floor":18},{"not_picked":["Outmaneuver+1","Bane"],"picked":"Poisoned Stab","floor":20},{"not_picked":["Endless Agony+1","Flechettes+1"],"picked":"Acrobatics+1","floor":22},{"not_picked":["Backflip+1","Choke+1"],"picked":"Wraith Form v2","floor":27},{"not_picked":["Deadly Poison+1","Sucker Punch"],"picked":"Burst+1","floor":28},{"not_picked":["Skewer+1","Flying Knee"],"picked":"Adrenaline+1","floor":30},{"not_picked":["Cloak And Dagger+1","Sucker Punch"],"picked":"Blade Dance+1","floor":31},{"not_picked":["Phantasmal Killer+1","Storm of Steel+1"],"picked":"Wraith Form v2","floor":33},{"not_picked":["Underhanded Strike+1","Prepared+1"],"picked":"Well Laid Plans","floor":35},{"not_picked":["Backflip+1","Choke+1"],"picked":"Footwork","floor":36},{"not_picked":["Prepared+1","Finisher"],"picked":"Backflip+1","floor":37},{"not_picked":["Dagger Throw+1","Backstab","Bane"],"picked":"SKIP","floor":38},{"not_picked":["PiercingWail+1","Poisoned Stab+1"],"picked":"Noxious Fumes","floor":39},{"not_picked":["Flying Knee+1","Malaise+1","Blade Dance+1"],"picked":"SKIP","floor":40},{"not_picked":["Choke+1","Dodge and Roll+1","Riddle With Holes"],"picked":"SKIP","floor":42},{"not_picked":["Underhanded Strike","Leg Sweep+1"],"picked":"Deadly Poison+1","floor":44},{"not_picked":["Skewer+1","Blur+1"],"picked":"Footwork+1","floor":46},{"not_picked":["Finisher+1","Distraction+1"],"picked":"Acrobatics+1","floor":48},{"not_picked":["Outmaneuver+1","Finisher","Predator+1"],"picked":"SKIP","floor":54}],"player_experience":150751,"relics_obtained":[{"floor":3,"key":"Pen Nib"},{"floor":6,"key":"Toxic Egg 2"},{"floor":8,"key":"Mummified Hand"},{"floor":9,"key":"Ice Cream"},{"floor":11,"key":"Art of War"},{"floor":26,"key":"Dream Catcher"},{"floor":28,"key":"Bottled Lightning"},{"floor":30,"key":"Du-Vu Doll"},{"floor":40,"key":"Smiling Mask"},{"floor":46,"key":"Blue Candle"},{"floor":54,"key":"Bag of Preparation"}],"event_choices":[{"cards_removed":["Strike_G"],"damage_healed":0,"gold_gain":0,"player_choice":"Forget","damage_taken":0,"max_hp_gain":0,"max_hp_loss":0,"event_name":"Living Wall","floor":2,"gold_loss":0},{"damage_healed":0,"gold_gain":0,"player_choice":"Bought 2 Potions","damage_taken":0,"max_hp_gain":0,"max_hp_loss":0,"event_name":"The Woman in Blue","floor":10,"gold_loss":0},{"damage_healed":0,"gold_gain":0,"player_choice":"1 cards matched","damage_taken":0,"max_hp_gain":0,"max_hp_loss":0,"event_name":"Match and Keep!","floor":19,"gold_loss":0,"cards_obtained":["Night Terror"]},{"damage_healed":0,"gold_gain":0,"player_choice":"Obtained Relic","damage_taken":0,"relics_obtained":["Blood Vial"],"max_hp_gain":0,"max_hp_loss":0,"event_name":"Addict","floor":24,"gold_loss":85},{"cards_removed":["Strike_G"],"damage_healed":0,"gold_gain":0,"player_choice":"Purged","damage_taken":0,"max_hp_gain":0,"max_hp_loss":0,"event_name":"Purifier","floor":29,"gold_loss":0}],"is_beta":false,"boss_relics":[{"not_picked":["Busted Crown","Cursed Key"],"picked":"Philosopher\u0027s Stone"},{"not_picked":["Tiny House","Orrery"],"picked":"Empty Cage"}],"items_purged_floors":[21,53],"is_endless":false,"potions_floor_spawned":[1,5,7,11,16,18,28,30,31,36,38,42,46,48],"ascension_level":4}