{"gold_per_floor":[109,121,121,140,15,15],"floor_reached":6,"playtime":201,"items_purged":[],"score":86,"play_id":"65c6a011-8bd0-4845-973b-478d02ce987b","local_time":"20180804231832","daily_mods":["Draft","Heirloom","Time Dilation"],"is_ascension_mode":false,"campfire_choices":[],"neow_cost":"","seed_source_timestamp":0,"circlet_count":0,"master_deck":["Blade Dance","Flying Knee","PiercingWail","Slice","Prepared","Dagger Spray","Infinite Blades","Acrobatics","Concentrate","Acrobatics","Escape Plan","Bouncing Flask","Slice","Tactician","Blade Dance","Slice","Tools of the Trade","Deflect","Accuracy","Deflect"],"relics":["Unceasing Top","Torii"],"potions_floor_usage":[],"damage_taken":[{"damage":0,"enemies":"2 Louse","floor":1,"turns":1},{"damage":1,"enemies":"Small Slimes","floor":2,"turns":2},{"damage":11,"enemies":"Jaw Worm","floor":4,"turns":2},{"damage":0,"enemies":"Lagavulin","floor":6,"turns":2}],"seed_played":"-5578875831774772612","potions_obtained":[{"floor":4,"key":"Weak Potion"}],"is_trial":true,"path_per_floor":["M","M","?","M","$"],"character_chosen":"THE_SILENT","items_purchased":["Accuracy","Deflect"],"campfire_rested":0,"item_purchase_floors":[5,5],"current_hp_per_floor":[70,69,69,58,58,58],"gold":15,"neow_bonus":"","is_prod":false,"is_daily":false,"chose_seed":false,"campfire_upgraded":0,"win_rate":0,"timestamp":1533392312,"path_taken":["M","M","?","M","$","E"],"build_version":"2018-08-02","purchased_purges":0,"victory":false,"max_hp_per_floor":[70,70,70,70,70,70],"card_choices":[{"not_picked":["Outmaneuver","Dodge and Roll"],"picked":"Blade Dance","floor":0},{"not_picked":["Deadly Poison","Prepared"],"picked":"Flying Knee","floor":0},{"not_picked":["Deadly Poison","Bane"],"picked":"PiercingWail","floor":0},{"not_picked":["Bane","Poisoned Stab"],"picked":"Slice","floor":0},{"not_picked":["Flying Knee","Distraction"],"picked":"Prepared","floor":0},{"not_picked":["Distraction","Leg Sweep"],"picked":"Dagger Spray","floor":0},{"not_picked":["Distraction","Flechettes"],"picked":"Infinite Blades","floor":0},{"not_picked":["Sucker Punch","All Out Attack"],"picked":"Acrobatics","floor":0},{"not_picked":["Acrobatics","Bane"],"picked":"Concentrate","floor":0},{"not_picked":["Underhanded Strike","Dagger Spray"],"picked":"Acrobatics","floor":0},{"not_picked":["Cloak And Dagger","Backstab"],"picked":"Escape Plan","floor":0},{"not_picked":["PiercingWail","Poisoned Stab"],"picked":"Underhanded Strike","floor":0},{"not_picked":["Crippling Poison","PiercingWail"],"picked":"Bouncing Flask","floor":0},{"not_picked":["Deadly Poison","Flying Knee"],"picked":"Slice","floor":0},{"not_picked":["All Out Attack","Endless Agony"],"picked":"Tactician","floor":0},{"not_picked":["PiercingWail","Bouncing Flask"],"picked":"Blade Dance","floor":1},{"not_picked":["Deflect","Backflip"],"picked":"Slice","floor":2},{"not_picked":["Eviscerate","Blade Dance"],"picked":"Deflect","floor":4}],"player_experience":252989,"relics_obtained":[],"event_choices":[{"event_name":"Living Wall","player_choice":"Change","floor":3,"damage_taken":0}],"is_beta":false,"boss_relics":[],"items_purged_floors":[],"is_endless":true,"potions_floor_spawned":[4],"killed_by":"Lagavulin","ascension_level":0}