{"gold_per_floor":[119,119,119,21,44,44,17,37,64,64,83,129,129,168,168,297,297,317,317,416,416,440,440,458,481,508,542,542,542,542,562,562,690,690,708,723,723,633,194,207,207,230,255,275,293,293,19,37,37,37],"floor_reached":51,"playtime":1673,"items_purged":["Defend_R","Perfected Strike","Shrug It Off"],"score":742,"play_id":"2f9d31dd-c31a-4deb-9fc7-b400b9609fd1","local_time":"20181119184033","is_ascension_mode":false,"campfire_choices":[{"data":"Shrug It Off","floor":6,"key":"SMITH"},{"data":"Flex","floor":10,"key":"SMITH"},{"data":"Bash","floor":15,"key":"SMITH"},{"data":"Shrug It Off","floor":23,"key":"SMITH"},{"data":"Dropkick","floor":28,"key":"SMITH"},{"data":"Twin Strike","floor":32,"key":"SMITH"},{"data":"1","floor":41,"key":"LIFT"},{"data":"Armaments","floor":49,"key":"SMITH"}],"neow_cost":"NONE","seed_source_timestamp":124109276405805,"circlet_count":0,"master_deck":["Bash+1","Feed+1","Shrug It Off+1","Twin Strike+1","Pommel Strike","Flex+1","Headbutt","Reaper+1","Flame Barrier+1","Shrug It Off+1","Whirlwind+1","Thunderclap","Dropkick+1","Shrug It Off+1","Feed","Combust","Battle Trance","Anger","Uppercut","Fire Breathing","Ghostly Armor+1","Armaments+1","Barricade","Secret Weapon","Metallicize","Shockwave","Intimidate+1"],"relics":["Burning Blood","Golden Idol","Bag of Marbles","Dream Catcher","Anchor","Coffee Dripper","Oddly Smooth Stone","Ancient Tea Set","Letter Opener","Paper Frog","Pandora\u0027s Box","Girya","PreservedInsect"],"potions_floor_usage":[14,16,16,25,33,33,50,50,50],"damage_taken":[{"damage":6,"enemies":"Jaw Worm","floor":1,"turns":3},{"damage":1,"enemies":"2 Louse","floor":5,"turns":3},{"damage":0,"enemies":"Cultist","floor":8,"turns":2},{"damage":15,"enemies":"Exordium Thugs","floor":11,"turns":4},{"damage":30,"enemies":"3 Sentries","floor":14,"turns":7},{"damage":31,"enemies":"Hexaghost","floor":16,"turns":7},{"damage":5,"enemies":"2 Thieves","floor":18,"turns":3},{"damage":20,"enemies":"Spheric Guardian","floor":22,"turns":4},{"damage":15,"enemies":"Snecko","floor":24,"turns":5},{"damage":1,"enemies":"Snake Plant","floor":25,"turns":3},{"damage":8,"enemies":"Gremlin Leader","floor":27,"turns":8},{"damage":12,"enemies":"3 Cultists","floor":31,"turns":3},{"damage":29,"enemies":"Automaton","floor":33,"turns":7},{"damage":0,"enemies":"3 Darklings","floor":35,"turns":2},{"damage":0,"enemies":"Orb Walker","floor":36,"turns":2},{"damage":25,"enemies":"Transient","floor":40,"turns":5},{"damage":6,"enemies":"Maw","floor":42,"turns":6},{"damage":0,"enemies":"Jaw Worm Horde","floor":44,"turns":4},{"damage":7,"enemies":"Spire Growth","floor":45,"turns":4},{"damage":16,"enemies":"Writhing Mass","floor":48,"turns":5},{"damage":101,"enemies":"Awakened One","floor":50,"turns":9}],"seed_played":"-882868350333800811","potions_obtained":[{"floor":8,"key":"Ancient Potion"},{"floor":11,"key":"SpeedPotion"},{"floor":13,"key":"Swift Potion"},{"floor":13,"key":"LiquidBronze"},{"floor":14,"key":"FearPotion"},{"floor":16,"key":"Ancient Potion"},{"floor":22,"key":"Strength Potion"},{"floor":24,"key":"Fruit Juice"},{"floor":25,"key":"SteroidPotion"},{"floor":33,"key":"PowerPotion"},{"floor":36,"key":"Dexterity Potion"},{"floor":44,"key":"Strength Potion"}],"is_trial":false,"path_per_floor":["M","?","?","$","M","R","$","M","T","R","M","T","?","E","R","B",null,"M","?","?","?","M","R","M","M","T","E","R","?","T","M","R","B",null,"M","M","?","?","$","M","R","M","T","M","M","?","$","M","R","B",null],"character_chosen":"IRONCLAD","items_purchased":["Twin Strike","Pommel Strike","Girya","Fire Breathing","Metallicize","Shockwave"],"campfire_rested":0,"item_purchase_floors":[4,7,39,39,47,47],"current_hp_per_floor":[83,83,63,63,72,72,72,82,82,82,77,77,77,57,57,36,103,107,107,107,107,97,97,94,108,108,111,111,111,111,109,109,96,120,120,120,120,120,120,101,101,105,105,114,113,113,113,103,103,8],"gold":37,"neow_bonus":"ONE_RANDOM_RARE_CARD","is_prod":false,"is_daily":false,"chose_seed":false,"campfire_upgraded":7,"win_rate":0,"timestamp":1542649233,"path_taken":["M","?","?","$","M","R","?","?","T","R","M","?","?","E","R","BOSS","M","?","?","?","M","R","M","?","T","E","R","?","?","M","R","BOSS","M","M","?","?","$","M","R","M","T","M","?","?","$","M","R","BOSS"],"build_version":"2018-11-15","purchased_purges":3,"victory":true,"max_hp_per_floor":[83,83,83,83,87,87,87,91,91,91,95,95,95,99,99,103,103,107,107,107,107,111,111,111,116,116,116,116,116,116,120,120,120,120,120,120,120,120,120,120,120,124,124,127,127,127,127,127,127,127],"card_choices":[{"not_picked":["Carnage","Spot Weakness"],"picked":"Shrug It Off","floor":1},{"not_picked":["Reckless Charge","Hemokinesis","Sever Soul"],"picked":"SKIP","floor":5},{"not_picked":["Havoc","Second Wind"],"picked":"Flex","floor":8},{"not_picked":["Pommel Strike","Perfected Strike"],"picked":"Headbutt","floor":11},{"not_picked":["Immolate","Body Slam","Shockwave"],"picked":"SKIP","floor":14},{"not_picked":["Brutality","Juggernaut"],"picked":"Reaper","floor":16},{"not_picked":["Heavy Blade+1","Clash"],"picked":"Flame Barrier","floor":18},{"not_picked":["Perfected Strike","Clash+1"],"picked":"Whirlwind+1","floor":22},{"not_picked":["Iron Wave","Feel No Pain","Warcry"],"picked":"SKIP","floor":24},{"not_picked":["Body Slam","Twin Strike"],"picked":"Thunderclap","floor":25},{"not_picked":["Flame Barrier","Heavy Blade"],"picked":"Dropkick","floor":27},{"not_picked":["Corruption","Body Slam"],"picked":"Shrug It Off+1","floor":31},{"not_picked":["Bludgeon","Berserk"],"picked":"Feed","floor":33},{"not_picked":["Anger+1","Bloodletting","Rupture+1"],"picked":"SKIP","floor":35},{"not_picked":["Burning Pact","Cleave","Uppercut"],"picked":"SKIP","floor":36},{"not_picked":["Anger","Shrug It Off+1"],"picked":"Ghostly Armor+1","floor":40},{"not_picked":["Headbutt","Perfected Strike+1","Heavy Blade"],"picked":"SKIP","floor":42},{"not_picked":["Rupture+1","Pummel"],"picked":"Armaments","floor":44},{"not_picked":["Corruption+1","Clothesline"],"picked":"Barricade","floor":45},{"not_picked":["Trip","The Bomb"],"picked":"Secret Weapon","floor":46},{"not_picked":["Clothesline","Wild Strike"],"picked":"Intimidate+1","floor":48}],"player_experience":127256,"relics_obtained":[{"floor":9,"key":"Bag of Marbles"},{"floor":12,"key":"Dream Catcher"},{"floor":14,"key":"Anchor"},{"floor":26,"key":"Oddly Smooth Stone"},{"floor":27,"key":"Ancient Tea Set"},{"floor":30,"key":"Paper Frog"},{"floor":43,"key":"PreservedInsect"}],"event_choices":[{"damage_healed":0,"gold_gain":0,"player_choice":"Grow","damage_taken":0,"max_hp_gain":0,"max_hp_loss":0,"event_name":"Living Wall","floor":2,"gold_loss":0,"cards_upgraded":["Feed"]},{"damage_healed":0,"gold_gain":0,"player_choice":"Take Damage","damage_taken":20,"relics_obtained":["Golden Idol"],"max_hp_gain":0,"max_hp_loss":0,"event_name":"Golden Idol","floor":3,"gold_loss":0},{"damage_healed":0,"gold_gain":0,"player_choice":"Got Potions","damage_taken":0,"max_hp_gain":0,"max_hp_loss":0,"event_name":"Lab","floor":13,"gold_loss":0},{"damage_healed":0,"gold_gain":0,"cards_transformed":["Strike_R","Strike_R"],"player_choice":"Became Test Subject","damage_taken":0,"max_hp_gain":0,"max_hp_loss":0,"event_name":"Drug Dealer","floor":19,"gold_loss":0,"cards_obtained":["Shrug It Off","Dark Embrace"]},{"damage_healed":0,"gold_gain":99,"player_choice":"Stole From Cult","damage_taken":0,"max_hp_gain":0,"max_hp_loss":0,"event_name":"Nest","floor":20,"gold_loss":0},{"damage_healed":0,"gold_gain":0,"player_choice":"Upgraded","damage_taken":0,"max_hp_gain":0,"max_hp_loss":0,"event_name":"Upgrade Shrine","floor":21,"gold_loss":0,"cards_upgraded":["Flame Barrier"]},{"damage_healed":0,"gold_gain":0,"player_choice":"Opened","damage_taken":0,"relics_obtained":["Letter Opener"],"max_hp_gain":0,"max_hp_loss":0,"event_name":"The Mausoleum","floor":29,"gold_loss":0,"cards_obtained":["Writhe"]},{"cards_removed":["Dark Embrace"],"damage_healed":0,"gold_gain":0,"player_choice":"Removed Power","damage_taken":0,"max_hp_gain":0,"max_hp_loss":0,"event_name":"Falling","floor":37,"gold_loss":0},{"cards_removed":["Writhe"],"damage_healed":0,"gold_gain":0,"player_choice":"Upgrade and Remove","damage_taken":0,"max_hp_gain":0,"max_hp_loss":0,"event_name":"Designer","floor":38,"gold_loss":90,"cards_upgraded":["Reaper"]},{"damage_healed":0,"gold_gain":0,"player_choice":"Memory 1","damage_taken":0,"max_hp_gain":0,"max_hp_loss":0,"event_name":"SensoryStone","floor":46,"gold_loss":0}],"is_beta":false,"boss_relics":[{"not_picked":["White Beast Statue","Snecko Eye"],"picked":"Coffee Dripper"},{"not_picked":["Fusion Hammer","Runic Pyramid"],"picked":"Pandora\u0027s Box"}],"items_purged_floors":[4,39,47],"is_endless":false,"potions_floor_spawned":[8,11,14,16,22,24,25,33,36,44],"ascension_level":0}