{"gold_per_floor":[113,113,133,208,224,224,253,263,263,263,323,323,24,24,24,128,128,116,48,48,64,83,83,83,93,93,93,18,0,99,99,99,99],"floor_reached":33,"playtime":2419,"items_purged":["Normality"],"score":266,"play_id":"5320d927-b7a0-46aa-965e-40edc45190ab","local_time":"20190107032103","is_ascension_mode":false,"campfire_choices":[{"data":"Dagger Spray","floor":6,"key":"SMITH"},{"floor":10,"key":"REST"},{"floor":12,"key":"REST"},{"floor":15,"key":"REST"},{"floor":23,"key":"REST"},{"floor":27,"key":"REST"},{"data":"All Out Attack","floor":32,"key":"SMITH"}],"neow_cost":"NONE","seed_source_timestamp":46500396712406,"circlet_count":0,"master_deck":["Defend_G","Defend_G","Defend_G","Defend_G","Defend_G","Survivor","Neutralize","Escape Plan","Blade Dance","Blade Dance","Dagger Spray+1","All Out Attack+1","Outmaneuver","Deadly Poison","Bullet Time","Parasite","Noxious Fumes+1","Caltrops+1","Iron Wave","PiercingWail","Poisoned Stab","Noxious Fumes+1","Bite","Bite","Bite","Bite","Bite"],"relics":["Ring of the Snake","Boot","Bag of Marbles","Frozen Egg 2","Incense Burner","Calling Bell","Bag of Preparation","Question Card","Peace Pipe","Tough Bandages"],"potions_floor_usage":[7,21,22,33],"damage_taken":[{"damage":0,"enemies":"Cultist","floor":1,"turns":4},{"damage":0,"enemies":"2 Louse","floor":3,"turns":4},{"damage":5,"enemies":"Small Slimes","floor":5,"turns":4},{"damage":22,"enemies":"3 Sentries","floor":7,"turns":8},{"damage":0,"enemies":"Exordium Wildlife","floor":8,"turns":2},{"damage":37,"enemies":"Gremlin Nob","floor":11,"turns":5},{"damage":66,"enemies":"Hexaghost","floor":16,"turns":13},{"damage":29,"enemies":"2 Thieves","floor":18,"turns":4},{"damage":27,"enemies":"Shell Parasite","floor":21,"turns":5},{"damage":0,"enemies":"Centurion and Healer","floor":22,"turns":4},{"damage":20,"enemies":"Chosen and Byrds","floor":25,"turns":6},{"damage":52,"enemies":"Champ","floor":33,"turns":7}],"seed_played":"-1494500483933769951","potions_obtained":[{"floor":3,"key":"Poison Potion"},{"floor":5,"key":"Energy Potion"},{"floor":11,"key":"Fire Potion"},{"floor":18,"key":"FearPotion"},{"floor":21,"key":"AttackPotion"}],"is_trial":false,"path_per_floor":["M","?","M","?","M","R","E","M","T","R","?","R","$","?","R","B",null,"M","$","?","M","M","R","?","M","T","R","$","?","?","?","R","B"],"character_chosen":"THE_SILENT","items_purchased":["Incense Burner","Caltrops+1"],"campfire_rested":5,"item_purchase_floors":[13,19],"current_hp_per_floor":[70,75,75,68,63,63,41,41,41,63,26,48,48,48,70,4,75,46,46,46,19,19,41,41,21,21,43,43,43,43,43,43,0],"gold":99,"neow_bonus":"THREE_CARDS","is_prod":false,"is_daily":false,"chose_seed":false,"campfire_upgraded":2,"win_rate":0.0,"timestamp":1546849263,"path_taken":["M","?","M","?","M","R","E","?","T","R","?","R","?","?","R","BOSS","M","$","?","M","?","R","?","M","T","R","$","?","?","?","R","BOSS"],"build_version":"2019-01-03v4","purchased_purges":1,"victory":false,"max_hp_per_floor":[70,75,75,75,75,75,75,75,75,75,75,75,75,75,75,75,75,75,75,75,75,75,75,75,75,75,75,75,75,75,52,52,52],"card_choices":[{"not_picked":["Sucker Punch","Finisher"],"picked":"Escape Plan","floor":0},{"not_picked":["Sucker Punch","Calculated Gamble"],"picked":"Blade Dance","floor":1},{"not_picked":["Escape Plan","Bane"],"picked":"Blade Dance","floor":3},{"not_picked":["Noxious Fumes","Quick Slash"],"picked":"Dagger Spray","floor":5},{"not_picked":["Adrenaline","Backflip"],"picked":"All Out Attack","floor":7},{"not_picked":["Bane","Crippling Poison"],"picked":"Outmaneuver","floor":8},{"not_picked":["Expertise","Outmaneuver"],"picked":"Deadly Poison","floor":11},{"not_picked":["Night Terror","Adrenaline"],"picked":"Bullet Time","floor":16},{"not_picked":["Reflex","Outmaneuver","Flying Knee"],"picked":"Noxious Fumes+1","floor":18},{"not_picked":["Distraction","Outmaneuver","Choke"],"picked":"PiercingWail","floor":21},{"not_picked":["Masterful Stab","Blade Dance+1","Dagger Spray"],"picked":"Poisoned Stab","floor":22},{"not_picked":["Heel Hook","Adrenaline","Deflect+1"],"picked":"Noxious Fumes+1","floor":25}],"player_experience":19796,"relics_obtained":[{"floor":7,"key":"Boot"},{"floor":9,"key":"Bag of Marbles"},{"floor":11,"key":"Frozen Egg 2"},{"floor":17,"key":"Bag of Preparation"},{"floor":17,"key":"Question Card"},{"floor":17,"key":"Peace Pipe"},{"floor":26,"key":"Tough Bandages"}],"event_choices":[{"damage_healed":0,"gold_gain":0,"player_choice":"Donut","damage_taken":0,"max_hp_gain":5,"max_hp_loss":0,"event_name":"Big Fish","floor":2,"gold_loss":0},{"damage_healed":0,"gold_gain":75,"player_choice":"Touch","damage_taken":7,"max_hp_gain":0,"max_hp_loss":0,"event_name":"FaceTrader","floor":4,"gold_loss":0},{"damage_healed":0,"gold_gain":0,"player_choice":"Searched \u00271\u0027 times","damage_taken":0,"max_hp_gain":0,"max_hp_loss":0,"event_name":"Dead Adventurer","floor":11,"gold_loss":0},{"damage_healed":0,"gold_gain":0,"player_choice":"Leave","damage_taken":0,"max_hp_gain":0,"max_hp_loss":0,"event_name":"The Cleric","floor":14,"gold_loss":0},{"cards_removed":["Writhe"],"damage_healed":0,"gold_gain":0,"player_choice":"Took Card","damage_taken":0,"max_hp_gain":0,"max_hp_loss":0,"event_name":"NoteForYourself","floor":20,"gold_loss":0,"cards_obtained":["Iron Wave"]},{"damage_healed":0,"gold_gain":0,"player_choice":"Ignored","damage_taken":0,"max_hp_gain":0,"max_hp_loss":0,"event_name":"Ghosts","floor":24,"gold_loss":0},{"damage_healed":0,"gold_gain":0,"player_choice":"Paid Fearfully","damage_taken":0,"max_hp_gain":0,"max_hp_loss":0,"event_name":"Masked Bandits","floor":29,"gold_loss":18},{"damage_healed":0,"gold_gain":99,"player_choice":"Stole From Cult","damage_taken":0,"max_hp_gain":0,"max_hp_loss":0,"event_name":"Nest","floor":30,"gold_loss":0},{"damage_healed":0,"gold_gain":0,"player_choice":"Became a vampire","damage_taken":0,"max_hp_gain":0,"max_hp_loss":23,"event_name":"Vampires","floor":31,"gold_loss":0,"cards_obtained":["Bite","Bite","Bite","Bite","Bite"]}],"is_beta":false,"boss_relics":[{"not_picked":["HoveringKite","Lizard Tail"],"picked":"Calling Bell"}],"items_purged_floors":[28],"is_endless":false,"potions_floor_spawned":[3,5,11,18,21],"killed_by":"Champ","ascension_level":0}