{"gold_per_floor":[110,57,57,67,67,67,79,107,107,120,120,134,144,155,155,232,232,243,243,253,7,25,53,53,66,66,66],"floor_reached":27,"playtime":1195,"items_purged":[],"score":531,"play_id":"cc174133-175a-4b7e-8e94-3337be667bfa","local_time":"20190605063316","is_ascension_mode":true,"campfire_choices":[{"data":"Neutralize","floor":6,"key":"SMITH"},{"data":"Noxious Fumes","floor":11,"key":"SMITH"},{"floor":15,"key":"REST"},{"floor":24,"key":"REST"}],"neow_cost":"PERCENT_DAMAGE","seed_source_timestamp":288174486754382,"circlet_count":0,"master_deck":["AscendersBane","Defend_G","Defend_G","Defend_G","Strike_G","Strike_G","Strike_G","Survivor","Neutralize+1","Cloak And Dagger","Poisoned Stab","Noxious Fumes+1","Deadly Poison","Cloak And Dagger","Backflip","Blade Dance","Burst","Dagger Spray+1","Catalyst+1","Footwork","Dash","Terror","Cloak And Dagger+1"],"relics":["Ring of the Serpent","Paper Crane","Incense Burner","PreservedInsect","Pocketwatch","Ornamental Fan"],"potions_floor_usage":[16,18,22,23,23],"damage_taken":[{"damage":0,"enemies":"2 Louse","floor":1,"turns":3},{"damage":0,"enemies":"Cultist","floor":4,"turns":4},{"damage":2,"enemies":"Jaw Worm","floor":7,"turns":5},{"damage":28,"enemies":"3 Sentries","floor":8,"turns":7},{"damage":3,"enemies":"Red Slaver","floor":10,"turns":3},{"damage":5,"enemies":"Lots of Slimes","floor":12,"turns":5},{"damage":5,"enemies":"Looter","floor":13,"turns":3},{"damage":17,"enemies":"Exordium Wildlife","floor":14,"turns":6},{"damage":0,"enemies":"Hexaghost","floor":16,"turns":8},{"damage":22,"enemies":"2 Thieves","floor":18,"turns":5},{"damage":4,"enemies":"Chosen","floor":20,"turns":5},{"damage":8,"enemies":"Shelled Parasite and Fungi","floor":22,"turns":7},{"damage":14,"enemies":"Gremlin Leader","floor":23,"turns":5},{"damage":18,"enemies":"Chosen and Byrds","floor":25,"turns":6},{"damage":27,"enemies":"Cultist and Chosen","floor":27,"turns":3}],"seed_played":"3610060962767379931","potions_obtained":[{"floor":8,"key":"GamblersBrew"},{"floor":12,"key":"SkillPotion"},{"floor":13,"key":"LiquidBronze"},{"floor":16,"key":"EssenceOfSteel"},{"floor":18,"key":"EssenceOfSteel"},{"floor":22,"key":"AttackPotion"}],"is_trial":false,"path_per_floor":["M","?","?","M","?","R","M","E","T","M","R","M","M","M","R","B",null,"M","?","M","$","M","E","R","M","T","M"],"character_chosen":"THE_SILENT","items_purchased":["PreservedInsect","Footwork"],"campfire_rested":2,"item_purchase_floors":[21,21],"current_hp_per_floor":[44,44,44,44,66,66,64,36,36,33,33,28,23,6,25,25,56,34,34,30,30,22,8,27,9,9,0],"gold":66,"neow_bonus":"REMOVE_TWO","is_prod":false,"is_daily":false,"chose_seed":false,"campfire_upgraded":2,"win_rate":0,"timestamp":1559687596,"path_taken":["M","?","?","M","?","R","M","E","T","M","R","?","M","M","R","BOSS","M","?","M","$","?","E","R","M","T","?"],"build_version":"2019-01-23","purchased_purges":0,"victory":false,"max_hp_per_floor":[66,66,66,66,66,66,66,66,66,66,66,66,66,66,66,66,66,66,66,66,66,66,66,66,66,66,66],"card_choices":[{"not_picked":["Blade Dance","Sucker Punch"],"picked":"Cloak And Dagger","floor":1},{"not_picked":["Flying Knee","Sucker Punch"],"picked":"Poisoned Stab","floor":4},{"not_picked":["Slice","Backflip"],"picked":"Noxious Fumes","floor":7},{"not_picked":["Infinite Blades","Bullet Time"],"picked":"Deadly Poison","floor":8},{"not_picked":["Distraction","Deflect","Bane"],"picked":"SKIP","floor":10},{"not_picked":["Calculated Gamble","Eviscerate"],"picked":"Cloak And Dagger","floor":12},{"not_picked":["Dagger Throw","Deflect"],"picked":"Backflip","floor":13},{"not_picked":["Backflip","Bane"],"picked":"Blade Dance","floor":14},{"not_picked":["Storm of Steel","Bullet Time"],"picked":"Burst","floor":16},{"not_picked":["Underhanded Strike","Dagger Throw"],"picked":"Dagger Spray+1","floor":18},{"not_picked":["Flying Knee","Deflect"],"picked":"Catalyst+1","floor":20},{"not_picked":["Quick Slash","Dagger Throw"],"picked":"Dash","floor":22},{"not_picked":["Masterful Stab","All Out Attack"],"picked":"Terror","floor":23},{"not_picked":["Slice","Heel Hook"],"picked":"Cloak And Dagger+1","floor":25}],"player_experience":629603,"relics_obtained":[{"floor":8,"key":"Paper Crane"},{"floor":9,"key":"Incense Burner"},{"floor":23,"key":"Pocketwatch"},{"floor":26,"key":"Ornamental Fan"}],"event_choices":[{"damage_healed":0,"gold_gain":0,"player_choice":"Left Gold","damage_taken":0,"max_hp_gain":0,"max_hp_loss":0,"event_name":"World of Goop","floor":2,"gold_loss":53},{"cards_removed":["Defend_G"],"damage_healed":0,"gold_gain":0,"player_choice":"Forget","damage_taken":0,"max_hp_gain":0,"max_hp_loss":0,"event_name":"Living Wall","floor":3,"gold_loss":0},{"damage_healed":22,"gold_gain":0,"player_choice":"Full Heal","damage_taken":0,"max_hp_gain":0,"max_hp_loss":0,"event_name":"Wheel of Change","floor":5,"gold_loss":0},{"cards_removed":["Strike_G"],"damage_healed":0,"gold_gain":0,"player_choice":"Offered Basic","damage_taken":0,"max_hp_gain":0,"max_hp_loss":0,"event_name":"Bonfire Elementals","floor":19,"gold_loss":0}],"is_beta":false,"boss_relics":[{"not_picked":["Runic Pyramid","Sozu"],"picked":"Ring of the Serpent"}],"items_purged_floors":[],"is_endless":false,"potions_floor_spawned":[8,12,13,16,18,22],"killed_by":"Cultist and Chosen","ascension_level":17}