{"gold_per_floor":[119,119,119,119,131,148,174,124,124,153,153,153,153,153,153,258,258,270,270,69,69,81,107,124,134,212,224,224,43,57,72,72,175,175,195,195,214,224,99,126,126,139,139,150,164,164,164,264,264,264],"floor_reached":51,"playtime":3844,"items_purged":["Strike_R","Pain","Defend_R"],"score":732,"play_id":"af0deb71-7c88-4bdd-b36d-7c1b7be29654","local_time":"20190117193917","is_ascension_mode":false,"campfire_choices":[{"data":"Limit Break","floor":11,"key":"SMITH"},{"data":"Heavy Blade","floor":13,"key":"SMITH"},{"data":"Inflame","floor":15,"key":"SMITH"},{"floor":28,"key":"REST"},{"data":"Battle Trance","floor":32,"key":"SMITH"},{"data":"Secret Technique","floor":49,"key":"SMITH"}],"neow_cost":"NONE","seed_source_timestamp":624501129829784,"circlet_count":0,"master_deck":["Strike_R+1","Defend_R","Defend_R","Defend_R","Bash","Limit Break+1","Anger","Headbutt","Twin Strike+1","Heavy Blade+1","Inflame+1","Ghostly Armor","Feed","Flex","Battle Trance+1","Sword Boomerang","Metallicize","Flame Barrier","Shockwave","Shrug It Off+1","Pommel Strike","Rage","Offering","Pommel Strike+1","Demon Form+1","Sword Boomerang+1","Secret Technique+1","Rage","Flame Barrier","Parasite","Barricade+1","Madness","Madness","Dual Wield+1"],"relics":["Burning Blood","Question Card","Pen Nib","Pantograph","Cursed Key","Dodecahedron","Frozen Egg 2","Velvet Choker","Lantern","Gambling Chip"],"potions_floor_usage":[16,23,33,40,50,50],"damage_taken":[{"damage":0,"enemies":"Small Slimes","floor":1,"turns":3},{"damage":6,"enemies":"2 Louse","floor":5,"turns":3},{"damage":8,"enemies":"Jaw Worm","floor":6,"turns":3},{"damage":6,"enemies":"Gremlin Nob","floor":7,"turns":3},{"damage":18,"enemies":"Lagavulin","floor":10,"turns":5},{"damage":44,"enemies":"Hexaghost","floor":16,"turns":7},{"damage":2,"enemies":"Shell Parasite","floor":18,"turns":4},{"damage":0,"enemies":"Spheric Guardian","floor":22,"turns":2},{"damage":15,"enemies":"Book of Stabbing","floor":23,"turns":3},{"damage":15,"enemies":"Snake Plant","floor":24,"turns":4},{"damage":26,"enemies":"Snecko","floor":25,"turns":5},{"damage":20,"enemies":"3 Cultists","floor":27,"turns":4},{"damage":6,"enemies":"Centurion and Healer","floor":30,"turns":5},{"damage":12,"enemies":"Snecko","floor":31,"turns":5},{"damage":20,"enemies":"Automaton","floor":33,"turns":6},{"damage":6,"enemies":"3 Shapes","floor":35,"turns":4},{"damage":1,"enemies":"Orb Walker","floor":37,"turns":2},{"damage":3,"enemies":"3 Darklings","floor":38,"turns":5},{"damage":48,"enemies":"Nemesis","floor":40,"turns":5},{"damage":3,"enemies":"Spire Growth","floor":42,"turns":4},{"damage":17,"enemies":"Writhing Mass","floor":44,"turns":5},{"damage":0,"enemies":"Transient","floor":45,"turns":5},{"damage":6,"enemies":"Mind Bloom Boss Battle","floor":48,"turns":6},{"damage":28,"enemies":"Time Eater","floor":50,"turns":7}],"seed_played":"-2428334151933573488","potions_obtained":[{"floor":5,"key":"FairyPotion"},{"floor":6,"key":"Regen Potion"},{"floor":16,"key":"Fire Potion"},{"floor":22,"key":"Fire Potion"},{"floor":25,"key":"Swift Potion"},{"floor":33,"key":"SkillPotion"},{"floor":38,"key":"FearPotion"},{"floor":40,"key":"Dexterity Potion"}],"is_trial":false,"path_per_floor":["M","?","?","?","M","M","E","?","T","E","R","?","R","?","R","B",null,"M","?","$","?","M","E","M","M","T","M","R","$","M","M","R","B",null,"M","?","M","M","$","E","?","M","T","M","M","?","?","?","R","B",null],"character_chosen":"IRONCLAD","items_purchased":["Sword Boomerang","Metallicize","Offering"],"campfire_rested":1,"item_purchase_floors":[20,20,29],"current_hp_per_floor":[80,80,85,85,85,83,83,83,83,71,71,71,71,54,54,55,85,85,85,85,85,85,76,70,50,50,39,66,66,69,63,63,74,94,94,94,97,97,97,55,55,58,58,47,53,41,41,66,66,69],"gold":264,"neow_bonus":"ONE_RANDOM_RARE_CARD","is_prod":false,"is_daily":false,"chose_seed":false,"campfire_upgraded":5,"win_rate":0.0,"timestamp":1547771957,"path_taken":["M","?","?","?","M","?","E","?","T","E","R","?","R","?","R","BOSS","M","?","$","?","M","E","M","M","T","M","R","$","?","?","R","BOSS","M","?","M","M","$","E","?","?","T","M","M","?","?","?","R","BOSS"],"build_version":"2019-01-10","purchased_purges":3,"victory":true,"max_hp_per_floor":[80,80,85,85,85,85,85,85,85,85,85,85,85,85,85,85,85,85,85,85,85,85,85,88,88,88,91,91,91,94,94,94,94,94,94,94,97,97,97,97,97,97,97,97,97,97,97,97,97,97],"card_choices":[{"not_picked":["Body Slam","Sever Soul"],"picked":"Anger","floor":1},{"not_picked":["Clothesline","Uppercut"],"picked":"Twin Strike","floor":5},{"not_picked":["Cleave","Sentinel"],"picked":"Heavy Blade","floor":6},{"not_picked":["Searing Blow","Ghostly Armor"],"picked":"Inflame","floor":7},{"not_picked":["Anger","Burning Pact","Sword Boomerang"],"picked":"Ghostly Armor","floor":10},{"not_picked":["Brutality","Bludgeon","Exhume"],"picked":"Feed","floor":16},{"not_picked":["Thunderclap","Twin Strike","Clash"],"picked":"Flex","floor":18},{"not_picked":["Armaments","Body Slam","Cleave+1"],"picked":"Flame Barrier","floor":22},{"not_picked":["Dropkick","Searing Blow","Carnage"],"picked":"Shockwave","floor":23},{"not_picked":["Inflame","Power Through","Carnage+1"],"picked":"Shrug It Off+1","floor":24},{"not_picked":["Wild Strike+1","Burning Pact","Shrug It Off"],"picked":"Pommel Strike","floor":25},{"not_picked":["Second Wind","Sword Boomerang","Clash"],"picked":"Rage","floor":27},{"not_picked":["Rupture+1","Carnage+1","Bloodletting","Second Wind"],"picked":"SKIP","floor":30},{"not_picked":["Feel No Pain+1","Iron Wave","Sword Boomerang"],"picked":"Pommel Strike+1","floor":31},{"not_picked":["Brutality+1","Bludgeon","Offering"],"picked":"Demon Form+1","floor":33},{"not_picked":["Seeing Red","Clothesline","Warcry"],"picked":"Sword Boomerang+1","floor":35},{"not_picked":["Finesse","Trip","Dark Shackles"],"picked":"Secret Technique","floor":36},{"not_picked":["Havoc+1","Wild Strike+1","Second Wind+1"],"picked":"Rage","floor":37},{"not_picked":["Shockwave","Clash+1","Headbutt","Havoc"],"picked":"SKIP","floor":38},{"not_picked":["Body Slam+1","Armaments","Pommel Strike+1","Iron Wave"],"picked":"SKIP","floor":40},{"not_picked":["Havoc+1","Cleave+1","Armaments"],"picked":"Flame Barrier","floor":42},{"not_picked":["Clothesline","Pommel Strike+1","Wild Strike","Cleave"],"picked":"SKIP","floor":44},{"not_picked":["Body Slam","Corruption+1","Sentinel"],"picked":"Barricade+1","floor":45},{"not_picked":["Seeing Red","Feel No Pain+1","Twin Strike+1"],"picked":"Dual Wield+1","floor":48}],"player_experience":63230,"relics_obtained":[{"floor":7,"key":"Question Card"},{"floor":9,"key":"Pen Nib"},{"floor":10,"key":"Pantograph"},{"floor":23,"key":"Dodecahedron"},{"floor":26,"key":"Frozen Egg 2"},{"floor":40,"key":"Lantern"},{"floor":48,"key":"Gambling Chip"}],"event_choices":[{"damage_healed":0,"gold_gain":0,"player_choice":"Ignored","damage_taken":0,"max_hp_gain":0,"max_hp_loss":0,"event_name":"Liars Game","floor":2,"gold_loss":0},{"damage_healed":0,"gold_gain":0,"player_choice":"Donut","damage_taken":0,"max_hp_gain":5,"max_hp_loss":0,"event_name":"Big Fish","floor":3,"gold_loss":0},{"damage_healed":0,"gold_gain":0,"cards_transformed":["Strike_R"],"player_choice":"Transformed","damage_taken":0,"max_hp_gain":0,"max_hp_loss":0,"event_name":"Transmorgrifier","floor":4,"gold_loss":0,"cards_obtained":["Headbutt"]},{"cards_removed":["Strike_R"],"damage_healed":0,"gold_gain":0,"player_choice":"Card Removal","damage_taken":0,"max_hp_gain":0,"max_hp_loss":0,"event_name":"The Cleric","floor":8,"gold_loss":50},{"cards_removed":["Strike_R"],"damage_healed":0,"gold_gain":0,"player_choice":"Forget","damage_taken":0,"max_hp_gain":0,"max_hp_loss":0,"event_name":"Living Wall","floor":12,"gold_loss":0},{"damage_healed":0,"gold_gain":0,"player_choice":"Entered Light","damage_taken":17,"max_hp_gain":0,"max_hp_loss":0,"event_name":"Shining Light","floor":14,"gold_loss":0,"cards_upgraded":["Twin Strike","Strike_R"]},{"damage_healed":0,"gold_gain":0,"player_choice":"Read","damage_taken":0,"max_hp_gain":0,"max_hp_loss":0,"event_name":"The Library","floor":19,"gold_loss":0,"cards_obtained":["Battle Trance"]},{"damage_healed":0,"gold_gain":0,"player_choice":"Ignored","damage_taken":0,"max_hp_gain":0,"max_hp_loss":0,"event_name":"Vampires","floor":21,"gold_loss":0},{"damage_healed":0,"gold_gain":0,"player_choice":"Memory 1","damage_taken":0,"max_hp_gain":0,"max_hp_loss":0,"event_name":"SensoryStone","floor":36,"gold_loss":0},{"damage_healed":0,"gold_gain":0,"player_choice":"Leave","damage_taken":0,"max_hp_gain":0,"max_hp_loss":0,"event_name":"FaceTrader","floor":41,"gold_loss":0},{"damage_healed":0,"gold_gain":0,"player_choice":"Embrace Madness","damage_taken":12,"max_hp_gain":0,"max_hp_loss":0,"event_name":"Winding Halls","floor":46,"gold_loss":0,"cards_obtained":["Madness","Madness"]},{"damage_healed":0,"gold_gain":0,"player_choice":"Ignored","damage_taken":0,"max_hp_gain":0,"max_hp_loss":0,"event_name":"Mysterious Sphere","floor":47,"gold_loss":0},{"damage_healed":0,"gold_gain":0,"player_choice":"Fight","damage_taken":0,"max_hp_gain":0,"max_hp_loss":0,"event_name":"MindBloom","floor":48,"gold_loss":0}],"is_beta":false,"boss_relics":[{"not_picked":["White Beast Statue","Pandora\u0027s Box"],"picked":"Cursed Key"},{"not_picked":["Astrolabe","Coffee Dripper"],"picked":"Velvet Choker"}],"items_purged_floors":[20,29,39],"is_endless":false,"potions_floor_spawned":[5,6,16,22,25,33,37,38,40,44],"ascension_level":0}