{"gold_per_floor":[12,12,31,47,47,47,47,13,13,28,57,70,105,55,55,160,160,172,19,19,19,19,19,37,70,152,152,152,152],"floor_reached":29,"playtime":878,"items_purged":["Pain"],"score":286,"play_id":"70037a53-34d5-478a-9948-e25d14b307af","local_time":"20190604141854","is_ascension_mode":true,"campfire_choices":[{"data":"Shockwave","floor":6,"key":"SMITH"},{"floor":15,"key":"REST"},{"floor":23,"key":"REST"}],"neow_cost":"NO_GOLD","seed_source_timestamp":26441116575175,"circlet_count":0,"master_deck":["Bash+1","Finesse","Shrug It Off","Shockwave+1","Inflame","Whirlwind","Shrug It Off","Disarm","Sword Boomerang","Barricade","Sentinel","Disarm","Spot Weakness","Hemokinesis","Impervious","Entrench","Inflame","Rampage","Apotheosis","Necronomicurse","Flex","Heavy Blade"],"relics":["Burning Blood","WarpedTongs","Smiling Mask","Bottled Lightning","Whetstone","Meat on the Bone","Question Card","Pandora\u0027s Box","Regal Pillow","Necronomicon","Blood Vial","Kunai","Mummified Hand"],"potions_floor_usage":[12,16,24,25,25],"damage_taken":[{"damage":2,"enemies":"Jaw Worm","floor":1,"turns":4},{"damage":8,"enemies":"Cultist","floor":3,"turns":3},{"damage":10,"enemies":"2 Louse","floor":4,"turns":2},{"damage":9,"enemies":"Blue Slaver","floor":10,"turns":3},{"damage":40,"enemies":"3 Sentries","floor":11,"turns":6},{"damage":29,"enemies":"Gremlin Gang","floor":12,"turns":4},{"damage":23,"enemies":"Lagavulin","floor":13,"turns":7},{"damage":33,"enemies":"Slime Boss","floor":16,"turns":7},{"damage":21,"enemies":"Shell Parasite","floor":18,"turns":5},{"damage":27,"enemies":"2 Thieves","floor":24,"turns":4},{"damage":54,"enemies":"Slavers","floor":25,"turns":7},{"damage":50,"enemies":"Gremlin Leader","floor":29,"turns":4}],"seed_played":"4537275101871016720","potions_obtained":[{"floor":4,"key":"Strength Potion"},{"floor":11,"key":"Regen Potion"},{"floor":12,"key":"Explosive Potion"},{"floor":13,"key":"GamblersBrew"},{"floor":16,"key":"Dexterity Potion"},{"floor":24,"key":"Regen Potion"},{"floor":25,"key":"FairyPotion"}],"is_trial":false,"path_per_floor":["M","?","M","M","?","R","T","$","T","M","E","M","E","$","R","B",null,"M","$","?","?","?","R","M","E","T","?","T","E"],"character_chosen":"IRONCLAD","items_purchased":["Inflame","Regal Pillow"],"campfire_rested":2,"item_purchase_floors":[8,19],"current_hp_per_floor":[80,80,78,74,67,67,67,67,67,64,30,31,26,26,50,35,80,65,65,65,65,49,80,59,38,38,38,38,0],"gold":152,"neow_bonus":"RANDOM_COLORLESS_2","is_prod":false,"is_daily":false,"chose_seed":false,"campfire_upgraded":1,"win_rate":0,"timestamp":1559650734,"path_taken":["M","?","?","M","?","R","?","$","T","M","E","?","E","$","R","BOSS","M","$","?","?","?","R","M","E","T","?","?","E"],"build_version":"2019-01-23","purchased_purges":1,"victory":false,"max_hp_per_floor":[80,80,80,80,80,80,80,80,80,80,80,80,80,80,80,80,80,80,80,80,80,80,80,80,80,80,80,80,80],"card_choices":[{"not_picked":["True Grit","Havoc","Second Wind"],"picked":"SKIP","floor":1},{"not_picked":["Armaments","Battle Trance"],"picked":"Shrug It Off","floor":3},{"not_picked":["Dark Embrace","Seeing Red"],"picked":"Shockwave","floor":4},{"not_picked":["Armaments","Iron Wave"],"picked":"Whirlwind","floor":10},{"not_picked":["Heavy Blade","Flame Barrier"],"picked":"Shrug It Off","floor":11},{"not_picked":["Combust","Second Wind"],"picked":"Disarm","floor":12},{"not_picked":["Hemokinesis","Carnage"],"picked":"Sword Boomerang","floor":13},{"not_picked":["Impervious","Feed","Dark Embrace"],"picked":"Barricade","floor":16},{"not_picked":["Wild Strike","Headbutt+1","Carnage+1","Hemokinesis+1"],"picked":"SKIP","floor":18},{"not_picked":["Evolve","Wild Strike+1","Iron Wave"],"picked":"Flex","floor":24},{"not_picked":["Combust","Clash","Feed"],"picked":"Heavy Blade","floor":25}],"player_experience":301991,"relics_obtained":[{"floor":7,"key":"Bottled Lightning"},{"floor":9,"key":"Whetstone"},{"floor":11,"key":"Meat on the Bone"},{"floor":13,"key":"Question Card"},{"floor":22,"key":"Necronomicon"},{"floor":25,"key":"Blood Vial"},{"floor":26,"key":"Kunai"},{"floor":28,"key":"Mummified Hand"}],"event_choices":[{"damage_healed":0,"gold_gain":0,"player_choice":"Rummage","damage_taken":0,"relics_obtained":["WarpedTongs"],"max_hp_gain":0,"max_hp_loss":0,"event_name":"Accursed Blacksmith","floor":2,"gold_loss":0,"cards_obtained":["Pain"]},{"damage_healed":0,"gold_gain":0,"player_choice":"Success","damage_taken":7,"relics_obtained":["Smiling Mask"],"max_hp_gain":0,"max_hp_loss":0,"event_name":"Scrap Ooze","floor":5,"gold_loss":0},{"cards_removed":["Wild Strike"],"damage_healed":0,"gold_gain":0,"player_choice":"Elegance","damage_taken":0,"max_hp_gain":0,"max_hp_loss":0,"event_name":"Back to Basics","floor":20,"gold_loss":0},{"damage_healed":0,"gold_gain":0,"cards_transformed":["Corruption","Impatience"],"player_choice":"Became Test Subject","damage_taken":0,"max_hp_gain":0,"max_hp_loss":0,"event_name":"Drug Dealer","floor":21,"gold_loss":0,"cards_obtained":["Rampage","Apotheosis"]},{"damage_healed":0,"gold_gain":0,"player_choice":"Obtained Book","damage_taken":16,"max_hp_gain":0,"max_hp_loss":0,"event_name":"Cursed Tome","floor":22,"gold_loss":0},{"damage_healed":0,"gold_gain":0,"player_choice":"Ignored","damage_taken":0,"max_hp_gain":0,"max_hp_loss":0,"event_name":"Vampires","floor":27,"gold_loss":0}],"is_beta":false,"boss_relics":[{"not_picked":["Runic Pyramid","White Beast Statue"],"picked":"Pandora\u0027s Box"}],"items_purged_floors":[14],"is_endless":false,"potions_floor_spawned":[4,11,12,13,16,24,25],"killed_by":"Gremlin Leader","ascension_level":3}