{"gold_per_floor":[116,130,130,5,105,140,140,166,166,181,181,196,196,211,211,311,311,322,247,263,278,127,127,127],"floor_reached":24,"playtime":1607,"items_purged":["Strike_R","Strike_R"],"score":277,"play_id":"a4a768fc-f7c5-4627-9401-18006817c3da","local_time":"20190604212528","is_ascension_mode":true,"campfire_choices":[{"data":"Rampage","floor":7.0,"key":"SMITH"},{"floor":11,"key":"RECALL"},{"data":"Clothesline","floor":13,"key":"SMITH"},{"data":"Iron Wave","floor":15,"key":"SMITH"},{"data":"Whirlwind","floor":23,"key":"SMITH"}],"neow_cost":"NONE","seed_source_timestamp":0,"circlet_count":0,"master_deck":["Strike_R","Strike_R+1","Defend_R","Defend_R","Defend_R","Defend_R","Bash+1","Rampage+1","Iron Wave+1","Clothesline+1","Battle Trance","Metallicize+1","Barricade+1","Headbutt","Whirlwind+1","Spot Weakness","Shrug It Off"],"special_seed":0,"relics":["Burning Blood","NeowsBlessing","Meat on the Bone","Frozen Egg 2","Bottled Flame","Philosopher\u0027s Stone"],"potions_floor_usage":[16,20,24],"damage_taken":[{"damage":0.0,"enemies":"Small Slimes","floor":1.0,"turns":1.0},{"damage":0.0,"enemies":"2 Louse","floor":2.0,"turns":1.0},{"damage":0.0,"enemies":"Lagavulin","floor":6.0,"turns":1.0},{"damage":50.0,"enemies":"3 Sentries","floor":8.0,"turns":11.0},{"damage":0,"enemies":"Cultist","floor":10,"turns":2},{"damage":8,"enemies":"Blue Slaver","floor":12,"turns":2},{"damage":3,"enemies":"Large Slime","floor":14,"turns":7},{"damage":33,"enemies":"Slime Boss","floor":16,"turns":11},{"damage":9,"enemies":"Chosen","floor":18,"turns":3},{"damage":23,"enemies":"2 Thieves","floor":20,"turns":5},{"damage":5,"enemies":"Snecko","floor":21,"turns":3},{"damage":62,"enemies":"Slavers","floor":24,"turns":3}],"seed_played":"6693443619233885137","potions_obtained":[{"floor":1.0,"key":"PowerPotion"},{"floor":12,"key":"SkillPotion"},{"floor":18,"key":"Swift Potion"}],"is_trial":false,"path_per_floor":["M","M","?","$","?","E","R","E","T","M","R","M","R","M","R","B",null,"M","?","M","M","$","R","E"],"character_chosen":"IRONCLAD","items_purchased":["Clothesline","Shrug It Off"],"campfire_rested":0,"item_purchase_floors":[4,22],"current_hp_per_floor":[80,80,64,64,64,70,70,38,38,56,56,54,54,57,57,42,80,77,77,60,61,61,61,0],"gold":127,"neow_bonus":"THREE_ENEMY_KILL","is_prod":false,"is_daily":false,"chose_seed":false,"campfire_upgraded":4,"win_rate":0,"timestamp":1559676328,"path_taken":["M","M","?","$","?","E","R","E","T","?","R","M","R","M","R","BOSS","M","?","M","M","$","R","E"],"build_version":"2019-01-23","purchased_purges":2,"victory":false,"max_hp_per_floor":[80,80,80,80,80,80,80,80,80,80,80,80,80,80,80,80,80,80,80,80,80,80,80,80],"card_choices":[{"not_picked":["Inflame","Thunderclap"],"picked":"Rampage","floor":1.0},{"not_picked":["Thunderclap","Corruption"],"picked":"Iron Wave","floor":2.0},{"not_picked":["Sword Boomerang","Intimidate","Clothesline"],"picked":"SKIP","floor":6.0},{"not_picked":["Rampage","Twin Strike"],"picked":"Battle Trance","floor":8},{"not_picked":["Clothesline","Sever Soul","Body Slam"],"picked":"SKIP","floor":10},{"not_picked":["Body Slam","Rage"],"picked":"Metallicize+1","floor":12},{"not_picked":["Body Slam","Evolve+1","Iron Wave"],"picked":"SKIP","floor":14},{"not_picked":["Bludgeon","Immolate"],"picked":"Barricade+1","floor":16},{"not_picked":["Wild Strike+1","Perfected Strike"],"picked":"Headbutt","floor":18},{"not_picked":["Clothesline","Cleave"],"picked":"Whirlwind","floor":20},{"not_picked":["Wild Strike","Combust+1"],"picked":"Spot Weakness","floor":21}],"player_experience":365629,"relics_obtained":[{"floor":6.0,"key":"Meat on the Bone"},{"floor":8,"key":"Frozen Egg 2"},{"floor":9,"key":"Bottled Flame"}],"event_choices":[{"damage_healed":0.0,"max_hp_gain":0.0,"max_hp_loss":0.0,"gold_gain":0.0,"event_name":"Shining Light","player_choice":"Entered Light","floor":3.0,"gold_loss":0.0,"damage_taken":16.0,"cards_upgraded":["Strike_R","Bash"]},{"damage_healed":0.0,"max_hp_gain":0.0,"max_hp_loss":0.0,"gold_gain":100.0,"event_name":"Golden Shrine","player_choice":"Pray","floor":5.0,"gold_loss":0.0,"damage_taken":0.0},{"cards_removed":["Strike_R"],"damage_healed":0,"gold_gain":0,"player_choice":"Gave Gold","damage_taken":0,"max_hp_gain":0,"max_hp_loss":0,"event_name":"Beggar","floor":19,"gold_loss":75}],"is_beta":false,"boss_relics":[{"not_picked":["Busted Crown","Eternal Feather"],"picked":"Philosopher\u0027s Stone"}],"items_purged_floors":[4,22],"is_endless":false,"potions_floor_spawned":[1,12,18],"killed_by":"Slavers","ascension_level":4}