{"gold_per_floor":[117,117,127,145,145,174,124,124,206,4,179,179,193,205,205,305,305,317,317,317,327,340,369,380,398,443,470,470,487,507,507,507,604,604,616,632,383,383,402,402,421,421,474,220,250,250,266,266,266,266],"floor_reached":51,"playtime":1517,"items_purged":["Doubt","Writhe"],"score":769,"play_id":"ea8c1888-02ba-485f-93b1-e519499d2d4b","local_time":"20190423205507","is_ascension_mode":false,"campfire_choices":[{"data":"Heavy Blade","floor":8.0,"key":"SMITH"},{"data":"Heavy Blade","floor":15.0,"key":"SMITH"},{"data":"Armaments","floor":28,"key":"SMITH"},{"data":"Bash","floor":32,"key":"SMITH"},{"data":"Iron Wave","floor":40,"key":"SMITH"},{"data":"Flex","floor":42,"key":"SMITH"},{"floor":46,"key":"REST"},{"floor":49,"key":"REST"}],"neow_cost":"NONE","seed_source_timestamp":748315919182366,"circlet_count":0,"master_deck":["Strike_R+1","Strike_R","Strike_R","Strike_R","Defend_R","Defend_R+1","Defend_R+1","Defend_R+1","Bash+1","Sword Boomerang","Heavy Blade+1","Thunderclap","Sword Boomerang","Heavy Blade+1","Iron Wave+1","Armaments+1","Flex+1","Clash","Flex+1","Sword Boomerang","Parasite","Shrug It Off+1","Iron Wave"],"special_seed":0,"relics":["Burning Blood","Vajra","Potion Belt","Orichalcum","Blue Candle","Anchor","War Paint","Velvet Choker","Mummified Hand","Boot","Lantern","Mercury Hourglass","Pantograph","Snecko Eye","Bronze Scales","Oddly Smooth Stone","PreservedInsect","Strawberry"],"potions_floor_usage":[33,41,45,50,50,50,50,50],"damage_taken":[{"damage":8.0,"enemies":"Jaw Worm","floor":1.0,"turns":4.0},{"damage":5.0,"enemies":"Small Slimes","floor":3.0,"turns":2.0},{"damage":0.0,"enemies":"2 Louse","floor":4.0,"turns":2.0},{"damage":10.0,"enemies":"Gremlin Nob","floor":6.0,"turns":3.0},{"damage":2.0,"enemies":"Blue Slaver","floor":13.0,"turns":2.0},{"damage":3.0,"enemies":"Large Slime","floor":14.0,"turns":4.0},{"damage":61.0,"enemies":"Hexaghost","floor":16.0,"turns":10.0},{"damage":12.0,"enemies":"2 Thieves","floor":18.0,"turns":3.0},{"damage":15.0,"enemies":"3 Byrds","floor":21.0,"turns":4.0},{"damage":11.0,"enemies":"Cultist and Chosen","floor":22.0,"turns":6.0},{"damage":11.0,"enemies":"Slavers","floor":23.0,"turns":2.0},{"damage":8.0,"enemies":"Snake Plant","floor":24.0,"turns":3.0},{"damage":2,"enemies":"Centurion and Healer","floor":25,"turns":4},{"damage":22,"enemies":"Gremlin Leader","floor":27,"turns":5},{"damage":1,"enemies":"3 Cultists","floor":29,"turns":4},{"damage":1,"enemies":"Chosen and Byrds","floor":30,"turns":3},{"damage":68,"enemies":"Automaton","floor":33,"turns":8},{"damage":15,"enemies":"3 Darklings","floor":35,"turns":3},{"damage":13,"enemies":"3 Shapes","floor":36,"turns":4},{"damage":17,"enemies":"3 Darklings","floor":39,"turns":5},{"damage":1,"enemies":"Writhing Mass","floor":41,"turns":3},{"damage":53,"enemies":"Nemesis","floor":45,"turns":5},{"damage":20,"enemies":"Jaw Worm Horde","floor":47,"turns":4},{"damage":74,"enemies":"Awakened One","floor":50,"turns":11}],"seed_played":"5644046761647141676","potions_obtained":[{"floor":1.0,"key":"Weak Potion"},{"floor":3.0,"key":"Explosive Potion"},{"floor":6.0,"key":"Ancient Potion"},{"floor":18.0,"key":"SteroidPotion"},{"floor":23.0,"key":"Ancient Potion"},{"floor":24.0,"key":"SteroidPotion"},{"floor":29,"key":"Dexterity Potion"},{"floor":30,"key":"Swift Potion"},{"floor":36,"key":"Energy Potion"},{"floor":41,"key":"BloodPotion"},{"floor":47,"key":"AttackPotion"}],"is_trial":false,"path_per_floor":["M","?","M","M","?","E","?","R","T","$","?","T","M","M","R","B",null,"M","?","T","M","M","E","M","M","T","E","R","M","M","T","R","B",null,"M","M","$","?","M","R","M","R","T","$","E","R","M","?","R","B",null],"character_chosen":"IRONCLAD","items_purchased":["Sword Boomerang","Anchor","Bronze Scales","Sword Boomerang","PreservedInsect"],"campfire_rested":2,"item_purchase_floors":[10,10,37,37,44],"current_hp_per_floor":[78,62,63,69,66,62,62,62,62,62,62,62,66,69,69,14,80,74,74,74,65,60,55,53,57,57,41,41,46,51,51,51,14,80,71,64,64,80,69,69,74,74,74,74,34,60,46,46,72,27],"gold":266,"neow_bonus":"RANDOM_COMMON_RELIC","is_prod":false,"is_daily":false,"chose_seed":false,"campfire_upgraded":6,"win_rate":0,"timestamp":1556045707,"path_taken":["M","?","M","M","?","E","?","R","T","?","?","?","M","M","R","BOSS","M","?","?","M","M","E","M","M","T","E","R","M","?","?","R","BOSS","M","M","$","?","M","R","M","R","T","$","E","R","M","?","R","BOSS"],"build_version":"2019-01-23","purchased_purges":2,"victory":true,"max_hp_per_floor":[80,80,80,80,80,80,80,80,80,80,80,80,80,80,80,80,80,80,80,80,80,80,80,80,80,80,80,80,80,80,80,80,80,80,80,80,80,80,80,80,80,80,80,80,87,87,87,87,87,87],"card_choices":[{"not_picked":["Spot Weakness","Burning Pact"],"picked":"Sword Boomerang","floor":1.0},{"not_picked":["Battle Trance","Body Slam"],"picked":"Heavy Blade","floor":3.0},{"not_picked":["Wild Strike","Dropkick","Cleave"],"picked":"SKIP","floor":4.0},{"not_picked":["Sever Soul","Warcry"],"picked":"Thunderclap","floor":6.0},{"not_picked":["Barricade","Havoc","Feel No Pain"],"picked":"SKIP","floor":13.0},{"not_picked":["Ghostly Armor","Corruption"],"picked":"Heavy Blade","floor":14.0},{"not_picked":["Hemokinesis","Shockwave+1"],"picked":"Iron Wave","floor":18.0},{"not_picked":["Flame Barrier+1","Warcry","Entrench"],"picked":"SKIP","floor":21.0},{"not_picked":["Infernal Blade","Havoc"],"picked":"Flex+1","floor":22.0},{"not_picked":["Evolve","Pommel Strike"],"picked":"Clash","floor":23.0},{"not_picked":["Headbutt","Anger","Bloodletting"],"picked":"SKIP","floor":24.0},{"not_picked":["Anger","Carnage","Searing Blow"],"picked":"SKIP","floor":25},{"not_picked":["Carnage","Perfected Strike"],"picked":"Flex","floor":27},{"not_picked":["Dropkick+1","Headbutt","Flame Barrier"],"picked":"SKIP","floor":29},{"not_picked":["Headbutt","Inflame","Carnage"],"picked":"SKIP","floor":30},{"not_picked":["Clash+1","Metallicize","Thunderclap+1"],"picked":"SKIP","floor":35},{"not_picked":["Dropkick","Metallicize","Disarm+1"],"picked":"SKIP","floor":36},{"not_picked":["Havoc","Cleave","Body Slam"],"picked":"SKIP","floor":39},{"not_picked":["Disarm+1","Searing Blow","Thunderclap"],"picked":"SKIP","floor":41},{"not_picked":["Disarm+1","Searing Blow","Thunderclap"],"picked":"SKIP","floor":41},{"not_picked":["Berserk","Rage+1"],"picked":"Shrug It Off+1","floor":45},{"not_picked":["Searing Blow","Havoc+1"],"picked":"Iron Wave","floor":47}],"player_experience":269477,"relics_obtained":[{"floor":6.0,"key":"Orichalcum"},{"floor":9.0,"key":"Blue Candle"},{"floor":12.0,"key":"War Paint"},{"floor":20.0,"key":"Mummified Hand"},{"floor":23.0,"key":"Boot"},{"floor":26,"key":"Lantern"},{"floor":27,"key":"Mercury Hourglass"},{"floor":31,"key":"Pantograph"},{"floor":43,"key":"Oddly Smooth Stone"},{"floor":45,"key":"Strawberry"}],"event_choices":[{"damage_healed":0.0,"max_hp_gain":0.0,"max_hp_loss":0.0,"gold_gain":0.0,"event_name":"Shining Light","player_choice":"Entered Light","floor":2.0,"gold_loss":0.0,"damage_taken":16.0,"cards_upgraded":["Strike_R","Defend_R"]},{"damage_healed":0.0,"max_hp_gain":0.0,"max_hp_loss":0.0,"gold_gain":0.0,"event_name":"Scrap Ooze","player_choice":"Success","floor":5.0,"gold_loss":0.0,"damage_taken":3.0,"relics_obtained":["Potion Belt"]},{"cards_removed":["Strike_R"],"damage_healed":0.0,"max_hp_gain":0.0,"max_hp_loss":0.0,"gold_gain":0.0,"event_name":"The Cleric","player_choice":"Card Removal","floor":7.0,"gold_loss":50.0,"damage_taken":0.0},{"damage_healed":0.0,"max_hp_gain":0.0,"max_hp_loss":0.0,"gold_gain":175.0,"event_name":"Liars Game","player_choice":"AGREE","floor":11.0,"gold_loss":0.0,"damage_taken":0.0,"cards_obtained":["Doubt"]},{"damage_healed":0.0,"max_hp_gain":0.0,"max_hp_loss":0.0,"gold_gain":0.0,"event_name":"The Library","player_choice":"Read","floor":19.0,"gold_loss":0.0,"damage_taken":0.0,"cards_obtained":["Armaments"]},{"damage_healed":20,"gold_gain":0,"player_choice":"Writhe","damage_taken":0,"max_hp_gain":0,"max_hp_loss":0,"event_name":"Winding Halls","floor":38,"gold_loss":0,"cards_obtained":["Writhe"]},{"damage_healed":0,"gold_gain":0,"player_choice":"Ignored","damage_taken":0,"max_hp_gain":0,"max_hp_loss":0,"event_name":"Mysterious Sphere","floor":48,"gold_loss":0}],"is_beta":false,"boss_relics":[{"not_picked":["Runic Cube","Calling Bell"],"picked":"Velvet Choker"},{"not_picked":["White Beast Statue","Runic Dome"],"picked":"Snecko Eye"}],"items_purged_floors":[37,44],"is_endless":false,"potions_floor_spawned":[1,3,6,18,23,24,29,30,36,41,47],"ascension_level":0}