{"gold_per_floor":[115,131,91,55,20,20,20,20,20,32,49,69,84,94,94,190,190,180,180,180,190,0,0,14,33,109,109,129,129,139,54,54,157,157,167,167,180,180,4,38,58,72,96,96,116,116,16,16,16,16],"floor_reached":50,"playtime":3678,"items_purged":["Strike_B","Parasite"],"score":536,"play_id":"f500a228-ddbd-4a93-9ea0-15803a3d797d","local_time":"20190429172648","is_ascension_mode":true,"campfire_choices":[{"data":"Zap","floor":6,"key":"SMITH"},{"data":"Genetic Algorithm","floor":8,"key":"SMITH"},{"floor":15,"key":"REST"},{"data":"Chill","floor":23,"key":"SMITH"},{"floor":27,"key":"REST"},{"floor":29,"key":"REST"},{"data":"Double Energy","floor":32,"key":"SMITH"},{"floor":44,"key":"REST"},{"data":"Transmutation","floor":46,"key":"SMITH"},{"floor":49,"key":"RECALL"}],"neow_cost":"NONE","seed_source_timestamp":59248538945601,"circlet_count":0,"master_deck":["Strike_B+1","Strike_B+1","Strike_B+1","Defend_B+1","Defend_B+1","Defend_B+1","Defend_B+1","Zap+1","Dualcast+1","Defragment+1","Ball Lightning+1","Genetic Algorithm+1","Cold Snap+1","White Noise+1","Melter+1","Buffer+1","Double Energy+1","Capacitor+1","Chill+1","Beam Cell+1","Core Surge+1","Rainbow+1","Go for the Eyes+1","Cold Snap+1","Transmutation+1","Sweeping Beam+1","Steam+1"],"relics":["Cracked Core","NeowsBlessing","Frozen Egg 2","Velvet Choker","Cables","Regal Pillow","Nuclear Battery","Mark of the Bloom","Potion Belt","Oddly Smooth Stone"],"potions_floor_usage":[18,24,24,28,33,33,40,40,42,50],"damage_taken":[{"damage":0,"enemies":"2 Louse","floor":1,"turns":1},{"damage":0,"enemies":"Cultist","floor":2,"turns":1},{"damage":0,"enemies":"Small Slimes","floor":10,"turns":1},{"damage":1,"enemies":"Blue Slaver","floor":11,"turns":4},{"damage":13,"enemies":"Large Slime","floor":12,"turns":5},{"damage":10,"enemies":"Exordium Wildlife","floor":13,"turns":5},{"damage":1,"enemies":"Looter","floor":14,"turns":2},{"damage":24,"enemies":"The Guardian","floor":16,"turns":11},{"damage":9,"enemies":"2 Thieves","floor":18,"turns":4},{"damage":0,"enemies":"Spheric Guardian","floor":21,"turns":3},{"damage":39,"enemies":"Chosen and Byrds","floor":24,"turns":8},{"damage":1,"enemies":"Snecko","floor":25,"turns":7},{"damage":16,"enemies":"Snake Plant","floor":28,"turns":4},{"damage":3,"enemies":"Shelled Parasite and Fungi","floor":30,"turns":7},{"damage":46,"enemies":"Collector","floor":33,"turns":9},{"damage":14,"enemies":"Orb Walker","floor":35,"turns":6},{"damage":0,"enemies":"3 Shapes","floor":37,"turns":4},{"damage":9,"enemies":"Nemesis","floor":40,"turns":7},{"damage":0,"enemies":"Writhing Mass","floor":41,"turns":6},{"damage":0,"enemies":"Jaw Worm Horde","floor":42,"turns":5},{"damage":10,"enemies":"Spire Growth","floor":45,"turns":5},{"damage":44,"enemies":"Time Eater","floor":50,"turns":9}],"seed_played":"-4994489695172649863","potions_obtained":[{"floor":3,"key":"Swift Potion"},{"floor":3,"key":"SneckoOil"},{"floor":3,"key":"Regen Potion"},{"floor":14,"key":"EssenceOfSteel"},{"floor":24,"key":"Fire Potion"},{"floor":25,"key":"FearPotion"},{"floor":28,"key":"Dexterity Potion"},{"floor":35,"key":"AttackPotion"},{"floor":37,"key":"AttackPotion"},{"floor":41,"key":"Dexterity Potion"},{"floor":42,"key":"FearPotion"}],"is_trial":false,"path_per_floor":["M","M","?","$","?","R","$","R","T","M","M","M","M","M","R","B",null,"M","?","?","M","$","R","M","M","T","R","M","R","M","?","R","B",null,"M","?","M","?","$","E","M","M","T","R","M","R","$","?","R","B"],"character_chosen":"DEFECT","items_purchased":["Genetic Algorithm","Capacitor+1","Chill","Transmutation"],"campfire_rested":4,"item_purchase_floors":[4,22,22,39],"current_hp_per_floor":[75,75,75,75,75,75,75,75,75,75,74,61,51,50,72,48,75,66,66,66,66,66,66,41,40,40,62,46,68,65,65,65,19,75,61,61,61,61,61,52,52,52,52,52,42,42,42,42,42,0],"gold":16,"neow_bonus":"THREE_ENEMY_KILL","is_prod":false,"is_daily":false,"chose_seed":false,"campfire_upgraded":5,"win_rate":0,"timestamp":1556584008,"path_taken":["M","M","?","?","?","R","?","R","T","M","?","M","M","M","R","BOSS","M","?","?","M","?","R","M","M","T","R","M","R","M","?","R","BOSS","M","?","M","?","$","E","M","M","T","R","M","R","?","?","R","BOSS"],"build_version":"2019-01-23","purchased_purges":2,"victory":false,"max_hp_per_floor":[75,75,75,75,75,75,75,75,75,75,75,75,75,75,75,75,75,75,75,75,75,75,75,75,75,75,75,75,75,75,75,75,75,75,75,71,71,71,71,71,71,71,71,71,71,71,68,68,68,68],"card_choices":[{"not_picked":["Barrage","Sunder"],"picked":"Defragment","floor":1},{"not_picked":["Sweeping Beam","Tempest"],"picked":"Ball Lightning","floor":2},{"not_picked":["Leap","Turbo"],"picked":"Cold Snap","floor":10},{"not_picked":["Reinforced Body","Steam"],"picked":"White Noise","floor":11},{"not_picked":["Recycle","Gash","Auto Shields"],"picked":"SKIP","floor":12},{"not_picked":["Beam Cell","Genetic Algorithm"],"picked":"Melter","floor":13},{"not_picked":["Chaos","Steam","Seek"],"picked":"SKIP","floor":14},{"not_picked":["Rainbow","Biased Cognition+1"],"picked":"Buffer+1","floor":16},{"not_picked":["Chaos","Leap","Hologram"],"picked":"SKIP","floor":18},{"not_picked":["Turbo","Barrage","Conserve Battery+1"],"picked":"SKIP","floor":21},{"not_picked":["Gash+1","Hologram"],"picked":"Beam Cell+1","floor":24},{"not_picked":["Force Field","Barrage","Sweeping Beam"],"picked":"SKIP","floor":25},{"not_picked":["White Noise","Consume+1"],"picked":"Core Surge","floor":28},{"not_picked":["Barrage","Stack","Go for the Eyes"],"picked":"SKIP","floor":30},{"not_picked":["Hyperbeam","Seek"],"picked":"Rainbow","floor":33},{"not_picked":["Leap","Cold Snap"],"picked":"Go for the Eyes+1","floor":35},{"not_picked":["Storm+1","Darkness"],"picked":"Cold Snap","floor":37},{"not_picked":["Static Discharge+1","Rip and Tear"],"picked":"Sweeping Beam+1","floor":40},{"not_picked":["Blizzard","Go for the Eyes","Stack"],"picked":"SKIP","floor":41},{"not_picked":["Cold Snap","Ball Lightning"],"picked":"Steam+1","floor":42},{"not_picked":["All For One","Storm+1","Gash+1"],"picked":"SKIP","floor":45}],"player_experience":182733,"relics_obtained":[{"floor":9,"key":"Frozen Egg 2"},{"floor":26,"key":"Cables"},{"floor":40,"key":"Potion Belt"},{"floor":43,"key":"Oddly Smooth Stone"}],"event_choices":[{"damage_healed":0,"gold_gain":0,"player_choice":"Bought 3 Potions","damage_taken":0,"max_hp_gain":0,"max_hp_loss":0,"event_name":"The Woman in Blue","floor":3,"gold_loss":0},{"damage_healed":0,"gold_gain":0,"player_choice":"Left Gold","damage_taken":0,"max_hp_gain":0,"max_hp_loss":0,"event_name":"World of Goop","floor":5,"gold_loss":35},{"damage_healed":0,"gold_gain":0,"player_choice":"Ignored","damage_taken":0,"max_hp_gain":0,"max_hp_loss":0,"event_name":"Ghosts","floor":19,"gold_loss":0},{"damage_healed":0,"gold_gain":0,"player_choice":"Read","damage_taken":0,"max_hp_gain":0,"max_hp_loss":0,"event_name":"The Library","floor":20,"gold_loss":0,"cards_obtained":["Double Energy"]},{"damage_healed":0,"gold_gain":0,"player_choice":"Obtained Relic","damage_taken":0,"relics_obtained":["Regal Pillow"],"max_hp_gain":0,"max_hp_loss":0,"event_name":"Addict","floor":31,"gold_loss":85},{"damage_healed":0,"gold_gain":0,"player_choice":"Max HP","damage_taken":0,"max_hp_gain":0,"max_hp_loss":4,"event_name":"Winding Halls","floor":36,"gold_loss":0},{"damage_healed":0,"gold_gain":0,"player_choice":"Upgrade","damage_taken":0,"relics_obtained":["Mark of the Bloom"],"max_hp_gain":0,"max_hp_loss":0,"event_name":"MindBloom","floor":38,"gold_loss":0,"cards_upgraded":["Strike_B","Strike_B","Strike_B","Defend_B","Defend_B","Defend_B","Defend_B","Dualcast","Defragment","Ball Lightning","Cold Snap","White Noise","Melter","Core Surge","Rainbow","Cold Snap"]},{"damage_healed":0,"gold_gain":0,"player_choice":"Ignored","damage_taken":0,"max_hp_gain":0,"max_hp_loss":0,"event_name":"Mysterious Sphere","floor":48,"gold_loss":0}],"is_beta":false,"boss_relics":[{"not_picked":["Ectoplasm","Eternal Feather"],"picked":"Velvet Choker"},{"not_picked":["Philosopher\u0027s Stone","Inserter"],"picked":"Nuclear Battery"}],"items_purged_floors":[22,47],"is_endless":false,"potions_floor_spawned":[11,13,14,24,25,28,35,37,41,42],"killed_by":"Time Eater","ascension_level":3}