{"gold_per_floor":[115,133,133,143,69,97,97,132,132,167,48,62,62,73,73,147,147,120,390,405,425,110,110,121,156,156,156,356,383,31,44,44,122,122,134,54,65,75,75,110,110,141,141,173,173,273,273,306,306,306,306],"floor_reached":52,"playtime":2504,"items_purged":["Strike_R","Strike_R","Strike_R"],"score":2102,"play_id":"cc69c6c6-82cd-42ab-b49b-28cf16a1a1e9","local_time":"20190603002606","is_ascension_mode":true,"campfire_choices":[{"data":"Bash","floor":7,"key":"SMITH"},{"floor":15,"key":"REST"},{"data":"True Grit","floor":23,"key":"SMITH"},{"data":"Feel No Pain","floor":27,"key":"SMITH"},{"data":"True Grit","floor":32,"key":"SMITH"},{"data":"Pommel Strike","floor":41,"key":"SMITH"},{"floor":49,"key":"DIG"}],"neow_cost":"NONE","seed_source_timestamp":212855462702230,"circlet_count":0,"master_deck":["AscendersBane","Strike_R","Defend_R","Defend_R","Defend_R","Defend_R","Bash+1","Pummel","Spot Weakness","Headbutt","Metallicize","Pommel Strike+1","Iron Wave+1","Warcry","Spot Weakness","Power Through","Feed+1","Reaper+1","True Grit+1","Shockwave+1","Feel No Pain+1","Heavy Blade+1","Whirlwind+1","True Grit+1","Impervious","Exhume","Pommel Strike+1","Flame Barrier","Pommel Strike+1","Reaper+1","Violence"],"special_seed":0,"relics":["Burning Blood","Blood Vial","Bottled Lightning","Molten Egg 2","Matryoshka","Champion Belt","Coffee Dripper","Art of War","Dodecahedron","Self Forming Clay","Du-Vu Doll","Bag of Marbles","Velvet Choker","Bottled Flame","Orichalcum","Juzu Bracelet","Charon\u0027s Ashes","Shovel","Gambling Chip","Ornamental Fan","Thread and Needle"],"potions_floor_usage":[6,16,21,25,25,33,33,40,42,50,51],"damage_taken":[{"damage":4.0,"enemies":"Small Slimes","floor":1.0,"turns":3.0},{"damage":13.0,"enemies":"Cultist","floor":2.0,"turns":5.0},{"damage":7.0,"enemies":"Jaw Worm","floor":4.0,"turns":3.0},{"damage":31,"enemies":"3 Sentries","floor":6,"turns":11},{"damage":39,"enemies":"Gremlin Nob","floor":8,"turns":4},{"damage":10,"enemies":"3 Sentries","floor":10,"turns":8},{"damage":5,"enemies":"2 Fungi Beasts","floor":12,"turns":3},{"damage":5,"enemies":"Gremlin Gang","floor":14,"turns":6},{"damage":21,"enemies":"The Guardian","floor":16,"turns":10},{"damage":20,"enemies":"2 Thieves","floor":18,"turns":4},{"damage":18,"enemies":"3 Byrds","floor":20,"turns":5},{"damage":17,"enemies":"Snake Plant","floor":21,"turns":6},{"damage":3,"enemies":"3 Cultists","floor":24,"turns":5},{"damage":0,"enemies":"Book of Stabbing","floor":25,"turns":3},{"damage":17,"enemies":"Slavers","floor":29,"turns":5},{"damage":11,"enemies":"Centurion and Healer","floor":31,"turns":2},{"damage":85,"enemies":"Collector","floor":33,"turns":13},{"damage":3,"enemies":"Orb Walker","floor":35,"turns":2},{"damage":9,"enemies":"3 Shapes","floor":37,"turns":3},{"damage":19,"enemies":"Maw","floor":38,"turns":8},{"damage":51,"enemies":"Reptomancer","floor":40,"turns":8},{"damage":24,"enemies":"Nemesis","floor":42,"turns":9},{"damage":6,"enemies":"Reptomancer","floor":44,"turns":6},{"damage":16,"enemies":"Mind Bloom Boss Battle","floor":46,"turns":8},{"damage":25,"enemies":"Nemesis","floor":48,"turns":7},{"damage":106,"enemies":"Time Eater","floor":50,"turns":14},{"damage":61,"enemies":"Awakened One","floor":51,"turns":15}],"seed_played":"-7509170732852745302","potions_obtained":[{"floor":1.0,"key":"FearPotion"},{"floor":2.0,"key":"Swift Potion"},{"floor":12,"key":"Strength Potion"},{"floor":16,"key":"Weak Potion"},{"floor":21,"key":"SteroidPotion"},{"floor":33,"key":"AttackPotion"},{"floor":37,"key":"Energy Potion"},{"floor":40,"key":"BloodPotion"},{"floor":47,"key":"Fruit Juice"},{"floor":47,"key":"SpeedPotion"}],"is_trial":false,"path_per_floor":["M","M","?","M","$","E","R","E","T","E","$","M","?","M","R","B",null,"M","?","M","M","$","R","M","E","T","R","?","E","$","M","R","B",null,"M","$","M","M","$","E","R","E","T","E","?","?","?","E","R","B","B",null],"character_chosen":"IRONCLAD","items_purchased":["Metallicize","Spot Weakness","Feel No Pain","Art of War","Whirlwind+1","True Grit","FearPotion","Energy Potion","Flame Barrier"],"campfire_rested":1,"item_purchase_floors":[5,11,22,22,30,30,30,30,36],"current_hp_per_floor":[72,67,67,68,68,45,45,14,14,12,12,15,15,18,40,27,63,55,27,35,35,35,35,44,62,62,62,62,83,83,80,80,29,79,95,95,92,98,98,96,96,99,99,99,89,98,98,99,99,35,20],"gold":306,"neow_bonus":"RANDOM_COMMON_RELIC","is_prod":false,"is_daily":false,"chose_seed":false,"campfire_upgraded":5,"win_rate":0,"timestamp":1559496366,"path_taken":["M","M","?","M","$","E","R","E","T","E","?","M","?","M","R","BOSS","M","?","?","M","$","R","M","E","T","R","?","E","$","M","R","BOSS","M","?","M","M","$","E","R","E","T","E","?","?","?","E","R","BOSS","BOSS"],"build_version":"2019-01-23","purchased_purges":3,"victory":true,"max_hp_per_floor":[75,75,75,75,75,75,75,75,75,75,75,75,75,75,75,75,75,79,79,83,87,87,87,91,91,91,91,91,95,95,95,95,95,95,95,95,95,99,99,99,99,99,99,99,99,103,103,103,103,107,107],"card_choices":[{"not_picked":["Rupture","Fire Breathing"],"picked":"Pummel","floor":1.0},{"not_picked":["Cleave","Iron Wave"],"picked":"Spot Weakness","floor":2.0},{"not_picked":["Flex","Wild Strike"],"picked":"Headbutt","floor":4.0},{"not_picked":["Body Slam","Clash"],"picked":"Pommel Strike","floor":6},{"not_picked":["Sever Soul","Carnage"],"picked":"Iron Wave","floor":8},{"not_picked":["Headbutt+1","Sever Soul+1"],"picked":"Warcry","floor":10},{"not_picked":["Seeing Red","Fire Breathing"],"picked":"Power Through","floor":12},{"not_picked":["Searing Blow+1","Inflame"],"picked":"Feed+1","floor":14},{"not_picked":["Juggernaut","Dark Embrace"],"picked":"Reaper+1","floor":16},{"not_picked":["Anger+1","Dual Wield"],"picked":"True Grit","floor":18},{"not_picked":["Inflame","Twin Strike+1","Searing Blow+1"],"picked":"SKIP","floor":20},{"not_picked":["Pommel Strike+1","Headbutt+1"],"picked":"Shockwave+1","floor":21},{"not_picked":["Cleave+1","Rupture+1","Wild Strike+1"],"picked":"SKIP","floor":24},{"not_picked":["Pummel+1","Twin Strike+1","Dropkick+1"],"picked":"SKIP","floor":25},{"not_picked":["Sever Soul+1","Carnage+1"],"picked":"Heavy Blade+1","floor":29},{"not_picked":["Seeing Red","Pummel+1"],"picked":"Impervious","floor":31},{"not_picked":["Dark Embrace","Bludgeon+1"],"picked":"Exhume","floor":33},{"not_picked":["Anger+1","Havoc"],"picked":"Pommel Strike+1","floor":35},{"not_picked":["Reckless Charge+1","Evolve+1","Shockwave"],"picked":"SKIP","floor":37},{"not_picked":["Clothesline+1","Clash+1","Reckless Charge+1"],"picked":"SKIP","floor":38},{"not_picked":["Anger+1","Infernal Blade"],"picked":"Pommel Strike+1","floor":40},{"not_picked":["Spot Weakness","Cleave+1"],"picked":"Reaper+1","floor":42},{"not_picked":["Iron Wave+1","Flame Barrier","Searing Blow+1"],"picked":"SKIP","floor":44},{"not_picked":["Dark Shackles","Discovery"],"picked":"Violence","floor":45},{"not_picked":["Clothesline+1","Flex","Rage"],"picked":"SKIP","floor":48}],"player_experience":529560,"relics_obtained":[{"floor":6,"key":"Bottled Lightning"},{"floor":8,"key":"Molten Egg 2"},{"floor":9,"key":"Matryoshka"},{"floor":10,"key":"Champion Belt"},{"floor":25,"key":"Dodecahedron"},{"floor":26,"key":"Self Forming Clay"},{"floor":26,"key":"Du-Vu Doll"},{"floor":29,"key":"Bag of Marbles"},{"floor":40,"key":"Bottled Flame"},{"floor":42,"key":"Orichalcum"},{"floor":43,"key":"Juzu Bracelet"},{"floor":43,"key":"Charon\u0027s Ashes"},{"floor":44,"key":"Shovel"},{"floor":46,"key":"Gambling Chip"},{"floor":48,"key":"Ornamental Fan"},{"floor":49,"key":"Thread and Needle"}],"event_choices":[{"cards_removed":["Strike_R"],"damage_healed":0.0,"max_hp_gain":0.0,"max_hp_loss":0.0,"gold_gain":0.0,"event_name":"Purifier","player_choice":"Purged","floor":3.0,"gold_loss":0.0,"damage_taken":0.0},{"damage_healed":0,"gold_gain":0,"player_choice":"Ignored","damage_taken":0,"max_hp_gain":0,"max_hp_loss":0,"event_name":"Shining Light","floor":13,"gold_loss":0},{"damage_healed":0,"gold_gain":270,"player_choice":"GOLD GOLD GOLD ","damage_taken":28,"max_hp_gain":0,"max_hp_loss":0,"event_name":"Knowing Skull","floor":19,"potions_obtained":[],"gold_loss":0,"cards_obtained":[]},{"damage_healed":0,"gold_gain":250,"player_choice":"Bet on Owner","damage_taken":0,"max_hp_gain":0,"max_hp_loss":0,"event_name":"The Joust","floor":28,"gold_loss":50},{"damage_healed":0,"gold_gain":0,"player_choice":"Memory 3","damage_taken":10,"max_hp_gain":0,"max_hp_loss":0,"event_name":"SensoryStone","floor":45,"gold_loss":0},{"damage_healed":0,"gold_gain":0,"player_choice":"Fight","damage_taken":0,"max_hp_gain":0,"max_hp_loss":0,"event_name":"MindBloom","floor":46,"gold_loss":0},{"damage_healed":0,"gold_gain":0,"player_choice":"Got Potions","damage_taken":0,"max_hp_gain":0,"max_hp_loss":0,"event_name":"Lab","floor":47,"gold_loss":0}],"is_beta":false,"boss_relics":[{"not_picked":["Runic Dome","Tiny House"],"picked":"Coffee Dripper"},{"not_picked":["Runic Cube","Lizard Tail"],"picked":"Velvet Choker"}],"items_purged_floors":[11,22,30],"is_endless":false,"potions_floor_spawned":[1,2,12,16,18,21,31,33,37,38,40],"ascension_level":20}