{"gold_per_floor":[118,43,59,69,69,100,175,186,186,186],"floor_reached":10,"playtime":219,"items_purged":["Strike_B"],"score":68,"play_id":"267be024-78a2-4fef-a636-3e86f901b527","local_time":"20181129164543","is_ascension_mode":false,"campfire_choices":[],"neow_cost":"NONE","seed_source_timestamp":1271638303609005,"circlet_count":0,"master_deck":["Strike_B","Strike_B","Strike_B","Defend_B","Defend_B","Defend_B","Zap","Dualcast","Cold Snap","Conserve Battery","Lockon","Capacitor"],"relics":["Cracked Core","NeowsBlessing","Happy Flower","Vajra"],"potions_floor_usage":[],"damage_taken":[{"damage":0,"enemies":"Cultist","floor":1,"turns":1},{"damage":0,"enemies":"Jaw Worm","floor":3,"turns":1},{"damage":0,"enemies":"Small Slimes","floor":4,"turns":1},{"damage":28,"enemies":"Gremlin Nob","floor":6,"turns":4},{"damage":7,"enemies":"3 Louse","floor":8,"turns":4},{"damage":23,"enemies":"Gremlin Gang","floor":10,"turns":3}],"seed_played":"-4291915801348557439","potions_obtained":[{"floor":1,"key":"Dexterity Potion"},{"floor":6,"key":"Dexterity Potion"}],"is_trial":false,"path_per_floor":["M","$","M","M","?","E","?","M","T","M"],"character_chosen":"DEFECT","items_purchased":[],"campfire_rested":0,"item_purchase_floors":[],"current_hp_per_floor":[75,75,75,75,68,40,29,22,22,0],"gold":186,"neow_bonus":"THREE_ENEMY_KILL","is_prod":false,"is_daily":false,"chose_seed":false,"campfire_upgraded":0,"win_rate":0,"timestamp":1543477543,"path_taken":["M","?","M","M","?","E","?","M","T","M"],"build_version":"2018-11-15","purchased_purges":1,"victory":false,"max_hp_per_floor":[75,75,75,75,75,75,75,75,75,75],"card_choices":[{"not_picked":["Blizzard","Recycle"],"picked":"Cold Snap","floor":1},{"not_picked":["Go for the Eyes","Barrage"],"picked":"Conserve Battery","floor":3},{"not_picked":["Streamline","Rebound"],"picked":"Lockon","floor":4},{"not_picked":["Melter","Redo"],"picked":"Capacitor","floor":6},{"not_picked":["Cold Snap","Static Discharge","Hyperbeam"],"picked":"SKIP","floor":8}],"player_experience":290942,"relics_obtained":[{"floor":6,"key":"Happy Flower"},{"floor":9,"key":"Vajra"}],"event_choices":[{"cards_removed":["Defend_B"],"damage_healed":0,"gold_gain":0,"player_choice":"Card Removal","damage_taken":7,"max_hp_gain":0,"max_hp_loss":0,"event_name":"Golden Wing","floor":5,"gold_loss":0},{"damage_healed":0,"gold_gain":75,"player_choice":"Gather Gold","damage_taken":11,"max_hp_gain":0,"max_hp_loss":0,"event_name":"World of Goop","floor":7,"gold_loss":0}],"is_beta":false,"boss_relics":[],"items_purged_floors":[2],"is_endless":false,"potions_floor_spawned":[1,6],"killed_by":"Gremlin Gang","ascension_level":0}