{"gold_per_floor":[119,119,135,135,210,241,20,34,87,116,131,131,186,210,210,285,285,303,320,320,320,334,360,180,205,205,225,255,268,296,315,315,392,392,405,422,433,447,299,325,325,359,384,414,433,247,247,260,260,260,260,260,260,20,54,54],"floor_reached":57,"playtime":1754,"items_purged":["Strike_B","Meteor Strike","Defend_B","Sunder+1"],"score":3784,"play_id":"74af608b-fd68-4f33-8cb1-f0804c20a2be","local_time":"20190605025914","is_ascension_mode":true,"campfire_choices":[{"data":"Sunder","floor":12,"key":"SMITH"},{"data":"Coolheaded","floor":15,"key":"SMITH"},{"data":"Skim","floor":32,"key":"SMITH"},{"floor":41,"key":"RECALL"},{"data":"Seek","floor":47,"key":"SMITH"},{"data":"Capacitor","floor":49,"key":"SMITH"},{"data":"Blizzard","floor":53,"key":"SMITH"}],"neow_cost":"NONE","seed_source_timestamp":624292749866215,"circlet_count":0,"master_deck":["AscendersBane","Defend_B","Defend_B","Dualcast","Hologram","Tempest","Cold Snap","Coolheaded+1","Electrodynamics","Skim+1","Compile Driver","Conserve Battery","Chill","Capacitor+1","Self Repair","Core Surge","Blizzard+1","Seek+1","Tempest+1","Tempest+1","Creative AI","Fission","Redo","Capacitor"],"relics":["FrozenCore","NeowsBlessing","The Courier","Symbiotic Virus","Membership Card","Pear","Tiny Chest","Odd Mushroom","PreservedInsect","Anchor","Mercury Hourglass","Gremlin Horn","Bag of Preparation","Empty Cage","DollysMirror","Orichalcum","Cables","Boot","Ancient Tea Set","Question Card","DataDisk","Sundial","Bottled Tornado"],"potions_floor_usage":[18,30,30,56,56],"damage_taken":[{"damage":0,"enemies":"Cultist","floor":1,"turns":1},{"damage":0,"enemies":"2 Louse","floor":3,"turns":1},{"damage":0,"enemies":"Gremlin Nob","floor":6,"turns":1},{"damage":0,"enemies":"Jaw Worm","floor":8,"turns":2},{"damage":0,"enemies":"Lagavulin","floor":10,"turns":1},{"damage":0,"enemies":"Blue Slaver","floor":11,"turns":1},{"damage":2,"enemies":"3 Sentries","floor":13,"turns":2},{"damage":0,"enemies":"The Mushroom Lair","floor":14,"turns":1},{"damage":0,"enemies":"Slime Boss","floor":16,"turns":4},{"damage":0,"enemies":"3 Byrds","floor":18,"turns":2},{"damage":0,"enemies":"2 Thieves","floor":19,"turns":1},{"damage":0,"enemies":"Snake Plant","floor":22,"turns":2},{"damage":0,"enemies":"Slavers","floor":23,"turns":1},{"damage":0,"enemies":"Gremlin Leader","floor":25,"turns":2},{"damage":0,"enemies":"Cultist and Chosen","floor":27,"turns":1},{"damage":0,"enemies":"Book of Stabbing","floor":28,"turns":1},{"damage":0,"enemies":"Sentry and Sphere","floor":29,"turns":2},{"damage":0,"enemies":"Slavers","floor":30,"turns":2},{"damage":0,"enemies":"Snecko","floor":31,"turns":2},{"damage":0,"enemies":"Collector","floor":33,"turns":2},{"damage":0,"enemies":"Orb Walker","floor":35,"turns":1},{"damage":0,"enemies":"3 Darklings","floor":36,"turns":1},{"damage":0,"enemies":"Transient","floor":37,"turns":2},{"damage":0,"enemies":"Sphere and 2 Shapes","floor":38,"turns":1},{"damage":0,"enemies":"Nemesis","floor":40,"turns":1},{"damage":0,"enemies":"Giant Head","floor":42,"turns":1},{"damage":0,"enemies":"Nemesis","floor":44,"turns":1},{"damage":0,"enemies":"4 Shapes","floor":45,"turns":1},{"damage":0,"enemies":"3 Darklings","floor":48,"turns":1},{"damage":0,"enemies":"Time Eater","floor":50,"turns":1},{"damage":0,"enemies":"Donu and Deca","floor":51,"turns":1},{"damage":0,"enemies":"Shield and Spear","floor":55,"turns":1},{"damage":64,"enemies":"The Heart","floor":56,"turns":6}],"seed_played":"-1093539218197459750","potions_obtained":[{"floor":6,"key":"EssenceOfSteel"},{"floor":8,"key":"FearPotion"},{"floor":10,"key":"Swift Potion"},{"floor":14,"key":"PowerPotion"},{"floor":18,"key":"AttackPotion"},{"floor":31,"key":"PowerPotion"},{"floor":36,"key":"EssenceOfSteel"},{"floor":38,"key":"Block Potion"}],"is_trial":false,"path_per_floor":["M","T","M","?","?","E","$","M","T","E","M","R","E","?","R","B",null,"M","M","?","?","M","E","$","E","T","M","E","M","E","M","R","B",null,"M","M","M","M","$","E","R","E","T","E","M","$","R","M","R","B","B",null,"R","$","E","B",null],"character_chosen":"DEFECT","items_purchased":["Membership Card","Capacitor","Self Repair","Core Surge","DollysMirror","Question Card","DataDisk","Sundial","Fission","Redo","Capacitor"],"campfire_rested":0,"item_purchase_floors":[7,24,24,24,39,46,54,54,54,54,54],"current_hp_per_floor":[64,64,64,57,46,46,46,46,46,56,56,56,54,54,54,54,74,74,74,74,74,74,74,74,81,81,81,81,81,81,81,81,81,81,81,81,81,81,81,81,81,81,81,81,81,81,81,81,81,81,81,81,81,81,81,24],"gold":54,"neow_bonus":"THREE_ENEMY_KILL","is_prod":false,"is_daily":false,"chose_seed":false,"campfire_upgraded":6,"win_rate":0,"timestamp":1559671154,"path_taken":["M","?","M","?","?","E","?","M","T","E","?","R","E","?","R","BOSS","M","M","?","?","M","E","$","E","T","M","E","M","E","M","R","BOSS","M","M","M","M","$","E","R","E","T","E","M","$","R","M","R","BOSS","BOSS","R","$","E","BOSS"],"build_version":"2019-01-23","purchased_purges":4,"victory":true,"max_hp_per_floor":[71,71,71,71,71,71,71,71,71,81,81,81,81,81,81,81,81,81,81,81,81,81,81,81,81,81,81,81,81,81,81,81,81,81,81,81,81,81,81,81,81,81,81,81,81,81,81,81,81,81,81,81,81,81,81,81],"card_choices":[{"not_picked":["Conserve Battery","Steam","Turbo"],"picked":"SKIP","floor":1},{"not_picked":["Conserve Battery","Steam Power"],"picked":"Sunder","floor":3},{"not_picked":["Sunder","Barrage"],"picked":"Hologram","floor":6},{"not_picked":["Leap","Barrage"],"picked":"Tempest","floor":8},{"not_picked":["Rebound","Compile Driver"],"picked":"Meteor Strike","floor":10},{"not_picked":["Redo","Darkness","Turbo"],"picked":"SKIP","floor":11},{"not_picked":["Rebound","Gash"],"picked":"Cold Snap","floor":13},{"not_picked":["Lockon","Stack"],"picked":"Coolheaded","floor":14},{"not_picked":["Seek","Hyperbeam"],"picked":"Electrodynamics","floor":16},{"not_picked":["Redo","Reprogram"],"picked":"Skim","floor":18},{"not_picked":["Barrage","Hologram","Beam Cell"],"picked":"SKIP","floor":19},{"not_picked":["Static Discharge","Auto Shields"],"picked":"Chill","floor":22},{"not_picked":["Chill","Streamline","Lockon"],"picked":"SKIP","floor":23},{"not_picked":["Auto Shields","Beam Cell","Redo"],"picked":"SKIP","floor":25},{"not_picked":["Barrage","Coolheaded"],"picked":"Blizzard","floor":27},{"not_picked":["Fusion","Undo","Double Energy+1"],"picked":"SKIP","floor":28},{"not_picked":["Redo","Auto Shields","Aggregate"],"picked":"SKIP","floor":29},{"not_picked":["Compile Driver+1","Static Discharge+1","Rebound"],"picked":"SKIP","floor":30},{"not_picked":["Beam Cell","Ball Lightning+1","Go for the Eyes"],"picked":"SKIP","floor":31},{"not_picked":["Electrodynamics","Amplify"],"picked":"Seek","floor":33},{"not_picked":["Doom and Gloom","Ball Lightning","Heatsinks"],"picked":"SKIP","floor":35},{"not_picked":["Beam Cell","Scrape","Conserve Battery"],"picked":"SKIP","floor":36},{"not_picked":["Turbo+1","Auto Shields","Cold Snap"],"picked":"SKIP","floor":37},{"not_picked":["Conserve Battery","Streamline"],"picked":"Tempest+1","floor":38},{"not_picked":["Darkness","White Noise+1"],"picked":"Creative AI","floor":40},{"not_picked":["Ball Lightning","Self Repair","Barrage"],"picked":"SKIP","floor":42},{"not_picked":["Rebound+1","Rip and Tear","Turbo"],"picked":"SKIP","floor":44},{"not_picked":["Streamline","Rip and Tear","Hologram"],"picked":"SKIP","floor":45},{"not_picked":["FTL","Streamline+1","Rebound+1","Gash"],"picked":"SKIP","floor":48},{"not_picked":["Conserve Battery","Sweeping Beam","Double Energy+1","Auto Shields+1"],"picked":"SKIP","floor":55}],"player_experience":610669,"relics_obtained":[{"floor":2,"key":"The Courier"},{"floor":6,"key":"Symbiotic Virus"},{"floor":10,"key":"Pear"},{"floor":13,"key":"Tiny Chest"},{"floor":14,"key":"Odd Mushroom"},{"floor":23,"key":"PreservedInsect"},{"floor":25,"key":"Anchor"},{"floor":26,"key":"Mercury Hourglass"},{"floor":28,"key":"Gremlin Horn"},{"floor":30,"key":"Bag of Preparation"},{"floor":40,"key":"Orichalcum"},{"floor":42,"key":"Cables"},{"floor":43,"key":"Boot"},{"floor":44,"key":"Ancient Tea Set"},{"floor":55,"key":"Bottled Tornado"}],"event_choices":[{"cards_removed":["Strike_B"],"damage_healed":0,"gold_gain":0,"player_choice":"Card Removal","damage_taken":7,"max_hp_gain":0,"max_hp_loss":0,"event_name":"Golden Wing","floor":4,"gold_loss":0},{"damage_healed":0,"gold_gain":75,"player_choice":"Gather Gold","damage_taken":11,"max_hp_gain":0,"max_hp_loss":0,"event_name":"World of Goop","floor":5,"gold_loss":0},{"damage_healed":0,"gold_gain":0,"player_choice":"Fought Mushrooms","damage_taken":0,"max_hp_gain":0,"max_hp_loss":0,"event_name":"Mushrooms","floor":14,"gold_loss":0},{"damage_healed":0,"gold_gain":0,"cards_transformed":["Strike_B","Strike_B"],"player_choice":"Became Test Subject","damage_taken":0,"max_hp_gain":0,"max_hp_loss":0,"event_name":"Drug Dealer","floor":20,"gold_loss":0,"cards_obtained":["Compile Driver","Conserve Battery"]},{"damage_healed":0,"gold_gain":0,"player_choice":"Ignored","damage_taken":0,"max_hp_gain":0,"max_hp_loss":0,"event_name":"Ghosts","floor":21,"gold_loss":0}],"is_beta":false,"boss_relics":[{"not_picked":["White Beast Statue","Nuclear Battery"],"picked":"FrozenCore"},{"not_picked":["Snecko Eye","Runic Dome"],"picked":"Empty Cage"}],"items_purged_floors":[7,24,39,46],"is_endless":false,"potions_floor_spawned":[6,8,10,14,18,19,28,31,36,38,45,55],"ascension_level":20}