{"gold_per_floor":[115,11,11,11,30,30,30,44,44,44,44,57,57,74,74,146,146,166,216,233,233,250,250,250],"floor_reached":24,"playtime":712,"items_purged":["Strike_B"],"score":357,"play_id":"8486e046-5cc8-4e94-845c-a2525f2e46fd","local_time":"20190525121703","is_ascension_mode":true,"campfire_choices":[{"data":"Zap","floor":6,"key":"SMITH"},{"data":"Ball Lightning","floor":10,"key":"SMITH"},{"data":"Doom and Gloom","floor":13,"key":"SMITH"},{"data":"Cold Snap","floor":15,"key":"SMITH"}],"neow_cost":"NONE","seed_source_timestamp":176989630566820,"circlet_count":0,"master_deck":["AscendersBane","Defend_B","Defend_B","Defend_B","Zap+1","Dualcast","Leap","Ball Lightning+1","Static Discharge","Blizzard","Doom and Gloom+1","Cold Snap+1","Core Surge","Reinforced Body+1","Doom and Gloom+1","Hello World+1","Go for the Eyes+1","Conserve Battery","Coolheaded","Parasite","Meteor Strike"],"relics":["Cracked Core","NeowsBlessing","NlothsMask","Astrolabe"],"potions_floor_usage":[16,21],"damage_taken":[{"damage":0,"enemies":"Small Slimes","floor":1,"turns":1},{"damage":0,"enemies":"Cultist","floor":5,"turns":1},{"damage":0,"enemies":"2 Louse","floor":8,"turns":1},{"damage":7,"enemies":"2 Fungi Beasts","floor":12,"turns":2},{"damage":9,"enemies":"Red Slaver","floor":14,"turns":2},{"damage":12,"enemies":"Slime Boss","floor":16,"turns":7},{"damage":14,"enemies":"Spheric Guardian","floor":18,"turns":3},{"damage":24,"enemies":"2 Thieves","floor":20,"turns":4},{"damage":4,"enemies":"Centurion and Healer","floor":21,"turns":5},{"damage":17,"enemies":"Snecko","floor":22,"turns":5},{"damage":15,"enemies":"Shelled Parasite and Fungi","floor":24,"turns":1}],"seed_played":"-978127003267016658","potions_obtained":[{"floor":4,"key":"Dexterity Potion"},{"floor":4,"key":"SmokeBomb"},{"floor":8,"key":"PowerPotion"},{"floor":16,"key":"FearPotion"}],"is_trial":false,"path_per_floor":["M","$","?","?","M","R","?","M","T","R","?","M","R","M","R","B",null,"M","?","M","M","M","?","M"],"character_chosen":"DEFECT","items_purchased":["Ball Lightning"],"campfire_rested":0,"item_purchase_floors":[2],"current_hp_per_floor":[64,64,64,64,64,64,64,64,64,64,69,62,62,53,53,41,67,53,53,29,25,8,8,0],"gold":250,"neow_bonus":"THREE_ENEMY_KILL","is_prod":false,"is_daily":false,"chose_seed":false,"campfire_upgraded":4,"win_rate":0,"timestamp":1558811823,"path_taken":["M","$","?","?","?","R","?","?","T","R","?","M","R","M","R","BOSS","M","?","?","M","M","?","?"],"build_version":"2019-01-23","purchased_purges":1,"victory":false,"max_hp_per_floor":[71,71,71,71,71,71,71,71,71,71,76,76,76,76,76,76,76,76,76,76,76,76,76,76],"card_choices":[{"not_picked":["Loop","Streamline"],"picked":"Leap","floor":1},{"not_picked":["Coolheaded","Compile Driver"],"picked":"Blizzard","floor":5},{"not_picked":["Rebound","Defragment","White Noise"],"picked":"SKIP","floor":8},{"not_picked":["Steam Power","Static Discharge"],"picked":"Doom and Gloom","floor":12},{"not_picked":["Rebound","Double Energy"],"picked":"Cold Snap","floor":14},{"not_picked":["Amplify","All For One"],"picked":"Core Surge","floor":16},{"not_picked":["Turbo","Sweeping Beam"],"picked":"Go for the Eyes+1","floor":18},{"not_picked":["Stack","Leap"],"picked":"Conserve Battery","floor":20},{"not_picked":["White Noise","Streamline"],"picked":"Coolheaded","floor":22}],"player_experience":744584,"relics_obtained":[],"event_choices":[{"damage_healed":0,"gold_gain":0,"cards_transformed":["Strike_B"],"player_choice":"Change","damage_taken":0,"max_hp_gain":0,"max_hp_loss":0,"event_name":"Living Wall","floor":3,"gold_loss":0,"cards_obtained":["Static Discharge"]},{"damage_healed":0,"gold_gain":0,"player_choice":"Got Potions","damage_taken":0,"max_hp_gain":0,"max_hp_loss":0,"event_name":"Lab","floor":4,"gold_loss":0},{"damage_healed":0,"gold_gain":0,"player_choice":"Trade","damage_taken":0,"relics_obtained":["NlothsMask"],"max_hp_gain":0,"max_hp_loss":0,"event_name":"FaceTrader","floor":7,"gold_loss":0},{"damage_healed":0,"gold_gain":0,"player_choice":"Donut","damage_taken":0,"max_hp_gain":5,"max_hp_loss":0,"event_name":"Big Fish","floor":11,"gold_loss":0},{"damage_healed":0,"gold_gain":50,"player_choice":"Pray","damage_taken":0,"max_hp_gain":0,"max_hp_loss":0,"event_name":"Golden Shrine","floor":19,"gold_loss":0},{"damage_healed":0,"gold_gain":0,"player_choice":"2 cards matched","damage_taken":0,"max_hp_gain":0,"max_hp_loss":0,"event_name":"Match and Keep!","floor":23,"gold_loss":0,"cards_obtained":["Parasite","Meteor Strike"]}],"is_beta":false,"boss_relics":[{"not_picked":["Ectoplasm","Sozu"],"picked":"Astrolabe"}],"items_purged_floors":[2],"is_endless":false,"potions_floor_spawned":[8,16,21],"killed_by":"Shelled Parasite and Fungi","ascension_level":18}