{"gold_per_floor":[118,118,41,41,59,94,94,118,118,141,23,41,60,109,109,205,205,219,219],"floor_reached":19,"playtime":538,"items_purged":["Strike_B"],"score":378,"play_id":"b0594879-fc63-453f-874d-99c4b71c6a4e","local_time":"20190604094631","is_ascension_mode":true,"campfire_choices":[{"data":"Zap","floor":7,"key":"SMITH"},{"floor":15,"key":"REST"}],"neow_cost":"NONE","seed_source_timestamp":26614602206391,"circlet_count":0,"master_deck":["AscendersBane","Zap+1","Dualcast","Defragment","BootSequence","Meteor Strike","Ball Lightning","Leap","Doom and Gloom","Defragment","Echo Form","Cold Snap","Tempest","Creative AI","Genetic Algorithm","Blizzard","Rebound","Static Discharge","Hologram+1"],"relics":["Cracked Core","NeowsBlessing","Golden Idol","Dodecahedron","Pantograph","Orichalcum","Pandora\u0027s Box"],"potions_floor_usage":[16,16,18],"damage_taken":[{"damage":0,"enemies":"Small Slimes","floor":1,"turns":1},{"damage":0,"enemies":"Jaw Worm","floor":5,"turns":1},{"damage":0,"enemies":"3 Sentries","floor":6,"turns":1},{"damage":6,"enemies":"Cultist","floor":8,"turns":3},{"damage":6,"enemies":"Exordium Thugs","floor":10,"turns":3},{"damage":0,"enemies":"Looter","floor":12,"turns":2},{"damage":2,"enemies":"2 Fungi Beasts","floor":13,"turns":2},{"damage":3,"enemies":"The Guardian","floor":16,"turns":9},{"damage":14,"enemies":"Chosen","floor":18,"turns":4},{"damage":64,"enemies":"Masked Bandits","floor":19,"turns":3}],"seed_played":"5402644067766787493","potions_obtained":[{"floor":5,"key":"Explosive Potion"},{"floor":8,"key":"AttackPotion"},{"floor":16,"key":"AttackPotion"}],"is_trial":false,"path_per_floor":["M","?","$","?","M","E","R","M","T","M","$","M","M","T","R","B",null,"M","?"],"character_chosen":"DEFECT","items_purchased":["Defragment","Doom and Gloom"],"campfire_rested":1,"item_purchase_floors":[3,11],"current_hp_per_floor":[64,64,64,45,45,45,45,39,39,33,33,33,31,31,50,61,63,49,0],"gold":219,"neow_bonus":"THREE_ENEMY_KILL","is_prod":false,"is_daily":false,"chose_seed":false,"campfire_upgraded":1,"win_rate":0,"timestamp":1559666791,"path_taken":["M","?","$","?","M","E","R","M","T","M","?","M","?","?","R","BOSS","M","?"],"build_version":"2019-01-23","purchased_purges":1,"victory":false,"max_hp_per_floor":[71,64,64,64,64,64,64,64,64,64,64,64,64,64,64,64,64,64,64],"card_choices":[{"not_picked":["Turbo","Redo","Go for the Eyes"],"picked":"SKIP","floor":1},{"not_picked":["Barrage","Redo"],"picked":"BootSequence","floor":5},{"not_picked":["Turbo","White Noise"],"picked":"Meteor Strike","floor":6},{"not_picked":["Go for the Eyes","Sweeping Beam"],"picked":"Ball Lightning","floor":8},{"not_picked":["Stack","Consume"],"picked":"Leap","floor":10},{"not_picked":["Multi-Cast","Streamline","Coolheaded"],"picked":"SKIP","floor":12},{"not_picked":["Static Discharge","Turbo"],"picked":"Defragment","floor":13},{"not_picked":["Amplify","Creative AI"],"picked":"Echo Form","floor":16},{"not_picked":["Steam","Barrage"],"picked":"Hologram+1","floor":18}],"player_experience":821683,"relics_obtained":[{"floor":6,"key":"Dodecahedron"},{"floor":9,"key":"Pantograph"},{"floor":14,"key":"Orichalcum"}],"event_choices":[{"damage_healed":0,"gold_gain":0,"player_choice":"Lose Max HP","damage_taken":0,"relics_obtained":["Golden Idol"],"max_hp_gain":0,"max_hp_loss":7,"event_name":"Golden Idol","floor":2,"gold_loss":0},{"damage_healed":0,"gold_gain":0,"player_choice":"Entered Light","damage_taken":19,"max_hp_gain":0,"max_hp_loss":0,"event_name":"Shining Light","floor":4,"gold_loss":0,"cards_upgraded":["Strike_B","Defend_B"]},{"damage_healed":0,"gold_gain":0,"player_choice":"Fought Bandits","damage_taken":0,"max_hp_gain":0,"max_hp_loss":0,"event_name":"Masked Bandits","floor":19,"gold_loss":0}],"is_beta":false,"boss_relics":[{"not_picked":["Black Star","Busted Crown"],"picked":"Pandora\u0027s Box"}],"items_purged_floors":[11],"is_endless":false,"potions_floor_spawned":[5,8,16],"killed_by":"Masked Bandits","ascension_level":19}