{"gold_per_floor":[113,113,5,5,24,52,64,92,129,168,180,192,238,260,272,383,395,424,436,462,484,513,557,17,43,43,43,43,143,158,178,178,280,280,299,299,399,415,435,435,466,466,466,476,16,16,16,16,16,16],"floor_reached":51,"playtime":4737,"items_purged":["Defend_G","Defend_G"],"score":1188,"play_id":"a77cb147-775e-4cdf-8f0b-cd86aaf3292d","local_time":"20190408170316","is_ascension_mode":true,"campfire_choices":[{"data":"Terror","floor":7,"key":"SMITH"},{"data":"Adrenaline","floor":12,"key":"SMITH"},{"data":"Cloak And Dagger","floor":15,"key":"SMITH"},{"data":"Wraith Form v2","floor":28,"key":"SMITH"},{"floor":32,"key":"REST"},{"floor":40,"key":"REST"},{"floor":47,"key":"RECALL"},{"floor":49,"key":"REST"}],"neow_cost":"NONE","seed_source_timestamp":1440881204320045,"circlet_count":0,"master_deck":["Defend_G","Defend_G","Survivor","Neutralize+1","Backstab","Terror+1","Caltrops","PiercingWail","Backflip","Cloak And Dagger+1","Adrenaline+1","Dagger Throw","Accuracy","Wraith Form v2+1","Acrobatics","Bite","Bite","Bite","Bite","Bite","Blade Dance","Infinite Blades","Storm of Steel+1","Blade Dance+1","Trip+1","PiercingWail+1","Envenom+1","Cloak And Dagger+1","Dodge and Roll+1","Accuracy+1","Underhanded Strike+1","Wraith Form v2+1","All Out Attack+1","Blade Dance+1","PiercingWail+1","Accuracy+1","Leg Sweep+1","Acrobatics+1","Blade Dance+1","Infinite Blades+1","Backflip+1","Finesse+1"],"relics":["Ring of the Snake","NeowsBlessing","MawBank","Art of War","Happy Flower","Bottled Lightning","Dream Catcher","Runic Pyramid","Toxic Egg 2","Frozen Egg 2","Letter Opener","Pocketwatch","Nunchaku","Bottled Flame","Fusion Hammer","Ginger","PreservedInsect","Mummified Hand","Bag of Marbles"],"potions_floor_usage":[10,13,23,25,25,25,33,50],"damage_taken":[{"damage":0,"enemies":"Small Slimes","floor":1,"turns":1},{"damage":0,"enemies":"Jaw Worm","floor":5,"turns":1},{"damage":0,"enemies":"Lagavulin","floor":6,"turns":1},{"damage":0,"enemies":"Cultist","floor":8,"turns":2},{"damage":5,"enemies":"Gremlin Nob","floor":10,"turns":3},{"damage":5,"enemies":"3 Sentries","floor":13,"turns":9},{"damage":4,"enemies":"2 Fungi Beasts","floor":14,"turns":3},{"damage":3,"enemies":"Hexaghost","floor":16,"turns":8},{"damage":36,"enemies":"Spheric Guardian","floor":18,"turns":6},{"damage":0,"enemies":"Chosen","floor":20,"turns":4},{"damage":19,"enemies":"Sentry and Sphere","floor":21,"turns":6},{"damage":14,"enemies":"Snake Plant","floor":22,"turns":4},{"damage":49,"enemies":"Gremlin Leader","floor":23,"turns":9},{"damage":8,"enemies":"Book of Stabbing","floor":25,"turns":3},{"damage":5,"enemies":"Colosseum Slavers","floor":29,"turns":3},{"damage":9,"enemies":"Colosseum Nobs","floor":29,"turns":3},{"damage":0,"enemies":"Chosen and Byrds","floor":30,"turns":4},{"damage":6,"enemies":"3 Cultists","floor":31,"turns":3},{"damage":40,"enemies":"Champ","floor":33,"turns":7},{"damage":3,"enemies":"3 Shapes","floor":35,"turns":4},{"damage":1,"enemies":"Mind Bloom Boss Battle","floor":37,"turns":5},{"damage":2,"enemies":"Orb Walker","floor":38,"turns":3},{"damage":10,"enemies":"Jaw Worm Horde","floor":39,"turns":3},{"damage":0,"enemies":"Nemesis","floor":41,"turns":5},{"damage":0,"enemies":"Transient","floor":44,"turns":5},{"damage":49,"enemies":"Time Eater","floor":50,"turns":10}],"seed_played":"760020439434650807","potions_obtained":[{"floor":1,"key":"Block Potion"},{"floor":6,"key":"AttackPotion"},{"floor":16,"key":"Energy Potion"},{"floor":21,"key":"FearPotion"},{"floor":22,"key":"Regen Potion"},{"floor":25,"key":"SpeedPotion"},{"floor":31,"key":"SkillPotion"},{"floor":41,"key":"Dexterity Potion"}],"is_trial":false,"path_per_floor":["M","?","$","?","M","E","R","M","T","E","T","R","E","M","R","B",null,"M","?","M","M","M","E","$","E","T","?","R","?","M","M","R","B",null,"M","?","?","M","M","R","E","?","T","M","$","?","R","?","R","B",null],"character_chosen":"THE_SILENT","items_purchased":["Terror","Caltrops","Blade Dance+1","Trip+1","PiercingWail+1","Frozen Egg 2","Swift Potion","Bag of Marbles","Infinite Blades+1","Backflip+1","FairyPotion"],"campfire_rested":3,"item_purchase_floors":[3,3,24,24,24,24,24,45,45,45,45],"current_hp_per_floor":[63,68,68,53,53,53,53,53,53,48,48,48,43,39,39,36,65,29,29,41,38,32,25,25,23,23,23,23,21,25,23,38,14,43,46,46,49,49,43,49,49,49,49,49,49,49,49,49,49,6],"gold":16,"neow_bonus":"THREE_ENEMY_KILL","is_prod":false,"is_daily":false,"chose_seed":false,"campfire_upgraded":4,"win_rate":0,"timestamp":1554757396,"path_taken":["M","?","$","?","M","E","R","M","T","E","?","R","E","?","R","BOSS","M","?","M","M","M","E","$","E","T","?","R","?","?","M","R","BOSS","M","?","?","M","M","R","E","?","T","?","?","?","R","?","R","BOSS"],"build_version":"2019-01-23","purchased_purges":2,"victory":true,"max_hp_per_floor":[70,75,75,75,75,75,75,75,75,75,75,75,75,75,75,75,75,75,52,52,52,52,52,52,52,52,52,52,52,52,52,52,52,52,52,49,49,49,49,49,49,49,49,49,49,49,49,49,49,49],"card_choices":[{"not_picked":["Reflex","Heel Hook"],"picked":"Backstab","floor":1},{"not_picked":["Dodge and Roll","Underhanded Strike"],"picked":"PiercingWail","floor":5},{"not_picked":["Dagger Spray","Dagger Throw"],"picked":"Backflip","floor":6},{"not_picked":["Noxious Fumes","Wraith Form v2"],"picked":"Cloak And Dagger","floor":8},{"not_picked":["Dagger Throw","Poisoned Stab"],"picked":"Adrenaline","floor":10},{"not_picked":["Skewer","Acrobatics"],"picked":"Dagger Throw","floor":13},{"not_picked":["Dagger Spray","Backflip"],"picked":"Accuracy","floor":14},{"not_picked":["Burst","Phantasmal Killer"],"picked":"Wraith Form v2","floor":16},{"not_picked":["Terror","Deadly Poison"],"picked":"Acrobatics","floor":18},{"not_picked":["Backflip","Slice"],"picked":"Blade Dance","floor":20},{"not_picked":["Dagger Spray","Quick Slash","Predator"],"picked":"SKIP","floor":21},{"not_picked":["Flying Knee","Footwork"],"picked":"Infinite Blades","floor":22},{"not_picked":["Dash","Venomology"],"picked":"Storm of Steel","floor":23},{"not_picked":["PiercingWail+1","Deflect+1"],"picked":"Envenom+1","floor":25},{"not_picked":["Underhanded Strike","Quick Slash"],"picked":"Cloak And Dagger+1","floor":29},{"not_picked":["Catalyst+1","Quick Slash"],"picked":"Dodge and Roll+1","floor":30},{"not_picked":["Venomology+1","Bane+1"],"picked":"Accuracy+1","floor":31},{"not_picked":["Outmaneuver+1","Acrobatics+1"],"picked":"Underhanded Strike+1","floor":32},{"not_picked":["Adrenaline+1","Burst+1"],"picked":"Wraith Form v2+1","floor":33},{"not_picked":["Slice","Acrobatics+1"],"picked":"All Out Attack+1","floor":35},{"not_picked":["Acrobatics+1","Choke"],"picked":"Blade Dance+1","floor":37},{"not_picked":["Choke+1","Dagger Spray+1"],"picked":"PiercingWail+1","floor":38},{"not_picked":["Dash+1","Predator+1"],"picked":"Accuracy+1","floor":39},{"not_picked":["Deadly Poison+1","Deflect+1"],"picked":"Leg Sweep+1","floor":40},{"not_picked":["Skewer","Dagger Spray"],"picked":"Acrobatics+1","floor":41},{"not_picked":["Burst+1","Dash"],"picked":"Blade Dance+1","floor":44},{"not_picked":["Forethought+1","Enlightenment+1"],"picked":"Finesse+1","floor":46}],"player_experience":297441,"relics_obtained":[{"floor":6,"key":"MawBank"},{"floor":9,"key":"Art of War"},{"floor":10,"key":"Happy Flower"},{"floor":11,"key":"Bottled Lightning"},{"floor":13,"key":"Dream Catcher"},{"floor":23,"key":"Toxic Egg 2"},{"floor":25,"key":"Letter Opener"},{"floor":26,"key":"Pocketwatch"},{"floor":29,"key":"Nunchaku"},{"floor":29,"key":"Bottled Flame"},{"floor":37,"key":"Ginger"},{"floor":41,"key":"PreservedInsect"},{"floor":43,"key":"Mummified Hand"}],"event_choices":[{"damage_healed":0,"gold_gain":0,"player_choice":"Donut","damage_taken":0,"max_hp_gain":5,"max_hp_loss":0,"event_name":"Big Fish","floor":2,"gold_loss":0},{"damage_healed":0,"gold_gain":0,"player_choice":"Entered Light","damage_taken":15,"max_hp_gain":0,"max_hp_loss":0,"event_name":"Shining Light","floor":4,"gold_loss":0,"cards_upgraded":["Neutralize","Strike_G"]},{"damage_healed":0,"gold_gain":0,"player_choice":"Became a vampire","damage_taken":0,"max_hp_gain":0,"max_hp_loss":23,"event_name":"Vampires","floor":19,"gold_loss":0,"cards_obtained":["Bite","Bite","Bite","Bite","Bite"]},{"damage_healed":0,"gold_gain":0,"player_choice":"Fight","damage_taken":0,"max_hp_gain":0,"max_hp_loss":0,"event_name":"Colosseum","floor":29,"gold_loss":0},{"damage_healed":0,"gold_gain":0,"player_choice":"Fought Nobs","damage_taken":0,"max_hp_gain":0,"max_hp_loss":0,"event_name":"Colosseum","floor":29,"gold_loss":0},{"damage_healed":0,"gold_gain":0,"player_choice":"Max HP","damage_taken":0,"max_hp_gain":0,"max_hp_loss":3,"event_name":"Winding Halls","floor":36,"gold_loss":0},{"damage_healed":0,"gold_gain":0,"player_choice":"Fight","damage_taken":0,"max_hp_gain":0,"max_hp_loss":0,"event_name":"MindBloom","floor":37,"gold_loss":0},{"damage_healed":0,"gold_gain":0,"player_choice":"Ignored","damage_taken":0,"max_hp_gain":0,"max_hp_loss":0,"event_name":"Tomb of Lord Red Mask","floor":42,"gold_loss":0},{"damage_healed":0,"gold_gain":0,"player_choice":"Memory 1","damage_taken":0,"max_hp_gain":0,"max_hp_loss":0,"event_name":"SensoryStone","floor":46,"gold_loss":0},{"cards_removed":["Defend_G"],"damage_healed":0,"gold_gain":0,"player_choice":"Offered Basic","damage_taken":0,"max_hp_gain":0,"max_hp_loss":0,"event_name":"Bonfire Elementals","floor":48,"gold_loss":0}],"is_beta":false,"boss_relics":[{"not_picked":["Empty Cage","Lizard Tail"],"picked":"Runic Pyramid"},{"not_picked":["Calling Bell","Velvet Choker"],"picked":"Fusion Hammer"}],"items_purged_floors":[24,45],"is_endless":false,"potions_floor_spawned":[1,6,16,21,22,25,29,31,41],"ascension_level":9}