{"gold_per_floor":[112,37,53,53,77,108,108,108,108,108,108],"floor_reached":11,"playtime":268,"items_purged":["Normality"],"score":142,"play_id":"b51bc987-4b54-45b7-9703-336b7598280a","local_time":"20190605134754","is_ascension_mode":true,"campfire_choices":[{"data":"Blizzard","floor":10,"key":"SMITH"}],"neow_cost":"CURSE","seed_source_timestamp":664717516394676,"circlet_count":0,"master_deck":["AscendersBane","Strike_B","Strike_B","Strike_B","Strike_B","Defend_B","Defend_B","Defend_B","Defend_B","Zap","Dualcast","Cold Snap","Ball Lightning","Ball Lightning","Blizzard+1"],"relics":["Cracked Core","Turnip","Golden Idol","Cables","Matryoshka","Singing Bowl","Meat on the Bone"],"potions_floor_usage":[6],"damage_taken":[{"damage":9,"enemies":"Jaw Worm","floor":1,"turns":4},{"damage":14,"enemies":"2 Louse","floor":3,"turns":2},{"damage":0,"enemies":"Cultist","floor":5,"turns":3},{"damage":1,"enemies":"3 Sentries","floor":6,"turns":5},{"damage":23,"enemies":"Gremlin Gang","floor":11,"turns":3}],"seed_played":"-2166486751170611190","potions_obtained":[{"floor":5,"key":"FocusPotion"}],"is_trial":false,"path_per_floor":["M","$","M","?","M","E","T","?","T","R","M"],"character_chosen":"DEFECT","items_purchased":[],"campfire_rested":0,"item_purchase_floors":[],"current_hp_per_floor":[55,55,41,41,41,40,40,22,22,22,0],"gold":108,"neow_bonus":"ONE_RARE_RELIC","is_prod":false,"is_daily":false,"chose_seed":false,"campfire_upgraded":1,"win_rate":0,"timestamp":1559710074,"path_taken":["M","$","M","?","M","E","?","?","T","R","M"],"build_version":"2019-01-23","purchased_purges":1,"victory":false,"max_hp_per_floor":[71,71,71,64,64,64,64,64,64,64,64],"card_choices":[{"not_picked":["Streamline","Sweeping Beam"],"picked":"Cold Snap","floor":1},{"not_picked":["Recycle","Steam"],"picked":"Ball Lightning","floor":3},{"not_picked":["Hello World","Gash"],"picked":"Ball Lightning","floor":5},{"not_picked":["Sweeping Beam","Steam"],"picked":"Blizzard","floor":6}],"player_experience":619001,"relics_obtained":[{"floor":6,"key":"Cables"},{"floor":7,"key":"Matryoshka"},{"floor":9,"key":"Meat on the Bone"}],"event_choices":[{"damage_healed":0,"gold_gain":0,"player_choice":"Lose Max HP","damage_taken":0,"relics_obtained":["Golden Idol"],"max_hp_gain":0,"max_hp_loss":7,"event_name":"Golden Idol","floor":4,"gold_loss":0},{"damage_healed":0,"gold_gain":0,"player_choice":"Success","damage_taken":18,"relics_obtained":["Singing Bowl"],"max_hp_gain":0,"max_hp_loss":0,"event_name":"Scrap Ooze","floor":8,"gold_loss":0}],"is_beta":false,"boss_relics":[],"items_purged_floors":[2],"is_endless":false,"potions_floor_spawned":[5],"killed_by":"Gremlin Gang","ascension_level":20}