{"gold_per_floor":[13,88,101,119,134,161,176,176,176,176,194,194],"floor_reached":12,"playtime":472,"items_purged":[],"score":111,"play_id":"99fd351f-7540-4b57-b1dc-a9ad4b23520e","local_time":"20190605133515","is_ascension_mode":true,"campfire_choices":[{"floor":8.0,"key":"REST"},{"data":"Demon Form","floor":10.0,"key":"SMITH"}],"neow_cost":"NO_GOLD","seed_source_timestamp":117572014355200,"circlet_count":0,"master_deck":["Strike_R","Strike_R","Strike_R","Strike_R","Strike_R","Defend_R","Defend_R","Defend_R","Defend_R","Bash","Pommel Strike","Battle Trance","Metallicize","Demon Form+1","Shrug It Off"],"special_seed":0,"relics":["Burning Blood","StoneCalendar","Nunchaku","Strawberry"],"potions_floor_usage":[],"damage_taken":[{"damage":6.0,"enemies":"2 Louse","floor":1.0,"turns":4.0},{"damage":1.0,"enemies":"Cultist","floor":3.0,"turns":3.0},{"damage":7.0,"enemies":"Small Slimes","floor":4.0,"turns":4.0},{"damage":13.0,"enemies":"Red Slaver","floor":5.0,"turns":4.0},{"damage":65.0,"enemies":"Gremlin Nob","floor":6.0,"turns":5.0},{"damage":9.0,"enemies":"Blue Slaver","floor":7.0,"turns":4.0},{"damage":33,"enemies":"Lots of Slimes","floor":11,"turns":5},{"damage":21,"enemies":"Red Slaver","floor":12,"turns":4}],"seed_played":"-727105561394825231","potions_obtained":[{"floor":4.0,"key":"BloodPotion"},{"floor":6.0,"key":"Fire Potion"}],"is_trial":false,"path_per_floor":["M","?","M","M","M","E","M","R","T","R","M","M"],"character_chosen":"IRONCLAD","items_purchased":[],"campfire_rested":1,"item_purchase_floors":[],"current_hp_per_floor":[72,64,69,68,61,10,7,31,38,38,11,0],"gold":194,"neow_bonus":"ONE_RARE_RELIC","is_prod":false,"is_daily":false,"chose_seed":false,"campfire_upgraded":1,"win_rate":0,"timestamp":1559766915,"path_taken":["M","?","M","M","?","E","?","R","T","R","?","M"],"build_version":"2019-01-23","purchased_purges":0,"victory":false,"max_hp_per_floor":[80,80,80,80,80,80,80,80,87,87,87,87],"card_choices":[{"not_picked":["Sword Boomerang","Body Slam","Clash"],"picked":"SKIP","floor":1.0},{"not_picked":["Havoc","Clash"],"picked":"Pommel Strike","floor":3.0},{"not_picked":["Feel No Pain","Shockwave"],"picked":"Battle Trance","floor":4.0},{"not_picked":["Spot Weakness","Warcry"],"picked":"Metallicize","floor":5.0},{"not_picked":["Anger","Whirlwind","Sentinel"],"picked":"SKIP","floor":6.0},{"not_picked":["Power Through","Feel No Pain"],"picked":"Demon Form","floor":7.0},{"not_picked":["Second Wind","Infernal Blade"],"picked":"Shrug It Off","floor":11}],"player_experience":315083,"relics_obtained":[{"floor":6.0,"key":"Nunchaku"},{"floor":9.0,"key":"Strawberry"}],"event_choices":[{"damage_healed":0.0,"max_hp_gain":0.0,"max_hp_loss":0.0,"gold_gain":75.0,"event_name":"FaceTrader","player_choice":"Touch","floor":2.0,"gold_loss":0.0,"damage_taken":8.0}],"is_beta":false,"boss_relics":[],"items_purged_floors":[],"is_endless":false,"potions_floor_spawned":[4,6],"killed_by":"Red Slaver","ascension_level":7}