{"gold_per_floor":[118,132,148,148,6,6,39,39,39,39,57,76,93,109,109,204,204,218,234,96,96,96],"floor_reached":22,"playtime":1421,"items_purged":["Strike_B","Strike_B"],"score":207,"play_id":"cb1be3ea-d248-45fb-8a15-437c96d07e3d","local_time":"20190128173914","is_ascension_mode":true,"campfire_choices":[{"data":"Loop","floor":6,"key":"SMITH"},{"floor":8,"key":"REST"},{"data":"Multi-Cast","floor":10,"key":"SMITH"},{"data":"Creative AI","floor":15,"key":"SMITH"}],"neow_cost":"NONE","seed_source_timestamp":1570148952417123,"circlet_count":0,"master_deck":["Strike_B","Strike_B","Defend_B","Defend_B","Defend_B","Defend_B","Zap","Dualcast","Multi-Cast+1","Leap","Coolheaded","Sweeping Beam","Loop+1","Glacier","Creative AI+1","Skim","Auto Shields","BootSequence","Amplify","Stack","Genetic Algorithm","Ball Lightning","Storm","Redo","Conserve Battery","Heatsinks"],"relics":["Cracked Core","Pocketwatch","Calipers","Symbiotic Virus","Orrery"],"potions_floor_usage":[22],"damage_taken":[{"damage":1,"enemies":"Cultist","floor":1,"turns":3},{"damage":6,"enemies":"2 Louse","floor":2,"turns":2},{"damage":5,"enemies":"Small Slimes","floor":3,"turns":4},{"damage":18,"enemies":"3 Sentries","floor":7,"turns":5},{"damage":1,"enemies":"Looter","floor":11,"turns":3},{"damage":0,"enemies":"Large Slime","floor":12,"turns":2},{"damage":0,"enemies":"Blue Slaver","floor":13,"turns":3},{"damage":4,"enemies":"2 Fungi Beasts","floor":14,"turns":3},{"damage":23,"enemies":"Hexaghost","floor":16,"turns":6},{"damage":0,"enemies":"Chosen","floor":18,"turns":4},{"damage":30,"enemies":"Spheric Guardian","floor":19,"turns":7},{"damage":47,"enemies":"Cultist and Chosen","floor":22,"turns":4}],"seed_played":"4057636697363576847","potions_obtained":[{"floor":3,"key":"Weak Potion"},{"floor":7,"key":"Poison Potion"},{"floor":14,"key":"FearPotion"},{"floor":16,"key":"SkillPotion"}],"is_trial":false,"path_per_floor":["M","M","M","T","$","R","E","R","T","R","M","M","M","M","R","B",null,"M","M","$","?","M"],"character_chosen":"DEFECT","items_purchased":["Loop","Heatsinks"],"campfire_rested":1,"item_purchase_floors":[5,20],"current_hp_per_floor":[74,68,63,63,63,63,45,67,67,67,66,66,66,62,62,39,75,75,45,45,45,0],"gold":96,"neow_bonus":"ONE_RANDOM_RARE_CARD","is_prod":false,"is_daily":false,"chose_seed":false,"campfire_upgraded":3,"win_rate":0,"timestamp":1548715154,"path_taken":["M","?","M","?","$","R","E","R","T","R","M","M","?","M","R","BOSS","M","M","$","?","M"],"build_version":"2019-01-23","purchased_purges":2,"victory":false,"max_hp_per_floor":[75,75,75,75,75,75,75,75,75,75,75,75,75,75,75,75,75,75,75,75,75,75],"card_choices":[{"not_picked":["Barrage","Conserve Battery"],"picked":"Leap","floor":1},{"not_picked":["Compile Driver","Sunder"],"picked":"Coolheaded","floor":2},{"not_picked":["Streamline","Beam Cell"],"picked":"Sweeping Beam","floor":3},{"not_picked":["Chill","Beam Cell"],"picked":"Glacier","floor":7},{"not_picked":["Defragment","Self Repair"],"picked":"Creative AI","floor":11},{"not_picked":["Stack","Tempest"],"picked":"Skim","floor":12},{"not_picked":["Gash","Undo"],"picked":"Auto Shields","floor":13},{"not_picked":["Beam Cell","Ball Lightning"],"picked":"BootSequence","floor":14},{"not_picked":["All For One","Thunder Strike"],"picked":"Amplify","floor":16},{"not_picked":["Cold Snap","Gash"],"picked":"Stack","floor":17},{"not_picked":["Rebound","Gash"],"picked":"Genetic Algorithm","floor":17},{"not_picked":["Sunder","Turbo"],"picked":"Ball Lightning","floor":17},{"not_picked":["White Noise","Consume"],"picked":"Storm","floor":17},{"not_picked":["Gash","FTL"],"picked":"Redo","floor":18},{"not_picked":["Rip and Tear","All For One"],"picked":"Conserve Battery","floor":19}],"player_experience":110892,"relics_obtained":[{"floor":4,"key":"Pocketwatch"},{"floor":7,"key":"Calipers"},{"floor":9,"key":"Symbiotic Virus"}],"event_choices":[{"damage_healed":0,"gold_gain":0,"player_choice":"Bought 0 Potions","damage_taken":0,"max_hp_gain":0,"max_hp_loss":0,"event_name":"The Woman in Blue","floor":21,"gold_loss":0}],"is_beta":false,"boss_relics":[{"not_picked":["Black Star","Lizard Tail"],"picked":"Orrery"}],"items_purged_floors":[5,20],"is_endless":false,"potions_floor_spawned":[3,7,14,16,18,19],"killed_by":"Cultist and Chosen","ascension_level":2}