{"gold_per_floor":[110,123,73,73,34,34,55,55,55,78,119,119,119,134,134,259,322,345,359,384,239,329,365,389,389],"floor_reached":25,"playtime":982,"items_purged":["Strike_G"],"score":223,"play_id":"1be55e5e-6cbc-48c1-8f67-e48ba7123740","local_time":"20190318002915","is_ascension_mode":false,"campfire_choices":[{"data":"Dagger Spray","floor":6,"key":"SMITH"},{"data":"Leg Sweep","floor":8,"key":"SMITH"},{"data":"Neutralize","floor":13,"key":"SMITH"},{"floor":15,"key":"REST"}],"neow_cost":"NONE","seed_source_timestamp":356611759799569,"circlet_count":0,"master_deck":["Defend_G","Defend_G","Defend_G","Defend_G","Defend_G","Strike_G","Strike_G","Strike_G","Survivor","Neutralize+1","Quick Slash","Dagger Spray+1","Dash+1","Leg Sweep+1","After Image","Slice+1","Malaise","Deflect","Blur","Quick Slash+1","Slice","Footwork","Panacea","Cloak And Dagger+1"],"relics":["Ring of the Snake","Golden Idol","Ancient Tea Set","Pen Nib","Tiny House","Matryoshka"],"potions_floor_usage":[],"damage_taken":[{"damage":5,"enemies":"2 Louse","floor":1,"turns":4},{"damage":2,"enemies":"Jaw Worm","floor":2,"turns":3},{"damage":0,"enemies":"Small Slimes","floor":7,"turns":3},{"damage":8,"enemies":"Gremlin Gang","floor":10,"turns":2},{"damage":5,"enemies":"Lagavulin","floor":11,"turns":9},{"damage":0,"enemies":"Blue Slaver","floor":14,"turns":4},{"damage":56,"enemies":"Slime Boss","floor":16,"turns":16},{"damage":0,"enemies":"3 Byrds","floor":18,"turns":6},{"damage":1,"enemies":"Shell Parasite","floor":19,"turns":9},{"damage":9,"enemies":"Snake Plant","floor":20,"turns":9},{"damage":18,"enemies":"Book of Stabbing","floor":23,"turns":10},{"damage":14,"enemies":"Snecko","floor":24,"turns":8},{"damage":0,"enemies":"3 Cultists","floor":25,"turns":1}],"seed_played":"8887307399777173874","potions_obtained":[{"floor":2,"key":"Dexterity Potion"},{"floor":11,"key":"Swift Potion"},{"floor":14,"key":"GhostInAJar"},{"floor":17,"key":"FearPotion"}],"is_trial":false,"path_per_floor":["M","M","?","?","$","R","M","R","T","M","E","?","R","M","R","B",null,"M","M","M","$","?","E","M","M"],"character_chosen":"THE_SILENT","items_purchased":["Dash","Footwork"],"campfire_rested":1,"item_purchase_floors":[5,21],"current_hp_per_floor":[72,70,70,51,51,51,51,51,51,43,38,38,38,38,61,5,82,82,81,72,72,48,30,16,16],"gold":389,"neow_bonus":"TEN_PERCENT_HP_BONUS","is_prod":false,"is_daily":false,"chose_seed":false,"campfire_upgraded":3,"win_rate":0,"timestamp":1552836555,"path_taken":["M","M","?","?","?","R","M","R","T","M","E","?","R","?","R","BOSS","M","M","M","$","?","E","M","?"],"build_version":"2019-01-23","purchased_purges":1,"victory":false,"max_hp_per_floor":[77,77,77,77,77,77,77,77,77,77,77,77,77,77,77,77,82,82,82,82,82,82,82,82,82],"card_choices":[{"not_picked":["Outmaneuver","Poisoned Stab"],"picked":"Quick Slash","floor":1},{"not_picked":["Blade Dance","Dagger Throw"],"picked":"Dagger Spray","floor":2},{"not_picked":["Quick Slash","Deadly Poison"],"picked":"Leg Sweep","floor":7},{"not_picked":["Underhanded Strike","Dash"],"picked":"After Image","floor":10},{"not_picked":["Catalyst","Setup","A Thousand Cuts"],"picked":"SKIP","floor":11},{"not_picked":["Prepared","Tactician"],"picked":"Slice","floor":14},{"not_picked":["A Thousand Cuts","Corpse Explosion"],"picked":"Malaise","floor":16},{"not_picked":["Acrobatics","Slice"],"picked":"Deflect","floor":17},{"not_picked":["Dagger Spray","Escape Plan"],"picked":"Blur","floor":18},{"not_picked":["Deadly Poison+1","Predator+1"],"picked":"Quick Slash+1","floor":19},{"not_picked":["Terror","Sucker Punch"],"picked":"Slice","floor":20},{"not_picked":["Sucker Punch","Slice"],"picked":"Cloak And Dagger+1","floor":23},{"not_picked":["Quick Slash","Dodge and Roll+1","Crippling Poison+1"],"picked":"SKIP","floor":24}],"player_experience":304484,"relics_obtained":[{"floor":9,"key":"Ancient Tea Set"},{"floor":11,"key":"Pen Nib"},{"floor":23,"key":"Matryoshka"}],"event_choices":[{"cards_removed":["Strike_G"],"damage_healed":0,"gold_gain":0,"player_choice":"Card Removal","damage_taken":0,"max_hp_gain":0,"max_hp_loss":0,"event_name":"The Cleric","floor":3,"gold_loss":50},{"damage_healed":0,"gold_gain":0,"player_choice":"Take Damage","damage_taken":19,"relics_obtained":["Golden Idol"],"max_hp_gain":0,"max_hp_loss":0,"event_name":"Golden Idol","floor":4,"gold_loss":0},{"damage_healed":0,"gold_gain":0,"player_choice":"Upgraded","damage_taken":0,"max_hp_gain":0,"max_hp_loss":0,"event_name":"Upgrade Shrine","floor":12,"gold_loss":0,"cards_upgraded":["Dash"]},{"damage_healed":0,"gold_gain":90,"player_choice":"CARD GOLD ","damage_taken":24,"max_hp_gain":0,"max_hp_loss":0,"event_name":"Knowing Skull","floor":22,"potions_obtained":[],"gold_loss":0,"cards_obtained":["Panacea"]}],"is_beta":false,"boss_relics":[{"not_picked":["Black Star","Fusion Hammer"],"picked":"Tiny House"}],"items_purged_floors":[21],"is_endless":false,"potions_floor_spawned":[2,11,14,23],"killed_by":"3 Cultists","ascension_level":0}