{"gold_per_floor":[114,189,189,199,1,1,33,48,48,74,74,84,84,84,84,157,157,169,169,169,182,182],"floor_reached":22,"playtime":462,"items_purged":["Strike_B"],"score":423,"play_id":"b3fe9ad9-f89f-45b8-9680-368a12102927","local_time":"20190605192225","is_ascension_mode":true,"campfire_choices":[{"data":"Static Discharge","floor":6,"key":"SMITH"},{"data":"Loop","floor":13,"key":"SMITH"},{"data":"Zap","floor":15,"key":"SMITH"}],"neow_cost":"NONE","seed_source_timestamp":46962815536654,"circlet_count":0,"master_deck":["AscendersBane","Strike_B+1","Strike_B+1","Defend_B+1","Defend_B+1","Defend_B+1","Defend_B+1","Zap+1","Dualcast","Doom and Gloom","Static Discharge+1","Loop+1","Electrodynamics","Core Surge","Doom and Gloom","Fusion"],"relics":["Cracked Core","NeowsBlessing","Juzu Bracelet","Singing Bowl","Kunai","Snecko Eye"],"potions_floor_usage":[22,22],"damage_taken":[{"damage":0,"enemies":"Small Slimes","floor":1,"turns":1},{"damage":0,"enemies":"Jaw Worm","floor":4,"turns":1},{"damage":0,"enemies":"Lagavulin","floor":7,"turns":2},{"damage":7,"enemies":"2 Louse","floor":8,"turns":2},{"damage":8,"enemies":"Gremlin Nob","floor":10,"turns":3},{"damage":12,"enemies":"2 Fungi Beasts","floor":12,"turns":2},{"damage":22,"enemies":"Hexaghost","floor":16,"turns":5},{"damage":1,"enemies":"Spheric Guardian","floor":18,"turns":3},{"damage":21,"enemies":"Shell Parasite","floor":21,"turns":2},{"damage":18,"enemies":"Snake Plant","floor":22,"turns":3}],"seed_played":"-6719035866999753994","potions_obtained":[{"floor":10,"key":"FearPotion"},{"floor":12,"key":"Dexterity Potion"}],"is_trial":false,"path_per_floor":["M","?","?","M","$","R","E","M","T","E","?","M","R","?","R","B",null,"M","?","?","M","M"],"character_chosen":"DEFECT","items_purchased":["Doom and Gloom","Static Discharge"],"campfire_rested":0,"item_purchase_floors":[5,5],"current_hp_per_floor":[64,53,53,53,53,53,53,46,46,38,61,51,51,29,29,7,57,56,56,35,14,0],"gold":182,"neow_bonus":"THREE_ENEMY_KILL","is_prod":false,"is_daily":false,"chose_seed":false,"campfire_upgraded":3,"win_rate":0,"timestamp":1559787745,"path_taken":["M","?","?","M","$","R","E","M","T","E","?","M","R","?","R","BOSS","M","?","?","M","M"],"build_version":"2019-01-23","purchased_purges":1,"victory":false,"max_hp_per_floor":[71,71,71,71,71,71,71,71,71,71,71,73,73,73,73,73,73,73,73,78,78,78],"card_choices":[{"not_picked":["Cold Snap","Leap","Rebound"],"picked":"SKIP","floor":1},{"not_picked":["Go for the Eyes","Rebound","Chill"],"picked":"SKIP","floor":4},{"not_picked":["Hologram","Capacitor"],"picked":"Loop","floor":7},{"not_picked":["Stack","Go for the Eyes","Auto Shields"],"picked":"SKIP","floor":8},{"not_picked":["Beam Cell","Reinforced Body"],"picked":"Electrodynamics","floor":10},{"not_picked":["Sweeping Beam","Rebound","Redo"],"picked":"Singing Bowl","floor":12},{"not_picked":["Seek","Reboot"],"picked":"Core Surge","floor":16},{"not_picked":["FTL","Redo"],"picked":"Doom and Gloom","floor":18},{"not_picked":["Turbo+1","Barrage+1"],"picked":"Fusion","floor":21}],"player_experience":832367,"relics_obtained":[{"floor":7,"key":"Juzu Bracelet"},{"floor":9,"key":"Singing Bowl"},{"floor":10,"key":"Kunai"}],"event_choices":[{"damage_healed":0,"gold_gain":75,"player_choice":"Gather Gold","damage_taken":11,"max_hp_gain":0,"max_hp_loss":0,"event_name":"World of Goop","floor":2,"gold_loss":0},{"cards_removed":["Strike_B"],"damage_healed":0,"gold_gain":0,"player_choice":"Forget","damage_taken":0,"max_hp_gain":0,"max_hp_loss":0,"event_name":"Living Wall","floor":3,"gold_loss":0},{"damage_healed":23,"gold_gain":0,"player_choice":"Banana","damage_taken":0,"max_hp_gain":0,"max_hp_loss":0,"event_name":"Big Fish","floor":11,"gold_loss":0},{"damage_healed":0,"gold_gain":0,"player_choice":"Entered Light","damage_taken":22,"max_hp_gain":0,"max_hp_loss":0,"event_name":"Shining Light","floor":14,"gold_loss":0,"cards_upgraded":["Strike_B","Defend_B"]},{"damage_healed":0,"gold_gain":0,"player_choice":"Simplicity","damage_taken":0,"max_hp_gain":0,"max_hp_loss":0,"event_name":"Back to Basics","floor":19,"gold_loss":0,"cards_upgraded":["Strike_B","Defend_B","Defend_B","Defend_B"]},{"damage_healed":0,"gold_gain":0,"player_choice":"Shed Blood","damage_taken":26,"max_hp_gain":5,"max_hp_loss":0,"event_name":"Forgotten Altar","floor":20,"gold_loss":0}],"is_beta":false,"boss_relics":[{"not_picked":["Eternal Feather","Sozu"],"picked":"Snecko Eye"}],"items_purged_floors":[5],"is_endless":false,"potions_floor_spawned":[10,12,16,21],"killed_by":"Snake Plant","ascension_level":19}