{"gold_per_floor":[114,114,130,149,161,177,177,187,214,214,226,226,290,305,305,305],"floor_reached":16,"playtime":470,"items_purged":[],"score":96,"play_id":"22b246c5-2d74-4e96-8803-ed0f95fce5fa","local_time":"20190321174140","is_ascension_mode":false,"campfire_choices":[{"data":"Perfected Strike","floor":7.0,"key":"SMITH"},{"data":"Wild Strike","floor":10.0,"key":"SMITH"},{"data":"Perfected Strike","floor":12.0,"key":"SMITH"},{"data":"Inflame","floor":15.0,"key":"SMITH"}],"neow_cost":"NONE","seed_source_timestamp":678151308913361,"circlet_count":0,"master_deck":["Strike_R","Strike_R","Strike_R","Strike_R","Strike_R","Defend_R","Defend_R","Defend_R","Bash","Evolve","Wild Strike+1","Combust","Pommel Strike","Perfected Strike+1","Inflame+1","Perfected Strike+1","Disarm"],"special_seed":0,"relics":["Burning Blood","Omamori","Prayer Wheel"],"potions_floor_usage":[16],"damage_taken":[{"damage":0.0,"enemies":"Small Slimes","floor":1.0,"turns":3.0},{"damage":11.0,"enemies":"Jaw Worm","floor":3.0,"turns":2.0},{"damage":1.0,"enemies":"Cultist","floor":4.0,"turns":3.0},{"damage":16.0,"enemies":"Blue Slaver","floor":5.0,"turns":4.0},{"damage":44.0,"enemies":"Gremlin Gang","floor":6.0,"turns":5.0},{"damage":13.0,"enemies":"3 Louse","floor":8.0,"turns":3.0},{"damage":4.0,"enemies":"2 Fungi Beasts","floor":11.0,"turns":3.0},{"damage":22.0,"enemies":"3 Sentries","floor":13.0,"turns":5.0},{"damage":10.0,"enemies":"Looter","floor":14.0,"turns":2.0},{"damage":8,"enemies":"Hexaghost","floor":16,"turns":7}],"seed_played":"6496459874775933096","potions_obtained":[{"floor":1.0,"key":"EssenceOfSteel"},{"floor":3.0,"key":"Swift Potion"},{"floor":4.0,"key":"PowerPotion"},{"floor":14.0,"key":"Poison Potion"}],"is_trial":false,"path_per_floor":["M","?","M","M","M","M","R","M","T","R","M","R","?","M","R","B"],"character_chosen":"IRONCLAD","items_purchased":[],"campfire_rested":0,"item_purchase_floors":[],"current_hp_per_floor":[88,81,76,81,71,33,33,26,26,26,28,28,12,8,8,0],"gold":305,"neow_bonus":"TEN_PERCENT_HP_BONUS","is_prod":false,"is_daily":false,"chose_seed":false,"campfire_upgraded":4,"win_rate":0,"timestamp":1553157700,"path_taken":["M","?","M","M","M","M","R","M","T","R","M","R","?","M","R","BOSS"],"build_version":"2019-01-23","purchased_purges":0,"victory":false,"max_hp_per_floor":[88,88,88,88,88,88,88,88,88,88,88,88,88,88,88,88],"card_choices":[{"not_picked":["Entrench","Warcry"],"picked":"Evolve","floor":1.0},{"not_picked":["Warcry","Headbutt"],"picked":"Wild Strike","floor":3.0},{"not_picked":["Havoc","Iron Wave"],"picked":"Combust","floor":4.0},{"not_picked":["Flex","Anger"],"picked":"Pommel Strike","floor":5.0},{"not_picked":["Havoc","Pummel"],"picked":"Perfected Strike","floor":6.0},{"not_picked":["Rage","Sword Boomerang"],"picked":"Inflame","floor":8.0},{"not_picked":["Impervious","Infernal Blade"],"picked":"Perfected Strike","floor":11.0},{"not_picked":["True Grit","Searing Blow"],"picked":"Disarm","floor":14.0},{"not_picked":["Clash","Anger","Iron Wave"],"picked":"SKIP","floor":14.0}],"player_experience":348132,"relics_obtained":[{"floor":9.0,"key":"Omamori"},{"floor":13.0,"key":"Prayer Wheel"}],"event_choices":[{"cards_removed":["Defend_R"],"damage_healed":0.0,"max_hp_gain":0.0,"max_hp_loss":0.0,"gold_gain":0.0,"event_name":"Golden Wing","player_choice":"Card Removal","floor":2.0,"gold_loss":0.0,"damage_taken":7.0},{"damage_healed":0.0,"max_hp_gain":0.0,"max_hp_loss":0.0,"gold_gain":0.0,"event_name":"Dead Adventurer","player_choice":"Searched \u00272\u0027 times","floor":13.0,"gold_loss":0.0,"damage_taken":0.0}],"is_beta":false,"boss_relics":[],"items_purged_floors":[],"is_endless":false,"potions_floor_spawned":[1,3,4,14],"killed_by":"Hexaghost","ascension_level":0}