{"gold_per_floor":[112,130,145,156,170,196,196,211,211,176,176,194,225,236,236,339,339,352,39,39,39,56,85,85,104,129,129,157,157,169,183,183,279,279,289,289,299,313,333,359,359,359,359,378,229,229,248,274,274,274],"floor_reached":51,"playtime":3129,"items_purged":["Zap","Parasite"],"score":931,"play_id":"df1a2b72-ecac-4ce4-bef8-2dcf81b29e2a","local_time":"20190526000733","is_ascension_mode":true,"campfire_choices":[{"floor":7.0,"key":"REST"},{"data":"Cold Snap","floor":11.0,"key":"SMITH"},{"floor":15.0,"key":"REST"},{"data":"All For One","floor":24.0,"key":"SMITH"},{"floor":29.0,"key":"REST"},{"data":"Buffer","floor":32.0,"key":"SMITH"},{"data":"Seek","floor":41.0,"key":"SMITH"},{"data":"Hologram","floor":46,"key":"SMITH"},{"floor":49,"key":"REST"}],"neow_cost":"NONE","seed_source_timestamp":368123653989000,"circlet_count":0,"master_deck":["Defend_B","Defend_B+1","Defend_B+1","Dualcast","Gash","All For One+1","Beam Cell","Seek+1","Cold Snap+1","Gash","Conserve Battery+1","Go for the Eyes","Buffer+1","Sweeping Beam+1","Loop+1","Genetic Algorithm+1","Beam Cell+1","Redo+1","Capacitor+1","Gash+1","All For One","Coolheaded+1","Swift Strike","Turbo","Ball Lightning+1","Streamline+1","Hologram+1","Scrape+1"],"special_seed":0,"relics":["Cracked Core","Vajra","Bottled Flame","Singing Bowl","DataDisk","Astrolabe","Shuriken","MutagenicStrength","Gremlin Horn","War Paint","Dead Branch","Empty Cage","Ornamental Fan","Incense Burner","Pen Nib"],"potions_floor_usage":[44,44,50],"damage_taken":[{"damage":0.0,"enemies":"Cultist","floor":1.0,"turns":4.0},{"damage":2.0,"enemies":"Jaw Worm","floor":2.0,"turns":3.0},{"damage":2.0,"enemies":"Small Slimes","floor":3.0,"turns":3.0},{"damage":6.0,"enemies":"3 Louse","floor":4.0,"turns":3.0},{"damage":18.0,"enemies":"Lots of Slimes","floor":5.0,"turns":3.0},{"damage":36.0,"enemies":"3 Sentries","floor":6.0,"turns":9.0},{"damage":2.0,"enemies":"Blue Slaver","floor":8.0,"turns":3.0},{"damage":12.0,"enemies":"Exordium Thugs","floor":12.0,"turns":4.0},{"damage":14.0,"enemies":"Gremlin Nob","floor":13.0,"turns":4.0},{"damage":0.0,"enemies":"Large Slime","floor":14.0,"turns":2.0},{"damage":8.0,"enemies":"The Guardian","floor":16.0,"turns":11.0},{"damage":0.0,"enemies":"3 Byrds","floor":18.0,"turns":3.0},{"damage":3.0,"enemies":"Chosen","floor":22.0,"turns":2.0},{"damage":23.0,"enemies":"Book of Stabbing","floor":23.0,"turns":5.0},{"damage":13.0,"enemies":"Shelled Parasite and Fungi","floor":25.0,"turns":3.0},{"damage":0.0,"enemies":"Gremlin Leader","floor":28.0,"turns":4.0},{"damage":0.0,"enemies":"Cultist and Chosen","floor":30.0,"turns":3.0},{"damage":0.0,"enemies":"Chosen and Byrds","floor":31.0,"turns":3.0},{"damage":33.0,"enemies":"Automaton","floor":33.0,"turns":8.0},{"damage":0.0,"enemies":"3 Darklings","floor":35.0,"turns":4.0},{"damage":0.0,"enemies":"Orb Walker","floor":37.0,"turns":2.0},{"damage":8.0,"enemies":"Spire Growth","floor":38.0,"turns":3.0},{"damage":21.0,"enemies":"4 Shapes","floor":39.0,"turns":3.0},{"damage":0.0,"enemies":"Giant Head","floor":40.0,"turns":6.0},{"damage":8,"enemies":"Writhing Mass","floor":44,"turns":6},{"damage":0,"enemies":"Transient","floor":47,"turns":5},{"damage":0,"enemies":"Reptomancer","floor":48,"turns":5},{"damage":17,"enemies":"Awakened One","floor":50,"turns":6}],"seed_played":"-4998311396930149104","potions_obtained":[{"floor":5.0,"key":"SkillPotion"},{"floor":8.0,"key":"SkillPotion"},{"floor":12.0,"key":"Poison Potion"},{"floor":13.0,"key":"PowerPotion"},{"floor":16.0,"key":"Dexterity Potion"},{"floor":23.0,"key":"Explosive Potion"},{"floor":33.0,"key":"AttackPotion"},{"floor":35.0,"key":"SkillPotion"},{"floor":40.0,"key":"FocusPotion"},{"floor":48,"key":"FearPotion"}],"is_trial":false,"path_per_floor":["M","M","M","M","M","E","R","M","T","?","R","M","E","M","R","B",null,"M","$","?","?","M","E","R","M","T","?","E","R","M","M","R","B",null,"M","?","M","M","M","E","R","?","T","M","$","R","M","E","R","B",null],"character_chosen":"DEFECT","items_purchased":["Shuriken","Hologram"],"campfire_rested":4,"item_purchase_floors":[19,45],"current_hp_per_floor":[75,73,71,65,47,11,33,31,31,49,49,37,25,25,48,40,77,77,77,77,77,74,53,53,40,40,40,40,63,65,67,67,34,83,83,83,83,77,58,60,60,60,60,52,52,52,54,54,80,63],"gold":274,"neow_bonus":"RANDOM_COMMON_RELIC","is_prod":false,"is_daily":false,"chose_seed":false,"campfire_upgraded":5,"win_rate":0,"timestamp":1558854453,"path_taken":["M","M","?","M","M","E","R","M","T","?","R","M","E","M","R","BOSS","M","$","?","?","?","E","R","M","T","?","E","R","M","M","R","BOSS","M","?","M","?","M","E","R","?","T","?","$","R","?","E","R","BOSS"],"build_version":"2019-01-23","purchased_purges":2,"victory":true,"max_hp_per_floor":[75,75,75,75,75,75,75,75,75,75,75,75,77,77,77,77,77,77,77,77,77,77,79,79,79,79,79,79,79,81,83,83,83,83,83,83,83,85,87,89,89,89,89,89,86,86,88,88,88,88],"card_choices":[{"not_picked":["Hologram","Barrage"],"picked":"Gash","floor":1.0},{"not_picked":["Steam","Gash"],"picked":"All For One","floor":2.0},{"not_picked":["Aggregate","Go for the Eyes","Rebound"],"picked":"SKIP","floor":3.0},{"not_picked":["Double Energy","Coolheaded"],"picked":"Beam Cell","floor":4.0},{"not_picked":["Scrape","Steam Power"],"picked":"Seek","floor":5.0},{"not_picked":["Go for the Eyes","Chill"],"picked":"Cold Snap","floor":6.0},{"not_picked":["Reprogram","Streamline"],"picked":"Gash","floor":8.0},{"not_picked":["Sweeping Beam","Cold Snap"],"picked":"Conserve Battery","floor":12.0},{"not_picked":["Steam","Redo","Tempest"],"picked":"Singing Bowl","floor":13.0},{"not_picked":["Redo","Cold Snap"],"picked":"Go for the Eyes","floor":14.0},{"not_picked":["Multi-Cast","Thunder Strike"],"picked":"Buffer","floor":16.0},{"not_picked":["Doom and Gloom","Go for the Eyes"],"picked":"Beam Cell+1","floor":18.0},{"not_picked":["Rebound","Beam Cell+1"],"picked":"Redo+1","floor":22.0},{"not_picked":["Fusion","Barrage","Hyperbeam"],"picked":"Singing Bowl","floor":23.0},{"not_picked":["Self Repair","Steam"],"picked":"Capacitor+1","floor":25.0},{"not_picked":["Streamline","Coolheaded"],"picked":"Gash+1","floor":28.0},{"not_picked":["Turbo","Static Discharge+1","BootSequence"],"picked":"Singing Bowl","floor":30.0},{"not_picked":["Redo","Amplify","Sunder"],"picked":"Singing Bowl","floor":31.0},{"not_picked":["Creative AI","Electrodynamics"],"picked":"All For One","floor":33.0},{"not_picked":["Leap","Aggregate+1"],"picked":"Coolheaded+1","floor":35.0},{"not_picked":["Go for the Eyes+1","Capacitor+1"],"picked":"Ball Lightning+1","floor":37.0},{"not_picked":["Undo","Reinforced Body","Stack"],"picked":"Singing Bowl","floor":38.0},{"not_picked":["Aggregate+1","Multi-Cast","Turbo"],"picked":"Singing Bowl","floor":39.0},{"not_picked":["Buffer","Loop+1","Reprogram"],"picked":"Singing Bowl","floor":40.0},{"not_picked":["Sweeping Beam","Lockon+1"],"picked":"Streamline+1","floor":44},{"not_picked":["Sunder","Coolheaded","Aggregate"],"picked":"Singing Bowl","floor":47},{"not_picked":["Double Energy","Cold Snap"],"picked":"Scrape+1","floor":48}],"player_experience":98870,"relics_obtained":[{"floor":6.0,"key":"Bottled Flame"},{"floor":9.0,"key":"Singing Bowl"},{"floor":13.0,"key":"DataDisk"},{"floor":23.0,"key":"Gremlin Horn"},{"floor":26.0,"key":"War Paint"},{"floor":28.0,"key":"Dead Branch"},{"floor":40.0,"key":"Ornamental Fan"},{"floor":43.0,"key":"Incense Burner"},{"floor":48,"key":"Pen Nib"}],"event_choices":[{"damage_healed":18.0,"max_hp_gain":0.0,"max_hp_loss":0.0,"gold_gain":0.0,"event_name":"The Cleric","player_choice":"Healed","floor":10.0,"gold_loss":35.0,"damage_taken":0.0},{"damage_healed":0.0,"max_hp_gain":0.0,"max_hp_loss":0.0,"gold_gain":0.0,"event_name":"Drug Dealer","player_choice":"Inject Mutagens","floor":20.0,"gold_loss":0.0,"damage_taken":0.0,"relics_obtained":["MutagenicStrength"]},{"damage_healed":0.0,"max_hp_gain":0.0,"max_hp_loss":0.0,"gold_gain":0.0,"event_name":"Accursed Blacksmith","player_choice":"Forge","floor":21.0,"gold_loss":0.0,"damage_taken":0.0,"cards_upgraded":["Conserve Battery"]},{"damage_healed":0.0,"max_hp_gain":0.0,"max_hp_loss":0.0,"gold_gain":0.0,"event_name":"Vampires","player_choice":"Ignored","floor":27.0,"gold_loss":0.0,"damage_taken":0.0},{"damage_healed":0.0,"max_hp_gain":0.0,"max_hp_loss":0.0,"gold_gain":0.0,"event_name":"Match and Keep!","player_choice":"2 cards matched","floor":36.0,"gold_loss":0.0,"damage_taken":0.0,"cards_obtained":["Swift Strike","Turbo"]},{"damage_healed":0.0,"max_hp_gain":0.0,"max_hp_loss":0.0,"gold_gain":0.0,"event_name":"Match and Keep!","player_choice":"2 cards matched","floor":36.0,"gold_loss":0.0,"damage_taken":0.0,"cards_obtained":["Swift Strike","Turbo"]},{"damage_healed":0.0,"max_hp_gain":0.0,"max_hp_loss":0.0,"gold_gain":0.0,"event_name":"SecretPortal","player_choice":"Ignored","floor":42.0,"gold_loss":0.0,"damage_taken":0.0}],"is_beta":false,"boss_relics":[{"not_picked":["Orrery","Lizard Tail"],"picked":"Astrolabe"},{"not_picked":["Coffee Dripper","Busted Crown"],"picked":"Empty Cage"}],"items_purged_floors":[19,45],"is_endless":false,"potions_floor_spawned":[5,8,12,13,14,16,18,23,33,35,40,48],"ascension_level":3}