{"gold_per_floor":[118,131,306,306,323,323,358,375,375,385,163,179,193,203,203,203],"floor_reached":16,"playtime":395,"items_purged":["Regret"],"score":131,"play_id":"099d92e7-6db3-4e3d-b68f-33b3f3ea33dc","local_time":"20190603220810","is_ascension_mode":false,"campfire_choices":[{"data":"Feed","floor":6,"key":"SMITH"},{"data":"Feed","floor":15,"key":"SMITH"}],"neow_cost":"NONE","seed_source_timestamp":57231609701117,"circlet_count":0,"master_deck":["Strike_R","Strike_R","Strike_R","Strike_R","Strike_R","Defend_R","Defend_R","Defend_R","Defend_R","Bash","Armaments","Pommel Strike","Doubt","Feed+1","Shrug It Off","Feed+1","Shrug It Off","Cleave"],"relics":["Burning Blood","NeowsBlessing","PreservedInsect","Gremlin Horn","Bag of Preparation"],"potions_floor_usage":[12,16],"damage_taken":[{"damage":0,"enemies":"Cultist","floor":1,"turns":1},{"damage":0,"enemies":"Jaw Worm","floor":2,"turns":1},{"damage":0,"enemies":"2 Louse","floor":5,"turns":1},{"damage":15,"enemies":"Gremlin Nob","floor":7,"turns":3},{"damage":12,"enemies":"2 Fungi Beasts","floor":8,"turns":3},{"damage":19,"enemies":"Blue Slaver","floor":10,"turns":3},{"damage":5,"enemies":"Looter","floor":12,"turns":4},{"damage":13,"enemies":"Exordium Wildlife","floor":13,"turns":6},{"damage":21,"enemies":"Exordium Thugs","floor":14,"turns":5},{"damage":56,"enemies":"Hexaghost","floor":16,"turns":12}],"seed_played":"6818151889815256669","potions_obtained":[{"floor":2,"key":"SmokeBomb"},{"floor":5,"key":"Poison Potion"},{"floor":13,"key":"Swift Potion"}],"is_trial":false,"path_per_floor":["M","M","?","?","M","R","E","M","T","M","$","M","M","M","R","B"],"character_chosen":"IRONCLAD","items_purchased":["Feed"],"campfire_rested":0,"item_purchase_floors":[11],"current_hp_per_floor":[80,80,80,80,80,80,75,73,73,64,64,65,66,55,55,0],"gold":203,"neow_bonus":"THREE_ENEMY_KILL","is_prod":false,"is_daily":false,"chose_seed":false,"campfire_upgraded":2,"win_rate":0,"timestamp":1559592490,"path_taken":["M","M","?","?","?","R","E","M","T","M","$","M","?","M","R","BOSS"],"build_version":"2019-01-23","purchased_purges":1,"victory":false,"max_hp_per_floor":[80,80,80,80,80,80,84,88,88,92,92,92,100,104,104,104],"card_choices":[{"not_picked":["Heavy Blade","Wild Strike"],"picked":"Armaments","floor":1},{"not_picked":["Headbutt","Wild Strike"],"picked":"Pommel Strike","floor":2},{"not_picked":["Heavy Blade","Flex"],"picked":"Feed","floor":5},{"not_picked":["Second Wind","Wild Strike","Clothesline"],"picked":"SKIP","floor":7},{"not_picked":["Twin Strike","True Grit"],"picked":"Shrug It Off","floor":8},{"not_picked":["Body Slam","Wild Strike","Iron Wave"],"picked":"SKIP","floor":10},{"not_picked":["Body Slam","Whirlwind"],"picked":"Shrug It Off","floor":12},{"not_picked":["Perfected Strike","Heavy Blade"],"picked":"Cleave","floor":13},{"not_picked":["Iron Wave","Twin Strike","Second Wind"],"picked":"SKIP","floor":14}],"player_experience":297731,"relics_obtained":[{"floor":7,"key":"Gremlin Horn"},{"floor":9,"key":"Bag of Preparation"}],"event_choices":[{"damage_healed":0,"gold_gain":175,"player_choice":"AGREE","damage_taken":0,"max_hp_gain":0,"max_hp_loss":0,"event_name":"Liars Game","floor":3,"gold_loss":0,"cards_obtained":["Doubt"]},{"damage_healed":0,"gold_gain":0,"player_choice":"Box","damage_taken":0,"relics_obtained":["PreservedInsect"],"max_hp_gain":0,"max_hp_loss":0,"event_name":"Big Fish","floor":4,"gold_loss":0,"cards_obtained":["Regret"]}],"is_beta":false,"boss_relics":[],"items_purged_floors":[11],"is_endless":false,"potions_floor_spawned":[2,5,13],"killed_by":"Hexaghost","ascension_level":0}