{"gold_per_floor":[14,14,14,14,40,73,73,73,99,99,117,117,131,145,145,245,245,264,264,274,117,145,145,25,35,35,35,45,71,82,82],"floor_reached":31,"playtime":1389,"items_purged":[],"score":253,"play_id":"d75db32e-d6ba-4526-80ef-83d084aeb3a1","local_time":"20180703210622","is_ascension_mode":false,"campfire_choices":[{"floor":7,"key":"REST"},{"data":"Dagger Spray","floor":10,"key":"SMITH"},{"data":"Neutralize","floor":12,"key":"SMITH"},{"floor":15,"key":"REST"},{"data":"Envenom","floor":23,"key":"SMITH"},{"floor":27,"key":"REST"}],"neow_cost":"NO_GOLD","seed_source_timestamp":122041478159416,"circlet_count":0,"master_deck":["Defend_G","Defend_G","Defend_G","Defend_G","Defend_G","Strike_G","Strike_G","Strike_G","Strike_G","Strike_G","Survivor","Neutralize+1","Crippling Poison","Dagger Spray+1","Cloak And Dagger","Footwork","PiercingWail","Dagger Spray","Adrenaline","Sucker Punch","Envenom+1","Backflip","All Out Attack","Backflip","Terror","Outmaneuver","Backstab","Cloak And Dagger"],"relics":["Ring of the Snake","Ginger","Ancient Tea Set","Dream Catcher","Vajra","Happy Flower","Bag of Preparation","Black Star","Bronze Scales","Red Mask","Bottled Flame","The Specimen","Dead Branch"],"potions_floor_usage":[16,16,18,29,31],"damage_taken":[{"damage":0,"enemies":"2 Louse","floor":1,"turns":2},{"damage":38,"enemies":"Gremlin Nob","floor":6,"turns":6},{"damage":0,"enemies":"Small Slimes","floor":11,"turns":2},{"damage":0,"enemies":"Cultist","floor":13,"turns":2},{"damage":2,"enemies":"2 Fungi Beasts","floor":14,"turns":3},{"damage":39,"enemies":"Hexaghost","floor":16,"turns":13},{"damage":10,"enemies":"2 Thieves","floor":18,"turns":3},{"damage":0,"enemies":"3 Byrds","floor":20,"turns":3},{"damage":19,"floor":22,"turns":4},{"damage":11,"enemies":"Sentry and Sphere","floor":25,"turns":5},{"damage":0,"enemies":"Snake Plant","floor":28,"turns":4},{"damage":29,"enemies":"Slavers","floor":29,"turns":4},{"damage":8,"enemies":"3 Cultists","floor":30,"turns":3},{"damage":14,"enemies":"Sentry and Sphere","floor":31,"turns":5}],"seed_played":"-7707234831768367876","potions_obtained":[{"floor":6,"key":"Weak Potion"},{"floor":11,"key":"Fire Potion"},{"floor":14,"key":"Regen Potion"},{"floor":22,"key":"Explosive Potion"},{"floor":25,"key":"Ancient Potion"},{"floor":28,"key":"SpeedPotion"}],"is_trial":false,"path_per_floor":["M","?","?","?","T","E","R","?","T","R","M","R","M","M","R","B",null,"M","?","M","$","?","R","$","M","T","R","M","E","M"],"character_chosen":"THE_SILENT","items_purchased":["Bronze Scales","Backflip","All Out Attack"],"campfire_rested":3,"item_purchase_floors":[21,24,24],"current_hp_per_floor":[70,70,70,70,70,32,53,46,46,46,46,46,46,44,65,41,70,60,60,60,60,41,41,41,30,30,51,51,22,14,0],"gold":82,"neow_bonus":"ONE_RARE_RELIC","is_prod":false,"is_daily":false,"chose_seed":false,"campfire_upgraded":3,"win_rate":0,"timestamp":1530644782,"path_taken":["M","?","?","?","?","E","R","?","T","R","M","R","M","M","R","BOSS","M","?","?","$","?","R","$","M","T","R","M","E","M","M"],"build_version":"2018-06-28","purchased_purges":0,"victory":false,"max_hp_per_floor":[70,70,70,70,70,70,70,70,70,70,70,70,70,70,70,70,70,70,70,70,70,70,70,70,70,70,70,70,70,70,70],"card_choices":[{"not_picked":["PiercingWail","Endless Agony"],"picked":"Crippling Poison","floor":1},{"not_picked":["Quick Slash","Outmaneuver"],"picked":"Dagger Spray","floor":6},{"not_picked":["Poisoned Stab","Eviscerate"],"picked":"Cloak And Dagger","floor":7},{"not_picked":["Bane","Acrobatics","Eviscerate"],"picked":"SKIP","floor":11},{"not_picked":["Tactician","PiercingWail"],"picked":"Footwork","floor":13},{"not_picked":["Blade Dance","Predator"],"picked":"PiercingWail","floor":14},{"not_picked":["Flying Knee","Dodge and Roll"],"picked":"Dagger Spray","floor":15},{"not_picked":["Tactician","Night Terror"],"picked":"Adrenaline","floor":16},{"not_picked":["Outmaneuver","Deadly Poison","Poisoned Stab"],"picked":"SKIP","floor":18},{"not_picked":["Acrobatics+1","Dagger Throw"],"picked":"Sucker Punch","floor":20},{"not_picked":["Quick Slash","Dagger Spray+1"],"picked":"Envenom","floor":22},{"not_picked":["PiercingWail","Predator"],"picked":"Backflip","floor":25},{"not_picked":["Predator","Crippling Poison"],"picked":"Terror","floor":27},{"not_picked":["Expertise","PiercingWail+1"],"picked":"Outmaneuver","floor":28},{"not_picked":["Accuracy","Poisoned Stab"],"picked":"Backstab","floor":29},{"not_picked":["Infinite Blades","Crippling Poison"],"picked":"Cloak And Dagger","floor":30}],"player_experience":63766,"relics_obtained":[{"floor":5,"key":"Dream Catcher"},{"floor":6,"key":"Vajra"},{"floor":9,"key":"Bag of Preparation"},{"floor":22,"key":"Red Mask"},{"floor":26,"key":"Bottled Flame"},{"floor":29,"key":"The Specimen"},{"floor":29,"key":"Dead Branch"}],"event_choices":[{"event_name":"The Cleric","player_choice":"Leave","floor":2,"damage_taken":0},{"event_name":"Big Fish","player_choice":"Box","floor":3,"damage_taken":0},{"event_name":"Living Wall","player_choice":"Forget","floor":4,"damage_taken":0},{"event_name":"Scrap Ooze","player_choice":"success","floor":8,"damage_taken":7},{"event_name":"N\u0027loth","player_choice":"Ignored","floor":19,"damage_taken":0},{"event_name":"Masked Bandits","player_choice":"Fought over 117 gold","floor":22,"damage_taken":0}],"boss_relics":[{"not_picked":["Calling Bell","Busted Crown"],"picked":"Black Star"}],"items_purged_floors":[],"is_endless":false,"potions_floor_spawned":[6,11,14,22,25,28],"killed_by":"Sentry and Sphere","ascension_level":0}