{"gold_per_floor":[117,143,68,81,81,115,125,125,125,137,137,156,175,195,195,195],"floor_reached":16,"playtime":282,"items_purged":["Defend_R"],"score":129,"play_id":"faf1666c-8743-4a56-a152-053f02c6321d","local_time":"20190327222454","is_ascension_mode":false,"campfire_choices":[{"data":"Bash","floor":11,"key":"SMITH"},{"data":"Seeing Red","floor":15,"key":"SMITH"}],"neow_cost":"NONE","seed_source_timestamp":522918625061439,"circlet_count":0,"master_deck":["Strike_R","Strike_R","Strike_R","Strike_R","Strike_R","Defend_R","Defend_R","Defend_R","Bash+1","Seeing Red+1","Shrug It Off","Inflame","Headbutt","Uppercut","Reaper","Immolate"],"relics":["Burning Blood","NeowsBlessing","Blood Vial","Unceasing Top","Prayer Wheel"],"potions_floor_usage":[],"damage_taken":[{"damage":0,"enemies":"Cultist","floor":1,"turns":1},{"damage":0,"enemies":"Small Slimes","floor":4,"turns":1},{"damage":0,"enemies":"Gremlin Nob","floor":6,"turns":1},{"damage":9,"enemies":"2 Louse","floor":7,"turns":3},{"damage":1,"enemies":"Exordium Wildlife","floor":10,"turns":3},{"damage":0,"enemies":"Large Slime","floor":12,"turns":5},{"damage":13,"enemies":"Lots of Slimes","floor":13,"turns":5},{"damage":26,"enemies":"2 Fungi Beasts","floor":14,"turns":4},{"damage":0,"enemies":"Slime Boss","floor":16,"turns":1}],"seed_played":"-603983376732998646","potions_obtained":[{"floor":1,"key":"Weak Potion"},{"floor":6,"key":"LiquidBronze"},{"floor":12,"key":"Strength Potion"}],"is_trial":false,"path_per_floor":["M","T","$","M","?","E","M","?","T","M","R","M","M","M","R","B"],"character_chosen":"IRONCLAD","items_purchased":[],"campfire_rested":0,"item_purchase_floors":[],"current_hp_per_floor":[80,80,80,80,85,85,82,79,79,85,85,85,78,60,60,62],"gold":195,"neow_bonus":"THREE_ENEMY_KILL","is_prod":false,"is_daily":false,"chose_seed":false,"campfire_upgraded":2,"win_rate":0,"timestamp":1553693094,"path_taken":["M","?","?","M","?","E","M","?","T","?","R","M","M","M","R","BOSS"],"build_version":"2019-01-23","purchased_purges":1,"victory":false,"max_hp_per_floor":[80,80,80,80,85,85,85,85,85,85,85,85,85,85,85,85],"card_choices":[{"not_picked":["Shockwave","Rupture"],"picked":"Seeing Red","floor":1},{"not_picked":["Thunderclap","Warcry"],"picked":"Shrug It Off","floor":4},{"not_picked":["Corruption","Wild Strike"],"picked":"Inflame","floor":6},{"not_picked":["Pommel Strike","Whirlwind"],"picked":"Headbutt","floor":7},{"not_picked":["Clash","Havoc","Shrug It Off"],"picked":"SKIP","floor":10},{"not_picked":["Clothesline","Shrug It Off","Heavy Blade"],"picked":"SKIP","floor":10},{"not_picked":["Shockwave","Bloodletting","Rampage"],"picked":"SKIP","floor":12},{"not_picked":["Dual Wield","Headbutt","Armaments"],"picked":"SKIP","floor":12},{"not_picked":["Combust","Iron Wave"],"picked":"Uppercut","floor":13},{"not_picked":["Twin Strike","Anger","Pommel Strike"],"picked":"SKIP","floor":13},{"not_picked":["Iron Wave","Anger"],"picked":"Reaper","floor":14},{"not_picked":["Warcry","Thunderclap"],"picked":"Immolate","floor":14}],"player_experience":370893,"relics_obtained":[{"floor":2,"key":"Blood Vial"},{"floor":6,"key":"Unceasing Top"}],"event_choices":[{"damage_healed":0,"gold_gain":0,"player_choice":"Donut","damage_taken":0,"max_hp_gain":5,"max_hp_loss":0,"event_name":"Big Fish","floor":5,"gold_loss":0},{"damage_healed":0,"gold_gain":0,"player_choice":"Success","damage_taken":3,"relics_obtained":["Prayer Wheel"],"max_hp_gain":0,"max_hp_loss":0,"event_name":"Scrap Ooze","floor":8,"gold_loss":0}],"is_beta":false,"boss_relics":[],"items_purged_floors":[3],"is_endless":false,"potions_floor_spawned":[1,6,12,13,14],"killed_by":"Slime Boss","ascension_level":0}