{"gold_per_floor":[111,81,6,29,44,44,74,174,174,249,199,199,210,227,227,331,331,342,64,0,16,16,16,16,32,32,52,52,62,62],"floor_reached":30,"playtime":1351,"items_purged":["Strike_B","Strike_B"],"score":304,"play_id":"13050bd0-59df-4ab5-928d-b4f73d98d1d6","local_time":"20190501184905","is_ascension_mode":true,"campfire_choices":[{"data":"Scrape","floor":6,"key":"SMITH"},{"data":"Zap","floor":15,"key":"SMITH"},{"data":"Dualcast","floor":23,"key":"SMITH"}],"neow_cost":"NONE","seed_source_timestamp":132878218378353,"circlet_count":0,"master_deck":["Defend_B","Defend_B","Defend_B","Zap+1","Dualcast+1","Scrape+1","Beam Cell","Go for the Eyes+1","Leap+1","Ball Lightning","Sweeping Beam+1"],"relics":["Cracked Core","NeowsBlessing","Regal Pillow","Juzu Bracelet","Symbiotic Virus","Runic Dome","Membership Card","Frozen Egg 2"],"potions_floor_usage":[13,13,29],"damage_taken":[{"damage":0,"enemies":"2 Louse","floor":1,"turns":1},{"damage":0,"enemies":"Cultist","floor":5,"turns":1},{"damage":0,"enemies":"3 Sentries","floor":7,"turns":1},{"damage":0,"enemies":"Small Slimes","floor":13,"turns":1},{"damage":7,"enemies":"Looter","floor":14,"turns":3},{"damage":30,"enemies":"The Guardian","floor":16,"turns":11},{"damage":15,"enemies":"Shell Parasite","floor":18,"turns":5},{"damage":8,"enemies":"3 Byrds","floor":21,"turns":4},{"damage":15,"enemies":"Snake Plant","floor":25,"turns":3},{"damage":17,"enemies":"Sentry and Sphere","floor":27,"turns":5},{"damage":6,"enemies":"Shelled Parasite and Fungi","floor":29,"turns":4},{"damage":15,"enemies":"Gremlin Leader","floor":30,"turns":2}],"seed_played":"3927819970826375190","potions_obtained":[{"floor":1,"key":"Fire Potion"},{"floor":2,"key":"Weak Potion"},{"floor":2,"key":"GamblersBrew"},{"floor":5,"key":"Fire Potion"},{"floor":27,"key":"PowerPotion"}],"is_trial":false,"path_per_floor":["M","?","$","T","M","R","E","?","T","?","?","?","M","M","R","B",null,"M","$","?","M","?","R","?","M","T","M","?","M","E"],"character_chosen":"DEFECT","items_purchased":["Membership Card","Beam Cell"],"campfire_rested":0,"item_purchase_floors":[19,19],"current_hp_per_floor":[75,75,75,75,75,75,75,75,75,64,64,64,64,57,57,27,75,60,60,60,52,52,52,52,37,37,20,20,14,0],"gold":62,"neow_bonus":"THREE_ENEMY_KILL","is_prod":false,"is_daily":false,"chose_seed":false,"campfire_upgraded":3,"win_rate":0,"timestamp":1556761745,"path_taken":["M","?","$","?","M","R","E","?","T","?","?","?","M","M","R","BOSS","M","$","?","M","?","R","?","M","T","M","?","M","E"],"build_version":"2019-01-23","purchased_purges":2,"victory":false,"max_hp_per_floor":[75,75,75,75,75,75,75,75,75,75,75,75,75,75,75,75,75,75,75,75,75,75,75,75,75,75,75,75,75,75],"card_choices":[{"not_picked":["FTL","Steam"],"picked":"Scrape","floor":1},{"not_picked":["Rebound","Stack","Double Energy"],"picked":"SKIP","floor":5},{"not_picked":["Force Field","Redo","Fission"],"picked":"SKIP","floor":7},{"not_picked":["Sweeping Beam","Glacier","Steam"],"picked":"SKIP","floor":13},{"not_picked":["Rebound","Auto Shields","Heatsinks"],"picked":"SKIP","floor":14},{"not_picked":["Darkness","Recycle","Hologram"],"picked":"SKIP","floor":18},{"not_picked":["Static Discharge","Barrage"],"picked":"Go for the Eyes+1","floor":21},{"not_picked":["Reprogram","Recycle+1"],"picked":"Leap+1","floor":25},{"not_picked":["Redo","Beam Cell"],"picked":"Ball Lightning","floor":27},{"not_picked":["Compile Driver","Hologram+1"],"picked":"Sweeping Beam+1","floor":29}],"player_experience":212089,"relics_obtained":[{"floor":4,"key":"Regal Pillow"},{"floor":7,"key":"Juzu Bracelet"},{"floor":9,"key":"Symbiotic Virus"},{"floor":26,"key":"Frozen Egg 2"}],"event_choices":[{"damage_healed":0,"gold_gain":0,"player_choice":"Bought 2 Potions","damage_taken":0,"max_hp_gain":0,"max_hp_loss":0,"event_name":"The Woman in Blue","floor":2,"gold_loss":0},{"damage_healed":0,"gold_gain":100,"player_choice":"Gold","damage_taken":0,"max_hp_gain":0,"max_hp_loss":0,"event_name":"Wheel of Change","floor":8,"gold_loss":0},{"damage_healed":0,"gold_gain":75,"player_choice":"Gather Gold","damage_taken":11,"max_hp_gain":0,"max_hp_loss":0,"event_name":"World of Goop","floor":10,"gold_loss":0},{"cards_removed":["Strike_B"],"damage_healed":0,"gold_gain":0,"player_choice":"Card Removal","damage_taken":0,"max_hp_gain":0,"max_hp_loss":0,"event_name":"The Cleric","floor":11,"gold_loss":50},{"cards_removed":["Strike_B"],"damage_healed":0,"gold_gain":0,"player_choice":"Forget","damage_taken":0,"max_hp_gain":0,"max_hp_loss":0,"event_name":"Living Wall","floor":12,"gold_loss":0},{"damage_healed":0,"gold_gain":0,"player_choice":"Paid Fearfully","damage_taken":0,"max_hp_gain":0,"max_hp_loss":0,"event_name":"Masked Bandits","floor":20,"gold_loss":64},{"damage_healed":0,"gold_gain":0,"player_choice":"Ignored","damage_taken":0,"max_hp_gain":0,"max_hp_loss":0,"event_name":"The Mausoleum","floor":22,"gold_loss":0},{"cards_removed":["Defend_B"],"damage_healed":0,"gold_gain":0,"player_choice":"Elegance","damage_taken":0,"max_hp_gain":0,"max_hp_loss":0,"event_name":"Back to Basics","floor":24,"gold_loss":0},{"damage_healed":0,"gold_gain":0,"player_choice":"Ignored","damage_taken":0,"max_hp_gain":0,"max_hp_loss":0,"event_name":"Cursed Tome","floor":28,"gold_loss":0}],"is_beta":false,"boss_relics":[{"not_picked":["Ectoplasm","Snecko Eye"],"picked":"Runic Dome"}],"items_purged_floors":[3,19],"is_endless":false,"potions_floor_spawned":[1,5,27],"killed_by":"Gremlin Leader","ascension_level":4}