{"gold_per_floor":[116,116,41,116,116,151,151,162,241,271,271,4,32,44,44,141,141,159,209,35,85,99,3,3,79,79,79,92,110,128,142,142,247,247,264,314,445,513,33,33,33],"floor_reached":41,"playtime":1814,"items_purged":["Regret","Strike_R","Strike_R"],"score":457,"play_id":"258792d3-1b21-4548-9286-1f0ee7bb1067","local_time":"20181120172250","is_ascension_mode":false,"campfire_choices":[{"data":"Anger","floor":7,"key":"SMITH"},{"floor":11,"key":"RECALL"},{"floor":15,"key":"REST"},{"data":"Apotheosis","floor":24,"key":"SMITH"},{"floor":27,"key":"REST"},{"floor":32,"key":"REST"},{"floor":40,"key":"REST"}],"neow_cost":"NONE","seed_source_timestamp":8376183793700,"circlet_count":0,"master_deck":["Strike_R","Strike_R","Strike_R","Defend_R","Defend_R","Defend_R","Defend_R","Bash","Anger+1","Flex","Ghostly Armor+1","Apotheosis+1","Burning Pact","Clash+1","Shrug It Off+1","Fiend Fire+1","Shockwave","Feel No Pain","Ghostly Armor","Warcry","Intimidate+1","Fire Breathing","Clothesline+1","Whirlwind+1","Disarm","Inflame","Juggernaut","Dark Embrace","Pummel+1","Dramatic Entrance+1"],"relics":["Burning Blood","NeowsBlessing","Blood Vial","SsserpentHead","Molten Egg 2","Tiny Chest","Dead Branch","PreservedInsect","Orrery","Ornamental Fan","War Paint","Red Mask","Bottled Lightning","White Beast Statue","Meat on the Bone"],"potions_floor_usage":[18,25,28,33,33,33,33,33,33,38,41],"damage_taken":[{"damage":0,"enemies":"Jaw Worm","floor":1,"turns":1},{"damage":0,"enemies":"Gremlin Nob","floor":6,"turns":1},{"damage":0,"enemies":"2 Louse","floor":8,"turns":1},{"damage":44,"enemies":"3 Sentries","floor":10,"turns":9},{"damage":33,"enemies":"Lagavulin","floor":13,"turns":6},{"damage":0,"enemies":"Cultist","floor":14,"turns":2},{"damage":41,"enemies":"The Guardian","floor":16,"turns":11},{"damage":6,"enemies":"Chosen","floor":18,"turns":3},{"damage":25,"enemies":"2 Thieves","floor":22,"turns":3},{"damage":44,"enemies":"Masked Bandits","floor":25,"turns":4},{"damage":9,"enemies":"Shelled Parasite and Fungi","floor":28,"turns":5},{"damage":15,"enemies":"Snake Plant","floor":29,"turns":5},{"damage":7,"enemies":"Snecko","floor":30,"turns":5},{"damage":8,"enemies":"Centurion and Healer","floor":31,"turns":6},{"damage":59,"enemies":"Collector","floor":33,"turns":9},{"damage":27,"enemies":"3 Darklings","floor":35,"turns":5},{"damage":18,"enemies":"3 Shapes","floor":38,"turns":6},{"damage":85,"enemies":"Giant Head","floor":41,"turns":10}],"seed_played":"5017893835806050982","potions_obtained":[{"floor":8,"key":"SteroidPotion"},{"floor":13,"key":"Energy Potion"},{"floor":22,"key":"Explosive Potion"},{"floor":25,"key":"BloodPotion"},{"floor":29,"key":"FearPotion"},{"floor":31,"key":"EntropicBrew"},{"floor":33,"key":"SneckoOil"},{"floor":35,"key":"Fire Potion"},{"floor":38,"key":"SpeedPotion"}],"is_trial":false,"path_per_floor":["M","?","$","?","?","E","R","M","T","E","R","$","E","M","R","B",null,"M","T","$","?","M","$","R","?","T","R","M","M","M","M","R","B",null,"M","?","T","M","$","R","E"],"character_chosen":"IRONCLAD","items_purchased":["Apotheosis","Burning Pact","Fire Breathing","War Paint","Meat on the Bone","Dramatic Entrance+1"],"campfire_rested":4,"item_purchase_floors":[12,12,20,23,39,39],"current_hp_per_floor":[80,80,80,69,69,77,77,80,80,42,42,42,17,25,49,16,80,80,80,80,65,48,48,48,12,12,37,44,37,38,38,63,12,85,64,64,64,54,54,79,0],"gold":33,"neow_bonus":"THREE_ENEMY_KILL","is_prod":false,"is_daily":false,"chose_seed":false,"campfire_upgraded":2,"win_rate":0,"timestamp":1542730970,"path_taken":["M","?","$","?","?","E","R","M","T","E","R","$","E","M","R","BOSS","M","?","$","?","M","?","R","?","T","R","M","M","M","M","R","BOSS","M","?","?","?","$","R","E"],"build_version":"2018-11-15","purchased_purges":3,"victory":false,"max_hp_per_floor":[80,80,80,80,80,80,80,80,80,80,80,80,80,80,80,80,80,80,80,80,85,85,85,85,85,85,85,85,85,85,85,85,85,85,85,85,85,85,85,85,85],"card_choices":[{"not_picked":["Entrench","Blood for Blood"],"picked":"Anger","floor":1},{"not_picked":["Flame Barrier","Warcry","Dual Wield"],"picked":"SKIP","floor":6},{"not_picked":["Heavy Blade+1","Body Slam+1"],"picked":"Flex","floor":8},{"not_picked":["Barricade","Combust"],"picked":"Ghostly Armor","floor":10},{"not_picked":["Metallicize","Thunderclap+1"],"picked":"Clash+1","floor":13},{"not_picked":["Warcry","Thunderclap+1"],"picked":"Shrug It Off","floor":14},{"not_picked":["Limit Break","Juggernaut"],"picked":"Fiend Fire+1","floor":16},{"not_picked":["Twin Strike+1","Clothesline+1"],"picked":"Shockwave","floor":17},{"not_picked":["Cleave+1","Shrug It Off"],"picked":"Feel No Pain","floor":17},{"not_picked":["Bloodletting","Body Slam+1"],"picked":"Ghostly Armor","floor":17},{"not_picked":["Searing Blow+1","Reckless Charge+1"],"picked":"Warcry","floor":17},{"not_picked":["Thunderclap+1","Battle Trance"],"picked":"Iron Wave+1","floor":17},{"not_picked":["Heavy Blade+1","Flex+1"],"picked":"Intimidate+1","floor":18},{"not_picked":["Wild Strike+1","Sever Soul+1"],"picked":"Clothesline+1","floor":22},{"not_picked":["Cleave+1","Thunderclap+1"],"picked":"Whirlwind+1","floor":25},{"not_picked":["Searing Blow+1","Body Slam+1","Heavy Blade+1"],"picked":"SKIP","floor":28},{"not_picked":["Carnage+1","Rage+1"],"picked":"Disarm","floor":29},{"not_picked":["Clash+1","Body Slam+1"],"picked":"Inflame","floor":30},{"not_picked":["Wild Strike+1","Armaments"],"picked":"Juggernaut","floor":31},{"not_picked":["Fiend Fire+1","Berserk"],"picked":"Dark Embrace","floor":33},{"not_picked":["Cleave+1","Pommel Strike+1"],"picked":"Pummel+1","floor":35},{"not_picked":["Armaments+1","Combust","Clash+1"],"picked":"SKIP","floor":38}],"player_experience":129695,"relics_obtained":[{"floor":6,"key":"Molten Egg 2"},{"floor":9,"key":"Tiny Chest"},{"floor":10,"key":"Dead Branch"},{"floor":13,"key":"PreservedInsect"},{"floor":19,"key":"Ornamental Fan"},{"floor":25,"key":"Red Mask"},{"floor":26,"key":"Bottled Lightning"}],"event_choices":[{"damage_healed":0,"gold_gain":0,"player_choice":"Box","damage_taken":0,"relics_obtained":["Blood Vial"],"max_hp_gain":0,"max_hp_loss":0,"event_name":"Big Fish","floor":2,"gold_loss":0,"cards_obtained":["Regret"]},{"damage_healed":0,"gold_gain":75,"player_choice":"Gather Gold","damage_taken":11,"max_hp_gain":0,"max_hp_loss":0,"event_name":"World of Goop","floor":4,"gold_loss":0},{"damage_healed":0,"gold_gain":0,"player_choice":"Trade","damage_taken":0,"relics_obtained":["SsserpentHead"],"max_hp_gain":0,"max_hp_loss":0,"event_name":"FaceTrader","floor":5,"gold_loss":0},{"damage_healed":0,"gold_gain":0,"player_choice":"Shed Blood","damage_taken":20,"max_hp_gain":5,"max_hp_loss":0,"event_name":"Forgotten Altar","floor":21,"gold_loss":0},{"damage_healed":0,"gold_gain":0,"player_choice":"Fought Bandits","damage_taken":0,"max_hp_gain":0,"max_hp_loss":0,"event_name":"Masked Bandits","floor":25,"gold_loss":0},{"cards_removed":["Iron Wave"],"damage_healed":0,"gold_gain":0,"player_choice":"Removed Attack","damage_taken":0,"max_hp_gain":0,"max_hp_loss":0,"event_name":"Falling","floor":36,"gold_loss":0}],"is_beta":false,"boss_relics":[{"not_picked":["Calling Bell","Runic Dome"],"picked":"Orrery"},{"not_picked":["Coffee Dripper","Snecko Eye"],"picked":"White Beast Statue"}],"items_purged_floors":[3,20,39],"is_endless":false,"potions_floor_spawned":[8,13,22,25,29,31,33,35,38],"killed_by":"Giant Head","ascension_level":0}