{"gold_per_floor":[119,119,119,194,57,84,84,110,190,223,223,235,248,273,273,350,350,366,65,65,78,128,128,157,170,194,194,56,56,86,111,111,183,183,203,221,69,83,129,156,156,189,212,212,226,326,326,326,326,326,326],"floor_reached":52,"playtime":2032,"items_purged":["Strike_R","Strike_R+1"],"score":2515,"play_id":"154fde99-d9ef-47f3-8649-bf3ced53b570","local_time":"20190604143315","is_ascension_mode":true,"campfire_choices":[{"data":"Body Slam","floor":7.0,"key":"SMITH"},{"data":"Barricade","floor":11.0,"key":"SMITH"},{"data":"Havoc","floor":15.0,"key":"SMITH"},{"data":"Entrench","floor":23.0,"key":"SMITH"},{"data":"Evolve","floor":27.0,"key":"SMITH"},{"data":"Body Slam","floor":29.0,"key":"SMITH"},{"data":"Warcry","floor":32.0,"key":"SMITH"},{"data":"Havoc","floor":41,"key":"SMITH"},{"data":"Offering","floor":44,"key":"SMITH"},{"data":"Shockwave","floor":47,"key":"SMITH"},{"data":"Double Tap","floor":49,"key":"SMITH"}],"neow_cost":"NONE","seed_source_timestamp":5721118445495,"circlet_count":0,"master_deck":["AscendersBane","Defend_R+1","Defend_R+1","Defend_R+1","Defend_R+1","Bash+1","Evolve+1","Impervious","Body Slam+1","Shockwave+1","Barricade+1","Entrench+1","Shrug It Off","Havoc+1","Double Tap+1","Power Through","Headbutt+1","Ghostly Armor","Body Slam+1","Shrug It Off","Warcry+1","Offering+1","Immolate","Headbutt+1","Ghostly Armor","Havoc+1","Second Wind","Shrug It Off"],"special_seed":0,"relics":["Burning Blood","NeowsBlessing","Darkstone Periapt","PreservedInsect","Tiny Chest","Strawberry","Centennial Puzzle","Runic Dome","Frozen Eye","Happy Flower","Whetstone","Meat on the Bone","Blood Vial","Empty Cage","Potion Belt","Molten Egg 2","Oddly Smooth Stone","Pen Nib","Thread and Needle","Blue Candle"],"potions_floor_usage":[50,51,51],"damage_taken":[{"damage":0.0,"enemies":"2 Louse","floor":1.0,"turns":1.0},{"damage":0.0,"enemies":"3 Sentries","floor":6.0,"turns":2.0},{"damage":0.0,"enemies":"Gremlin Nob","floor":8.0,"turns":1.0},{"damage":30.0,"enemies":"3 Sentries","floor":10.0,"turns":9.0},{"damage":12.0,"enemies":"Jaw Worm","floor":12.0,"turns":3.0},{"damage":15.0,"enemies":"Cultist","floor":13.0,"turns":5.0},{"damage":0.0,"enemies":"Gremlin Nob","floor":14.0,"turns":3.0},{"damage":5.0,"enemies":"Slime Boss","floor":16.0,"turns":10.0},{"damage":8.0,"enemies":"3 Byrds","floor":18.0,"turns":8.0},{"damage":0.0,"enemies":"2 Thieves","floor":21.0,"turns":5.0},{"damage":5.0,"enemies":"Slavers","floor":24.0,"turns":8.0},{"damage":10.0,"enemies":"Centurion and Healer","floor":25.0,"turns":8.0},{"damage":2.0,"enemies":"Gremlin Leader","floor":30.0,"turns":4.0},{"damage":6.0,"enemies":"Champ","floor":33.0,"turns":6.0},{"damage":6.0,"enemies":"3 Shapes","floor":35.0,"turns":5.0},{"damage":2.0,"enemies":"Orb Walker","floor":36.0,"turns":3.0},{"damage":16,"enemies":"3 Darklings","floor":38,"turns":7},{"damage":14,"enemies":"Nemesis","floor":40,"turns":5},{"damage":9,"enemies":"Giant Head","floor":42,"turns":5},{"damage":6,"enemies":"Spire Growth","floor":45,"turns":4},{"damage":0,"enemies":"Mind Bloom Boss Battle","floor":46,"turns":3},{"damage":0,"enemies":"Donu and Deca","floor":50,"turns":6},{"damage":6,"enemies":"Time Eater","floor":51,"turns":5}],"seed_played":"6868115674680556428","potions_obtained":[{"floor":1.0,"key":"Ancient Potion"},{"floor":8.0,"key":"LiquidBronze"},{"floor":12.0,"key":"Fire Potion"},{"floor":24.0,"key":"SkillPotion"},{"floor":30.0,"key":"Dexterity Potion"},{"floor":33.0,"key":"Dexterity Potion"},{"floor":40,"key":"Swift Potion"},{"floor":46,"key":"GamblersBrew"}],"is_trial":false,"path_per_floor":["M","?","?","?","$","E","R","E","T","E","R","M","M","E","R","B",null,"M","$","?","M","?","R","E","M","T","R","$","R","E","T","R","B",null,"M","M","$","M","T","E","R","E","T","R","M","?","R","T","R","B","B",null],"character_chosen":"IRONCLAD","items_purchased":["Impervious","Body Slam","Frozen Eye","Body Slam","Shrug It Off","Warcry","Havoc"],"campfire_rested":0,"item_purchase_floors":[5,5,19,28,28,28,37],"current_hp_per_floor":[74,74,67,56,56,62,62,68,68,51,51,45,36,42,42,43,72,70,70,70,76,76,76,77,73,73,73,73,73,77,77,77,79,81,82,82,82,72,72,66,66,65,65,65,67,75,75,75,75,82,82],"gold":326,"neow_bonus":"THREE_ENEMY_KILL","is_prod":false,"is_daily":false,"chose_seed":false,"campfire_upgraded":11,"win_rate":0,"timestamp":1559633595,"path_taken":["M","?","?","?","?","E","R","E","T","E","R","M","M","E","R","BOSS","M","$","?","M","?","R","E","?","T","R","$","R","E","?","R","BOSS","M","M","$","M","?","E","R","E","T","R","M","?","R","?","R","BOSS","BOSS"],"build_version":"2019-01-23","purchased_purges":2,"victory":true,"max_hp_per_floor":[75,75,75,75,75,75,75,75,75,82,82,82,82,82,82,82,82,82,82,82,82,82,82,82,82,82,82,82,82,82,82,82,82,82,82,82,82,82,82,82,82,82,82,82,82,82,82,82,82,82,82],"card_choices":[{"not_picked":["Armaments","Pummel"],"picked":"Evolve","floor":1.0},{"not_picked":["Carnage","Dropkick"],"picked":"Shockwave","floor":6.0},{"not_picked":["Shrug It Off","Clothesline"],"picked":"Barricade","floor":8.0},{"not_picked":["Sentinel","Clothesline"],"picked":"Reckless Charge","floor":10.0},{"not_picked":["Metallicize","True Grit"],"picked":"Entrench","floor":12.0},{"not_picked":["Warcry","Pommel Strike"],"picked":"Shrug It Off","floor":13.0},{"not_picked":["Heavy Blade","Body Slam"],"picked":"Havoc","floor":14.0},{"not_picked":["Limit Break","Brutality"],"picked":"Double Tap","floor":16.0},{"not_picked":["Second Wind+1","Wild Strike"],"picked":"Power Through","floor":18.0},{"not_picked":["Searing Blow+1","Fire Breathing","Twin Strike+1"],"picked":"SKIP","floor":21.0},{"not_picked":["Blood for Blood+1","Power Through"],"picked":"Headbutt+1","floor":24.0},{"not_picked":["Iron Wave","Perfected Strike"],"picked":"Ghostly Armor","floor":25.0},{"not_picked":["Seeing Red+1","Carnage"],"picked":"Offering","floor":30.0},{"not_picked":["Reaper","Demon Form"],"picked":"Immolate","floor":33.0},{"not_picked":["Blood for Blood","Heavy Blade"],"picked":"Headbutt+1","floor":35.0},{"not_picked":["Uppercut+1","Heavy Blade"],"picked":"Ghostly Armor","floor":36.0},{"not_picked":["Flex","Headbutt"],"picked":"Second Wind","floor":38},{"not_picked":["Fiend Fire","Sever Soul","Bloodletting"],"picked":"SKIP","floor":40},{"not_picked":["Heavy Blade+1","Infernal Blade+1"],"picked":"Shrug It Off","floor":42},{"not_picked":["Perfected Strike+1","Intimidate","Metallicize+1"],"picked":"SKIP","floor":45}],"player_experience":544589,"relics_obtained":[{"floor":6.0,"key":"Darkstone Periapt"},{"floor":8.0,"key":"PreservedInsect"},{"floor":9.0,"key":"Tiny Chest"},{"floor":10.0,"key":"Strawberry"},{"floor":14.0,"key":"Centennial Puzzle"},{"floor":24.0,"key":"Happy Flower"},{"floor":26.0,"key":"Whetstone"},{"floor":30.0,"key":"Meat on the Bone"},{"floor":31.0,"key":"Blood Vial"},{"floor":39,"key":"Potion Belt"},{"floor":40,"key":"Molten Egg 2"},{"floor":42,"key":"Oddly Smooth Stone"},{"floor":43,"key":"Pen Nib"},{"floor":46,"key":"Thread and Needle"},{"floor":48,"key":"Blue Candle"}],"event_choices":[{"cards_removed":["Strike_R"],"damage_healed":0.0,"max_hp_gain":0.0,"max_hp_loss":0.0,"gold_gain":0.0,"event_name":"Living Wall","player_choice":"Forget","floor":2.0,"gold_loss":0.0,"damage_taken":0.0},{"cards_removed":["Strike_R"],"damage_healed":0.0,"max_hp_gain":0.0,"max_hp_loss":0.0,"gold_gain":0.0,"event_name":"Golden Wing","player_choice":"Card Removal","floor":3.0,"gold_loss":0.0,"damage_taken":7.0},{"damage_healed":0.0,"max_hp_gain":0.0,"max_hp_loss":0.0,"gold_gain":75.0,"event_name":"World of Goop","player_choice":"Gather Gold","floor":4.0,"gold_loss":0.0,"damage_taken":11.0},{"damage_healed":0.0,"max_hp_gain":0.0,"max_hp_loss":0.0,"gold_gain":0.0,"event_name":"Back to Basics","player_choice":"Simplicity","floor":20.0,"gold_loss":0.0,"damage_taken":0.0,"cards_upgraded":["Strike_R","Strike_R","Defend_R","Defend_R","Defend_R","Defend_R"]},{"damage_healed":0.0,"max_hp_gain":0.0,"max_hp_loss":0.0,"gold_gain":50.0,"event_name":"Nest","player_choice":"Stole From Cult","floor":22.0,"gold_loss":0.0,"damage_taken":0.0},{"damage_healed":0,"gold_gain":0,"player_choice":"Fight","damage_taken":0,"max_hp_gain":0,"max_hp_loss":0,"event_name":"MindBloom","floor":46,"gold_loss":0}],"is_beta":false,"boss_relics":[{"not_picked":["Orrery","Runic Cube"],"picked":"Runic Dome"},{"not_picked":["Pandora\u0027s Box","Snecko Eye"],"picked":"Empty Cage"}],"items_purged_floors":[19,37],"is_endless":false,"potions_floor_spawned":[1,8,12,24,30,33,35,40,46],"ascension_level":20}