{"gold_per_floor":[119,119,119,119,133,168,186,209,209,209,233,246,246,260,260,353,353,369,369,369,19,32,46,46,5,32,32,32,70,70,70],"floor_reached":31,"playtime":2256,"items_purged":[],"score":532,"play_id":"ea540b9c-a3d7-4133-b595-210fff06fe93","local_time":"20190527172821","is_ascension_mode":true,"campfire_choices":[{"data":"Buffer","floor":10,"key":"SMITH"},{"data":"Defragment","floor":13,"key":"SMITH"},{"floor":15,"key":"REST"},{"floor":24,"key":"REST"},{"data":"Defragment","floor":28,"key":"SMITH"}],"neow_cost":"NONE","seed_source_timestamp":228517335483210,"circlet_count":0,"master_deck":["AscendersBane","Strike_B","Strike_B","Strike_B","Defend_B","Defend_B+1","Defend_B","Defend_B","Zap+1","Dualcast","Defragment+1","Buffer+1","Hologram+1","Go for the Eyes","Echo Form","Reinforced Body+1","Biased Cognition","Writhe","Thinking Ahead+1","Glacier+1","Defragment+1","Buffer"],"relics":["Cracked Core","NeowsBlessing","Golden Idol","Toxic Egg 2","Bronze Scales","Bottled Tornado","Inserter","War Paint","Kunai","Regal Pillow","Omamori","Strawberry"],"potions_floor_usage":[11,22,29,29],"damage_taken":[{"damage":0,"enemies":"Small Slimes","floor":1,"turns":1},{"damage":0,"enemies":"Jaw Worm","floor":5,"turns":1},{"damage":0,"enemies":"3 Sentries","floor":6,"turns":2},{"damage":6,"enemies":"Cultist","floor":7,"turns":3},{"damage":26,"enemies":"Lots of Slimes","floor":8,"turns":4},{"damage":0,"enemies":"Large Slime","floor":11,"turns":5},{"damage":5,"enemies":"Exordium Wildlife","floor":12,"turns":3},{"damage":10,"enemies":"Red Slaver","floor":14,"turns":4},{"damage":8,"enemies":"The Guardian","floor":16,"turns":14},{"damage":0,"enemies":"Chosen","floor":18,"turns":6},{"damage":30,"enemies":"Shell Parasite","floor":22,"turns":11},{"damage":7,"enemies":"Sentry and Sphere","floor":23,"turns":12},{"damage":6,"enemies":"Book of Stabbing","floor":29,"turns":7},{"damage":69,"enemies":"Gremlin Leader","floor":31,"turns":6}],"seed_played":"4204074687351777243","potions_obtained":[{"floor":8,"key":"SkillPotion"},{"floor":12,"key":"Swift Potion"},{"floor":16,"key":"Weak Potion"},{"floor":23,"key":"SpeedPotion"}],"is_trial":false,"path_per_floor":["M","?","?","T","M","E","M","M","T","R","M","M","R","M","R","B",null,"M","?","T","$","M","M","R","$","T","$","R","E","?","E"],"character_chosen":"DEFECT","items_purchased":["Regal Pillow","Thinking Ahead+1","Defragment"],"campfire_rested":2,"item_purchase_floors":[21,21,25],"current_hp_per_floor":[64,64,64,64,64,64,58,32,32,32,32,27,27,17,36,28,55,55,55,55,55,25,18,52,52,52,52,52,53,67,0],"gold":70,"neow_bonus":"THREE_ENEMY_KILL","is_prod":false,"is_daily":false,"chose_seed":false,"campfire_upgraded":3,"win_rate":0,"timestamp":1559003301,"path_taken":["M","?","?","?","M","E","?","M","T","R","M","M","R","?","R","BOSS","M","?","?","$","M","?","R","$","T","$","R","E","?","E"],"build_version":"2019-01-23","purchased_purges":0,"victory":false,"max_hp_per_floor":[71,64,64,64,64,64,64,64,64,64,64,64,64,64,64,64,64,64,64,64,64,64,64,64,64,64,64,64,71,71,71],"card_choices":[{"not_picked":["Go for the Eyes","Rebound"],"picked":"Defragment","floor":1},{"not_picked":["Rip and Tear","Beam Cell","Barrage"],"picked":"SKIP","floor":5},{"not_picked":["Skim+1","Go for the Eyes"],"picked":"Buffer","floor":6},{"not_picked":["Turbo+1","Leap+1"],"picked":"Hologram+1","floor":7},{"not_picked":["Turbo+1","Melter"],"picked":"Go for the Eyes","floor":8},{"not_picked":["Beam Cell","Compile Driver","Leap+1"],"picked":"SKIP","floor":11},{"not_picked":["Conserve Battery+1","Skim+1"],"picked":"Echo Form","floor":12},{"not_picked":["Melter","Coolheaded+1"],"picked":"Reinforced Body+1","floor":14},{"not_picked":["Reboot+1","Multi-Cast+1"],"picked":"Biased Cognition","floor":16},{"not_picked":["Hello World","Rip and Tear+1","Turbo+1"],"picked":"SKIP","floor":18},{"not_picked":["Genetic Algorithm+1","Stack+1"],"picked":"Glacier+1","floor":22},{"not_picked":["Turbo+1","Tempest+1","Streamline"],"picked":"SKIP","floor":23},{"not_picked":["Rainbow+1","Double Energy+1"],"picked":"Buffer","floor":29}],"player_experience":768500,"relics_obtained":[{"floor":4,"key":"Toxic Egg 2"},{"floor":6,"key":"Bronze Scales"},{"floor":9,"key":"Bottled Tornado"},{"floor":20,"key":"Kunai"},{"floor":26,"key":"Omamori"},{"floor":29,"key":"Strawberry"}],"event_choices":[{"damage_healed":0,"gold_gain":0,"player_choice":"Lose Max HP","damage_taken":0,"relics_obtained":["Golden Idol"],"max_hp_gain":0,"max_hp_loss":7,"event_name":"Golden Idol","floor":2,"gold_loss":0},{"cards_removed":["Strike_B"],"damage_healed":0,"gold_gain":0,"player_choice":"Forget","damage_taken":0,"max_hp_gain":0,"max_hp_loss":0,"event_name":"Living Wall","floor":3,"gold_loss":0},{"damage_healed":0,"gold_gain":0,"player_choice":"Opened","damage_taken":0,"relics_obtained":["War Paint"],"max_hp_gain":0,"max_hp_loss":0,"event_name":"The Mausoleum","floor":19,"gold_loss":0,"cards_obtained":["Writhe"]},{"damage_healed":14,"gold_gain":0,"player_choice":"Heal","damage_taken":0,"max_hp_gain":0,"max_hp_loss":0,"event_name":"The Library","floor":30,"gold_loss":0}],"is_beta":false,"boss_relics":[{"not_picked":["Cursed Key","Lizard Tail"],"picked":"Inserter"}],"items_purged_floors":[],"is_endless":false,"potions_floor_spawned":[8,12,16,18,23],"killed_by":"Gremlin Leader","ascension_level":18}