{"gold_per_floor":[417,433,103,103,103,131,131,142,198,118,151,164,189,205,205,303,303,316,316,316,334,346,346,360,395,395,410,329,354,354,380,380,476,476,488,508,508,196,214,239,239,239,239,124,151,151,163,180,180,281,281,291,95,107,134,150,150,150,150,150,182,194,194,194,18,18,117,117,135,135,135,149,160,194,194,207,241,241,268,67,83,33,33,133,133,144,144,0,16,16,16,43,43,72,85,112,132,132,231,231,247,247,247,263,110,110,142,142,171,91,126,126,156,166,166,266,266,276,276,199,199,225,225,259,259,292,192,223,223,251,262,262,357,357,370,370,225,225,70,70,85,105,139,139,139,164,182,404,404,508,508],"floor_reached":151,"playtime":7681,"items_purged":["Normality"],"score":4994,"play_id":"d2eff069-dc1f-4783-b807-f86c5da59245","local_time":"20180722002436","daily_mods":["Draft","Heirloom","Time Dilation","Elite Swarm"],"is_ascension_mode":false,"campfire_choices":[{"data":"Genetic Algorithm","floor":7.0,"key":"SMITH"},{"data":"Hologram","floor":15.0,"key":"SMITH"},{"data":"Core Surge","floor":23.0,"key":"SMITH"},{"data":"RitualDagger","floor":32.0,"key":"SMITH"},{"data":"Seek","floor":41.0,"key":"SMITH"},{"data":"Redo","floor":46.0,"key":"SMITH"},{"data":"Core Surge","floor":49.0,"key":"SMITH"},{"data":"Glacier","floor":57.0,"key":"SMITH"},{"data":"FTL","floor":63.0,"key":"SMITH"},{"data":"FTL","floor":66.0,"key":"SMITH"},{"data":"Blizzard","floor":75.0,"key":"SMITH"},{"data":"FTL","floor":83.0,"key":"SMITH"},{"data":"BootSequence","floor":91.0,"key":"SMITH"},{"data":"Ball Lightning","floor":93.0,"key":"SMITH"},{"data":"Scrape","floor":106,"key":"SMITH"},{"data":"Core Surge","floor":108,"key":"SMITH"},{"data":"Core Surge","floor":115,"key":"SMITH"},{"data":"FTL","floor":123,"key":"SMITH"},{"data":"FTL","floor":125,"key":"SMITH"},{"data":"Melter","floor":132,"key":"SMITH"},{"data":"Beam Cell","floor":140,"key":"SMITH"},{"data":"Go for the Eyes","floor":149,"key":"SMITH"}],"neow_cost":"","seed_source_timestamp":0,"circlet_count":1,"master_deck":["FTL+1","Beam Cell+1","Ball Lightning+1","Cold Snap","Chill+1","Genetic Algorithm+1","Consume+1","Ball Lightning","Gash","FTL+1","Hologram+1","Rip and Tear","Glacier+1","FTL+1","Seek+1","Melter+1","Buffer+1","Core Surge+1","Rebound+1","Streamline+1","BootSequence+1","Redo+1","Electrodynamics+1","FTL+1","Defragment+1","RitualDagger+1","Amplify+1","Core Surge+1","Redo+1","Buffer+1","Beam Cell+1","Go for the Eyes+1","Biased Cognition+1","Madness+1","Madness+1","Defragment+1","Blizzard+1","Echo Form+1","Electrodynamics+1","Stack+1","Turbo+1","Consume+1","Machine Learning+1","FTL+1","Reboot+1","Secret Technique+1","Buffer+1","Conserve Battery+1","Genetic Algorithm+1","White Noise+1","Reprogram+1","Skim+1","Buffer+1","Blizzard+1","Creative AI+1","RitualDagger+1","Loop+1","Self Repair+1","Machine Learning+1","Hologram+1","Go for the Eyes+1","Coolheaded+1","Go for the Eyes+1","Turbo+1","Madness+1","Madness+1","Fission+1","Reboot+1","Amplify+1","Gash","Ball Lightning+1","Reboot+1","Conserve Battery+1","Leap+1","Genetic Algorithm+1","Scrape+1","Go for the Eyes+1","Core Surge+1","Core Surge+1","Defragment+1","Reboot+1","Coolheaded+1","Parasite","Coolheaded+1","J.A.X.+1","Ghostly+1","Ghostly+1","Ghostly+1","Ghostly+1","Ghostly+1","Storm+1","Panacea+1","Reboot+1","Writhe","BootSequence+1","Storm+1","Storm+1","White Noise+1","Go for the Eyes+1","Aggregate+1","BootSequence+1","Double Energy+1","Blind+1","Seek+1","Aggregate+1"],"special_seed":0,"relics":["FrozenCore","Old Coin","Frozen Egg 2","Vajra","Tiny Chest","Pen Nib","Odd Mushroom","Eternal Feather","Orichalcum","Letter Opener","Bottled Flame","Question Card","Toxic Egg 2","Inserter","Prayer Wheel","DataDisk","Blood Vial","War Paint","Busted Crown","Runic Capacitor","Lantern","Oddly Smooth Stone","DollysMirror","Orrery","Red Mask","Astrolabe","Anchor","Omamori","Strawberry","Calling Bell","Juzu Bracelet","Gremlin Horn","Du-Vu Doll","Nilry\u0027s Codex","Circlet","Regal Pillow","Cursed Key","Bag of Marbles","Centennial Puzzle","Bird Faced Urn","White Beast Statue"],"potions_floor_usage":[97,97,99,126,150,150],"damage_taken":[{"damage":0.0,"enemies":"2 Louse","floor":1.0,"turns":2.0},{"damage":0.0,"enemies":"Cultist","floor":2.0,"turns":2.0},{"damage":5.0,"enemies":"3 Sentries","floor":6.0,"turns":4.0},{"damage":0.0,"enemies":"Small Slimes","floor":8.0,"turns":2.0},{"damage":0.0,"enemies":"Gremlin Nob","floor":11.0,"turns":2.0},{"damage":4.0,"enemies":"Blue Slaver","floor":12.0,"turns":2.0},{"damage":7.0,"floor":13.0,"turns":2.0},{"damage":0.0,"enemies":"Looter","floor":14.0,"turns":2.0},{"damage":5.0,"enemies":"Hexaghost","floor":16.0,"turns":4.0},{"damage":5.0,"enemies":"3 Byrds","floor":18.0,"turns":3.0},{"damage":14.0,"enemies":"2 Thieves","floor":21.0,"turns":2.0},{"damage":4.0,"enemies":"Centurion and Healer","floor":22.0,"turns":2.0},{"damage":0.0,"enemies":"Chosen and Byrds","floor":24.0,"turns":3.0},{"damage":0.0,"enemies":"Gremlin Leader","floor":25.0,"turns":5.0},{"damage":14.0,"enemies":"Slaver and Parasite","floor":27.0,"turns":3.0},{"damage":4.0,"enemies":"Book of Stabbing","floor":29.0,"turns":3.0},{"damage":6.0,"enemies":"Gremlin Leader","floor":31.0,"turns":4.0},{"damage":21.0,"enemies":"Champ","floor":33.0,"turns":7.0},{"damage":3.0,"enemies":"3 Shapes","floor":35.0,"turns":3.0},{"damage":1.0,"enemies":"3 Darklings","floor":36.0,"turns":3.0},{"damage":0.0,"enemies":"Maw","floor":39.0,"turns":7.0},{"damage":26.0,"enemies":"2 Orb Walkers","floor":40.0,"turns":4.0},{"damage":8.0,"enemies":"Nemesis","floor":45.0,"turns":5.0},{"damage":0.0,"enemies":"Transient","floor":47.0,"turns":5.0},{"damage":6.0,"enemies":"Spire Growth","floor":48.0,"turns":4.0},{"damage":1.0,"enemies":"Awakened One","floor":50.0,"turns":11.0},{"damage":0.0,"enemies":"Small Slimes","floor":52.0,"turns":2.0},{"damage":0.0,"enemies":"Cultist","floor":54.0,"turns":2.0},{"damage":0.0,"enemies":"Gremlin Nob","floor":55.0,"turns":2.0},{"damage":0.0,"enemies":"2 Louse","floor":56.0,"turns":1.0},{"damage":1.0,"enemies":"3 Sentries","floor":61.0,"turns":5.0},{"damage":0.0,"enemies":"Large Slime","floor":62.0,"turns":3.0},{"damage":0.0,"enemies":"The Guardian","floor":67.0,"turns":6.0},{"damage":0.0,"enemies":"Shell Parasite","floor":69.0,"turns":4.0},{"damage":20.0,"enemies":"2 Thieves","floor":72.0,"turns":3.0},{"damage":0.0,"enemies":"Sentry and Sphere","floor":73.0,"turns":3.0},{"damage":5.0,"enemies":"Slavers","floor":74.0,"turns":4.0},{"damage":30.0,"enemies":"Slaver and Parasite","floor":76.0,"turns":3.0},{"damage":0.0,"enemies":"Gremlin Leader","floor":77.0,"turns":5.0},{"damage":0.0,"enemies":"Book of Stabbing","floor":79.0,"turns":7.0},{"damage":0.0,"enemies":"Cultist and Chosen","floor":81.0,"turns":4.0},{"damage":0.0,"enemies":"Automaton","floor":84.0,"turns":11.0},{"damage":41.0,"enemies":"3 Darklings","floor":86.0,"turns":5.0},{"damage":6.0,"enemies":"3 Shapes","floor":89.0,"turns":2.0},{"damage":6.0,"enemies":"Giant Head","floor":92.0,"turns":8.0},{"damage":0.0,"enemies":"Nemesis","floor":94.0,"turns":7.0},{"damage":0,"enemies":"Maw","floor":95,"turns":8},{"damage":14,"enemies":"2 Orb Walkers","floor":96,"turns":6},{"damage":0,"enemies":"Transient","floor":97,"turns":5},{"damage":12,"enemies":"Donu and Deca","floor":99,"turns":8},{"damage":0,"enemies":"2 Louse","floor":101,"turns":2},{"damage":0,"enemies":"Jaw Worm","floor":104,"turns":2},{"damage":0,"enemies":"3 Sentries","floor":107,"turns":4},{"damage":0,"enemies":"Gremlin Nob","floor":109,"turns":2},{"damage":0,"enemies":"Lagavulin","floor":111,"turns":11},{"damage":18,"enemies":"3 Sentries","floor":113,"turns":4},{"damage":0,"enemies":"Small Slimes","floor":114,"turns":2},{"damage":0,"enemies":"Slime Boss","floor":116,"turns":6},{"damage":0,"enemies":"Chosen","floor":118,"turns":4},{"damage":0,"floor":122,"turns":5},{"damage":18,"enemies":"Slavers","floor":124,"turns":4},{"damage":0,"enemies":"Book of Stabbing","floor":126,"turns":4},{"damage":3,"enemies":"Gremlin Leader","floor":128,"turns":4},{"damage":0,"enemies":"Book of Stabbing","floor":130,"turns":4},{"damage":0,"enemies":"Spheric Guardian","floor":131,"turns":2},{"damage":0,"enemies":"Champ","floor":133,"turns":7},{"damage":0,"enemies":"3 Darklings","floor":135,"turns":3},{"damage":35,"enemies":"Flame Bruiser 1 Orb","floor":141,"turns":3},{"damage":0,"enemies":"Transient","floor":142,"turns":5},{"damage":0,"enemies":"Giant Head","floor":143,"turns":6},{"damage":0,"floor":144,"turns":2},{"damage":0,"enemies":"Nemesis","floor":146,"turns":3},{"damage":0,"enemies":"4 Shapes","floor":147,"turns":3},{"damage":0,"enemies":"Time Eater","floor":150,"turns":5}],"seed_played":"-5862081468960082879","potions_obtained":[{"floor":1.0,"key":"GamblersBrew"},{"floor":2.0,"key":"FearPotion"},{"floor":11.0,"key":"SkillPotion"},{"floor":14.0,"key":"Fire Potion"},{"floor":16.0,"key":"SteroidPotion"},{"floor":18.0,"key":"Block Potion"},{"floor":21.0,"key":"GamblersBrew"},{"floor":35.0,"key":"FocusPotion"},{"floor":37.0,"key":"FocusPotion"},{"floor":55.0,"key":"PowerPotion"},{"floor":56.0,"key":"SkillPotion"},{"floor":67.0,"key":"Swift Potion"},{"floor":72.0,"key":"FearPotion"},{"floor":76.0,"key":"SpeedPotion"},{"floor":99,"key":"Strength Potion"},{"floor":101,"key":"Poison Potion"},{"floor":104,"key":"SpeedPotion"},{"floor":107,"key":"PowerPotion"},{"floor":135,"key":"SteroidPotion"}],"is_trial":true,"path_per_floor":["M","M","$","?","$","E","R","M","T","$","E","M","?","M","R","B",null,"M","?","?","M","M","R","M","E","T","M","$","E","?","E","R","B",null,"M","M","?","$","M","E","R","?","T","$","E","R","M","M","R","B",null,"M","$","M","E","M","R","?","?","T","E","M","R","?","$","R","B",null,"M","?","?","M","M","E","R","M","E","$","E","$","M","?","R","B",null,"M","$","?","M","?","R","E","R","E","M","E","M","?","B",null,"M","?","?","M","$","R","E","R","E","$","E","?","E","M","R","B",null,"M","?","?","?","?","R","E","R","E","$","E","?","E","M","R","B",null,"M","?","$","?","$","R","M","M","E","?","?","E","M","?","R","B"],"character_chosen":"DEFECT","items_purchased":["Frozen Egg 2","FTL","Melter","Defragment+1","Prayer Wheel","Defragment+1","Blizzard","Runic Capacitor","Secret Technique+1","DollysMirror","Omamori","Defragment+1","Panacea+1","Bag of Marbles","White Noise+1"],"campfire_rested":0,"item_purchase_floors":[3,3,10,28,38,44,44,53,65,80,105,110,127,137,139],"current_hp_per_floor":[75,75,75,75,75,70,70,70,70,70,70,66,59,59,59,54,75,70,70,70,56,52,67,67,67,67,53,53,49,43,37,55,34,75,72,71,71,71,71,45,66,57,57,57,51,75,75,69,75,74,75,75,75,75,75,75,75,80,80,80,79,80,80,90,90,90,90,90,90,90,90,70,72,69,90,60,62,62,64,64,66,66,90,90,90,59,59,59,55,44,86,90,90,90,90,90,90,90,88,90,90,90,83,85,85,90,90,90,90,90,90,94,78,80,97,97,97,97,81,81,48,48,48,30,48,48,48,45,45,47,48,48,48,48,48,48,48,48,48,48,13,25,47,48,48,48,48,48,48,48,48],"gold":508,"neow_bonus":"","is_prod":false,"is_daily":false,"chose_seed":false,"campfire_upgraded":22,"win_rate":0,"timestamp":1532186676,"path_taken":["M","M","$","?","$","E","R","M","T","$","E","M","?","M","R","BOSS","M","?","?","?","M","R","M","E","T","M","$","E","?","E","R","BOSS","M","M","?","$","?","E","R","?","T","?","E","R","M","M","R","BOSS","M","$","M","?","M","R","?","?","T","E","M","R","?","$","R","BOSS","M","?","?","M","M","E","R","M","E","$","E","$","M","?","R","BOSS","M","$","?","M","?","R","E","R","E","M","E","?","?","BOSS","M","?","?","M","$","R","E","R","E","$","E","?","E","?","R","BOSS","M","?","?","?","?","R","E","R","E","$","E","?","E","M","R","BOSS","M","?","$","?","$","R","M","M","E","?","?","E","M","?","R","BOSS"],"build_version":"2018-07-19v2","purchased_purges":1,"victory":false,"max_hp_per_floor":[75,75,75,75,75,75,75,75,75,75,75,75,75,75,75,75,75,75,75,75,75,75,75,75,75,75,75,75,75,75,75,75,75,75,75,75,75,75,75,75,75,75,75,75,75,75,75,75,75,75,75,75,75,75,75,75,75,80,80,80,80,80,80,90,90,90,90,90,90,90,90,90,90,90,90,90,90,90,90,90,90,90,90,90,90,90,90,90,90,90,90,90,90,90,90,90,90,90,90,90,90,90,90,90,90,90,90,90,90,90,90,97,97,97,97,97,97,97,97,97,48,48,48,48,48,48,48,48,48,48,48,48,48,48,48,48,48,48,48,48,48,48,48,48,48,48,48,48,48,48,48],"card_choices":[{"not_picked":["Stack","Double Energy"],"picked":"FTL","floor":0.0},{"not_picked":["Go for the Eyes","Reprogram"],"picked":"Beam Cell","floor":0.0},{"not_picked":["Beam Cell","Leap"],"picked":"Coolheaded","floor":0.0},{"not_picked":["Reprogram","Undo"],"picked":"Ball Lightning","floor":0.0},{"not_picked":["Recycle","Rebound"],"picked":"Cold Snap","floor":0.0},{"not_picked":["Streamline","Heatsinks"],"picked":"Chill","floor":0.0},{"not_picked":["Ball Lightning","Darkness"],"picked":"Genetic Algorithm","floor":0.0},{"not_picked":["Steam","Gash"],"picked":"Consume","floor":0.0},{"not_picked":["Chaos","Sweeping Beam"],"picked":"Gash","floor":0.0},{"not_picked":["Sweeping Beam","Steam"],"picked":"Leap","floor":0.0},{"not_picked":["Chill","Tempest"],"picked":"Ball Lightning","floor":0.0},{"not_picked":["Hologram","FTL"],"picked":"Rip and Tear","floor":0.0},{"not_picked":["Reinforced Body","Sweeping Beam"],"picked":"Gash","floor":0.0},{"not_picked":["Genetic Algorithm","Compile Driver"],"picked":"FTL","floor":0.0},{"not_picked":["Cold Snap","Beam Cell"],"picked":"Hologram","floor":0.0},{"not_picked":["Sunder","Go for the Eyes"],"picked":"Rip and Tear","floor":1.0},{"not_picked":["Cold Snap","Ball Lightning"],"picked":"Glacier","floor":2.0},{"not_picked":["Fission","Hyperbeam"],"picked":"Seek","floor":6.0},{"not_picked":["Leap","Barrage"],"picked":"Ball Lightning","floor":8.0},{"not_picked":["Rainbow","Biased Cognition+1"],"picked":"Buffer+1","floor":11.0},{"not_picked":["Rip and Tear","Ball Lightning","Force Field"],"picked":"SKIP","floor":12.0},{"not_picked":["Sweeping Beam","Chaos","Coolheaded"],"picked":"SKIP","floor":14.0},{"not_picked":["Buffer+1","Reboot"],"picked":"Core Surge","floor":16.0},{"not_picked":["Coolheaded","Sweeping Beam"],"picked":"Rebound+1","floor":18.0},{"not_picked":["Beam Cell","Coolheaded"],"picked":"Streamline+1","floor":21.0},{"not_picked":["Redo","Biased Cognition+1"],"picked":"BootSequence","floor":22.0},{"not_picked":["Streamline","Stack"],"picked":"Redo","floor":24.0},{"not_picked":["Echo Form+1","Meteor Strike"],"picked":"Electrodynamics+1","floor":25.0},{"not_picked":["Skim","Ball Lightning"],"picked":"FTL","floor":27.0},{"not_picked":["Thunder Strike","All For One","Multi-Cast"],"picked":"SKIP","floor":29.0},{"not_picked":["Machine Learning+1","Creative AI+1","Meteor Strike"],"picked":"Amplify","floor":31.0},{"not_picked":["Buffer+1","Creative AI+1","Biased Cognition+1"],"picked":"Core Surge","floor":33.0},{"not_picked":["Stack+1","Streamline","Capacitor+1"],"picked":"Redo+1","floor":35.0},{"not_picked":["Sunder","Compile Driver+1","BootSequence+1"],"picked":"Buffer+1","floor":36.0},{"not_picked":["Stack+1","Sunder+1","Streamline+1"],"picked":"Beam Cell+1","floor":39.0},{"not_picked":["Cold Snap","Lockon+1","Compile Driver+1"],"picked":"Go for the Eyes+1","floor":39.0},{"not_picked":["Core Surge","Meteor Strike","Multi-Cast+1"],"picked":"Biased Cognition+1","floor":40.0},{"not_picked":["Seek+1","Fission+1","Reboot+1"],"picked":"Echo Form+1","floor":45.0},{"not_picked":["Stack+1","Streamline","Sweeping Beam"],"picked":"Electrodynamics+1","floor":47.0},{"not_picked":["Cold Snap+1","Leap+1","Beam Cell+1"],"picked":"Stack+1","floor":47.0},{"not_picked":["Conserve Battery+1","Leap+1","Compile Driver"],"picked":"Turbo+1","floor":48.0},{"not_picked":["Stack+1","Gash","Sunder"],"picked":"Consume+1","floor":48.0},{"not_picked":["Rainbow+1","All For One","Multi-Cast+1"],"picked":"Thunder Strike","floor":50.0},{"not_picked":["Compile Driver","Barrage"],"picked":"SKIP","floor":52.0},{"not_picked":["Sweeping Beam","Steam+1"],"picked":"SKIP","floor":52.0},{"not_picked":["Turbo+1","Streamline"],"picked":"SKIP","floor":54.0},{"not_picked":["Stack+1","Turbo+1"],"picked":"SKIP","floor":54.0},{"not_picked":["Multi-Cast+1"],"picked":"Machine Learning+1","floor":55.0},{"not_picked":["Melter"],"picked":"FTL","floor":56.0},{"not_picked":["Rip and Tear","Beam Cell"],"picked":"SKIP","floor":56.0},{"not_picked":["Amplify+1"],"picked":"Reboot+1","floor":61.0},{"not_picked":["Sunder","Sweeping Beam"],"picked":"SKIP","floor":62.0},{"not_picked":["Barrage","BootSequence+1"],"picked":"SKIP","floor":62.0},{"not_picked":["Hyperbeam"],"picked":"Buffer+1","floor":67.0},{"not_picked":["Steam+1"],"picked":"Conserve Battery+1","floor":69.0},{"not_picked":["Scrape","Tempest+1"],"picked":"SKIP","floor":69.0},{"not_picked":["Aggregate+1"],"picked":"White Noise+1","floor":72.0},{"not_picked":["Turbo+1"],"picked":"Reprogram+1","floor":72.0},{"not_picked":["Compile Driver"],"picked":"Skim+1","floor":73.0},{"not_picked":["Compile Driver","Scrape"],"picked":"SKIP","floor":73.0},{"not_picked":["Hyperbeam"],"picked":"Buffer+1","floor":74.0},{"not_picked":["Doom and Gloom"],"picked":"Blizzard+1","floor":76.0},{"not_picked":["Streamline","Barrage"],"picked":"SKIP","floor":76.0},{"not_picked":["Multi-Cast+1"],"picked":"Creative AI+1","floor":77.0},{"not_picked":["Electrodynamics+1","All For One"],"picked":"SKIP","floor":79.0},{"not_picked":["Genetic Algorithm+1"],"picked":"Loop+1","floor":81.0},{"not_picked":["Redo+1"],"picked":"Self Repair+1","floor":81.0},{"not_picked":["Meteor Strike"],"picked":"Machine Learning+1","floor":84.0},{"not_picked":["Consume+1"],"picked":"Hologram+1","floor":85.0},{"not_picked":["Stack+1"],"picked":"Go for the Eyes+1","floor":85.0},{"not_picked":["Static Discharge+1"],"picked":"Coolheaded+1","floor":86.0},{"not_picked":["Skim+1","Streamline+1"],"picked":"SKIP","floor":86.0},{"not_picked":["Rip and Tear+1"],"picked":"Go for the Eyes+1","floor":89.0},{"not_picked":["Buffer+1"],"picked":"Turbo+1","floor":89.0},{"not_picked":["All For One"],"picked":"Fission+1","floor":92.0},{"not_picked":["Rainbow+1"],"picked":"Reboot+1","floor":94.0},{"not_picked":["Turbo+1","Stack+1"],"picked":"SKIP","floor":95},{"not_picked":["Sweeping Beam","Barrage"],"picked":"SKIP","floor":95},{"not_picked":["Rainbow+1"],"picked":"Amplify+1","floor":96},{"not_picked":["Compile Driver"],"picked":"Gash","floor":97},{"not_picked":["Steam+1"],"picked":"Ball Lightning+1","floor":97},{"not_picked":["Electrodynamics+1"],"picked":"Reboot+1","floor":99},{"not_picked":["Recycle+1","Rebound"],"picked":"SKIP","floor":101},{"not_picked":["Leap+1","Go for the Eyes"],"picked":"SKIP","floor":101},{"not_picked":["Melter"],"picked":"Scrape","floor":104},{"not_picked":["Steam+1"],"picked":"Go for the Eyes","floor":104},{"not_picked":["Thunder Strike"],"picked":"Core Surge","floor":107},{"not_picked":["Buffer+1"],"picked":"Core Surge","floor":109},{"not_picked":["Machine Learning+1"],"picked":"Reboot+1","floor":111},{"not_picked":["Creative AI+1","Hyperbeam"],"picked":"SKIP","floor":113},{"not_picked":["Steam+1"],"picked":"Coolheaded+1","floor":114},{"not_picked":["Doom and Gloom","Blizzard"],"picked":"SKIP","floor":114},{"not_picked":["Beam Cell"],"picked":"Coolheaded+1","floor":118},{"not_picked":["Rip and Tear+1","Streamline"],"picked":"SKIP","floor":118},{"not_picked":["Conserve Battery+1"],"picked":"Storm+1","floor":122},{"not_picked":["Buffer+1","Biased Cognition+1"],"picked":"SKIP","floor":124},{"not_picked":["Multi-Cast+1","Echo Form+1"],"picked":"SKIP","floor":126},{"not_picked":["Machine Learning+1"],"picked":"Reboot+1","floor":128},{"not_picked":["Biased Cognition+1","Multi-Cast+1"],"picked":"SKIP","floor":130},{"not_picked":["Steam+1"],"picked":"BootSequence+1","floor":131},{"not_picked":["Hologram+1","Barrage"],"picked":"SKIP","floor":131},{"not_picked":["Darkness+1"],"picked":"Storm+1","floor":135},{"not_picked":["Skim+1"],"picked":"Storm+1","floor":135},{"not_picked":["Ball Lightning"],"picked":"Go for the Eyes+1","floor":141},{"not_picked":["Static Discharge+1","Rebound"],"picked":"SKIP","floor":141},{"not_picked":["Steam+1"],"picked":"Aggregate+1","floor":142},{"not_picked":["Gash+1"],"picked":"BootSequence+1","floor":142},{"not_picked":["Core Surge","Hyperbeam"],"picked":"SKIP","floor":143},{"not_picked":["Cold Snap+1"],"picked":"Double Energy+1","floor":144},{"not_picked":["Hyperbeam"],"picked":"Seek+1","floor":146},{"not_picked":["Sweeping Beam+1"],"picked":"Aggregate+1","floor":147},{"not_picked":["Compile Driver","Leap+1"],"picked":"SKIP","floor":147}],"player_experience":218760,"relics_obtained":[{"floor":6.0,"key":"Vajra"},{"floor":9.0,"key":"Tiny Chest"},{"floor":11.0,"key":"Pen Nib"},{"floor":13.0,"key":"Odd Mushroom"},{"floor":25.0,"key":"Letter Opener"},{"floor":26.0,"key":"Bottled Flame"},{"floor":29.0,"key":"Question Card"},{"floor":31.0,"key":"Toxic Egg 2"},{"floor":40.0,"key":"DataDisk"},{"floor":43.0,"key":"Blood Vial"},{"floor":45.0,"key":"War Paint"},{"floor":60.0,"key":"Lantern"},{"floor":117,"key":"Juzu Bracelet"},{"floor":117,"key":"Gremlin Horn"},{"floor":117,"key":"Du-Vu Doll"},{"floor":119,"key":"Nilry\u0027s Codex"},{"floor":122,"key":"Circlet"},{"floor":144,"key":"Bird Faced Urn"}],"event_choices":[{"event_name":"Purifier","player_choice":"One Purge","floor":4.0,"damage_taken":0.0},{"event_name":"Mushrooms","player_choice":"Fought Mushrooms","floor":13.0,"damage_taken":0.0},{"event_name":"The Mausoleum","player_choice":"Yes","floor":19.0,"damage_taken":0.0},{"event_name":"Drug Dealer","player_choice":"Ignored","floor":20.0,"damage_taken":0.0},{"event_name":"Nest","player_choice":"Joined the Cult","floor":30.0,"damage_taken":0.0},{"event_name":"The Lab","player_choice":"Got Potions","floor":37.0,"damage_taken":0.0},{"event_name":"Winding Halls","player_choice":"Embrace Madness","floor":42.0,"damage_taken":0.0},{"event_name":"Big Fish","player_choice":"Donut","floor":58.0,"damage_taken":0.0},{"event_name":"Liars Game","player_choice":"disagreed","floor":59.0,"damage_taken":0.0},{"event_name":"Bonfire Elementals","player_choice":"RARE","floor":64.0,"damage_taken":0.0},{"event_name":"Duplicator","player_choice":"One dupe","floor":70.0,"damage_taken":0.0},{"event_name":"The Mausoleum","player_choice":"Yes","floor":71.0,"damage_taken":0.0},{"event_name":"The Joust","player_choice":"Bet on Murderer","floor":82.0,"damage_taken":0.0},{"event_name":"Tomb of Lord Red Mask","player_choice":"Paid","floor":88.0,"damage_taken":0.0},{"event_name":"Winding Halls","player_choice":"Embrace Madness","floor":90.0,"damage_taken":0.0},{"event_name":"SecretPortal","player_choice":"Took Portal.","floor":98,"damage_taken":0},{"event_name":"Big Fish","player_choice":"Box","floor":102,"damage_taken":0},{"event_name":"Golden Wing","player_choice":"Card Removal","floor":103,"damage_taken":0},{"event_name":"Scrap Ooze","player_choice":"success","floor":112,"damage_taken":3},{"event_name":"Cursed Tome","player_choice":"Obtained Book","floor":119,"damage_taken":0},{"event_name":"Drug Dealer","player_choice":"Got JAXXED","floor":120,"damage_taken":0},{"event_name":"Ghosts","player_choice":"Became a Ghost","floor":121,"damage_taken":0},{"event_name":"Masked Bandits","player_choice":"Fought over 199 gold","floor":122,"damage_taken":0},{"event_name":"The Mausoleum","player_choice":"Yes","floor":129,"damage_taken":0},{"event_name":"Falling","player_choice":"Removed Attack","floor":136,"damage_taken":0},{"event_name":"Accursed Blacksmith","player_choice":"Rummage","floor":138,"damage_taken":0},{"event_name":"MindBloom","player_choice":"Fight","floor":144,"damage_taken":0},{"event_name":"Match and Keep!","player_choice":"1 cards matched","floor":145,"damage_taken":0},{"event_name":"Tomb of Lord Red Mask","player_choice":"Wore Mask","floor":148,"damage_taken":0}],"is_beta":false,"boss_relics":[{"not_picked":["Calling Bell","Tiny House"],"picked":"Eternal Feather"},{"not_picked":["Astrolabe","Velvet Choker"],"picked":"Inserter"},{"not_picked":["Snecko Eye","Cursed Key"],"picked":"Busted Crown"},{"not_picked":["Empty Cage","Lizard Tail"],"picked":"FrozenCore"},{"not_picked":["Calling Bell","Sozu"],"picked":"Orrery"},{"not_picked":["Black Star","Pandora\u0027s Box"],"picked":"Astrolabe"},{"not_picked":["Black Star","Empty Cage"],"picked":"Calling Bell"},{"not_picked":["Velvet Choker","Lizard Tail"],"picked":"Cursed Key"},{"not_picked":["Runic Pyramid","Philosopher\u0027s Stone"],"picked":"White Beast Statue"}],"items_purged_floors":[139],"is_endless":true,"potions_floor_spawned":[1,2,11,14,16,18,21,27,35,45,48,55,56,67,72,76,79,81,86,95,99,101,104,107,114,118,126,130,135,142,146],"ascension_level":0}