{"gold_per_floor":[115,135,135,135,135,135,173,197,224,242,263,30,43,56,56,177,177,192,215,240,258,258],"floor_reached":22,"playtime":1754,"items_purged":["Strike_R"],"score":298,"play_id":"92c661ec-3560-48fe-aeee-23e6de6a0c9e","local_time":"20190430022054","is_ascension_mode":true,"campfire_choices":[{"data":"Bash","floor":6,"key":"SMITH"},{"data":"Demon Form","floor":15,"key":"SMITH"}],"neow_cost":"TEN_PERCENT_HP_LOSS","seed_source_timestamp":47390297592572,"circlet_count":0,"master_deck":["AscendersBane","Strike_R","Strike_R","Defend_R","Defend_R","Defend_R","Defend_R","Bash+1","Pommel Strike","Offering","Pummel","Clothesline","Cleave","Flame Barrier","Pommel Strike","Demon Form+1","Rage","True Grit","Dropkick","Anger","Burning Pact","Immolate","Heavy Blade","Iron Wave","Immolate"],"relics":["Burning Blood","Golden Idol","Anchor","Centennial Puzzle","Mark of Pain"],"potions_floor_usage":[21,22],"damage_taken":[{"damage":6,"enemies":"2 Louse","floor":1,"turns":3},{"damage":8,"enemies":"Jaw Worm","floor":2,"turns":3},{"damage":36,"enemies":"3 Sentries","floor":7,"turns":9},{"damage":3,"enemies":"Small Slimes","floor":8,"turns":3},{"damage":1,"enemies":"Looter","floor":10,"turns":2},{"damage":1,"enemies":"Blue Slaver","floor":11,"turns":3},{"damage":0,"enemies":"3 Louse","floor":13,"turns":3},{"damage":0,"enemies":"Lots of Slimes","floor":14,"turns":3},{"damage":48,"enemies":"The Guardian","floor":16,"turns":8},{"damage":18,"enemies":"Shell Parasite","floor":18,"turns":5},{"damage":2,"enemies":"Chosen","floor":19,"turns":4},{"damage":38,"enemies":"Snake Plant","floor":20,"turns":5},{"damage":18,"enemies":"Centurion and Healer","floor":21,"turns":8},{"damage":10,"enemies":"Snecko","floor":22,"turns":4}],"seed_played":"-2293139130934151505","potions_obtained":[{"floor":7,"key":"SpeedPotion"},{"floor":8,"key":"Poison Potion"},{"floor":13,"key":"LiquidBronze"},{"floor":21,"key":"SpeedPotion"}],"is_trial":false,"path_per_floor":["M","M","?","?","?","R","E","M","T","M","M","$","M","M","R","B",null,"M","M","M","M","M"],"character_chosen":"IRONCLAD","items_purchased":["Rage","True Grit","Dropkick"],"campfire_rested":0,"item_purchase_floors":[12,12,12],"current_hp_per_floor":[72,70,75,56,56,56,26,29,29,34,39,39,45,51,51,9,60,48,52,20,8,0],"gold":258,"neow_bonus":"TRANSFORM_TWO_CARDS","is_prod":false,"is_daily":false,"chose_seed":false,"campfire_upgraded":2,"win_rate":0,"timestamp":1556605254,"path_taken":["M","M","?","?","?","R","E","?","T","M","M","$","M","M","R","BOSS","M","M","M","M","M"],"build_version":"2019-01-23","purchased_purges":1,"victory":false,"max_hp_per_floor":[72,72,77,77,77,77,77,77,77,77,77,77,77,77,77,77,77,77,77,77,77,77],"card_choices":[{"not_picked":["Warcry","Bloodletting"],"picked":"Pummel","floor":1},{"not_picked":["Sword Boomerang","Carnage"],"picked":"Clothesline","floor":2},{"not_picked":["Seeing Red","Wild Strike"],"picked":"Cleave","floor":7},{"not_picked":["Cleave","Blood for Blood"],"picked":"Flame Barrier","floor":8},{"not_picked":["Searing Blow","Cleave"],"picked":"Pommel Strike","floor":10},{"not_picked":["Rupture","Perfected Strike"],"picked":"Demon Form","floor":11},{"not_picked":["Sword Boomerang","Pommel Strike"],"picked":"Anger","floor":13},{"not_picked":["Reckless Charge","Sever Soul"],"picked":"Burning Pact","floor":14},{"not_picked":["Berserk","Limit Break"],"picked":"Immolate","floor":16},{"not_picked":["Reckless Charge","Perfected Strike"],"picked":"Heavy Blade","floor":18},{"not_picked":["Wild Strike","Body Slam+1"],"picked":"Iron Wave","floor":19},{"not_picked":["Blood for Blood+1","Dropkick","Perfected Strike+1"],"picked":"SKIP","floor":20},{"not_picked":["Combust","Carnage"],"picked":"Immolate","floor":21}],"player_experience":344257,"relics_obtained":[{"floor":7,"key":"Anchor"},{"floor":9,"key":"Centennial Puzzle"}],"event_choices":[{"damage_healed":0,"gold_gain":0,"player_choice":"Donut","damage_taken":0,"max_hp_gain":5,"max_hp_loss":0,"event_name":"Big Fish","floor":3,"gold_loss":0},{"damage_healed":0,"gold_gain":0,"player_choice":"Take Damage","damage_taken":19,"relics_obtained":["Golden Idol"],"max_hp_gain":0,"max_hp_loss":0,"event_name":"Golden Idol","floor":4,"gold_loss":0},{"damage_healed":0,"gold_gain":0,"player_choice":"Ignored","damage_taken":0,"max_hp_gain":0,"max_hp_loss":0,"event_name":"Liars Game","floor":5,"gold_loss":0}],"is_beta":false,"boss_relics":[{"not_picked":["Black Star","Eternal Feather"],"picked":"Mark of Pain"}],"items_purged_floors":[12],"is_endless":false,"potions_floor_spawned":[7,8,13,14,16,18,21],"killed_by":"Snecko","ascension_level":11}