{"gold_per_floor":[19,34,34,34,34,67,67,83,83,97,123,48,59,14,14,112,112,128,140,140,140,158,158,190,190,213,241,35,35,51,51,51,147,147,163,163,174,2,14,14,27,27],"floor_reached":42,"playtime":3078,"items_purged":["Strike_B","Defend_B"],"score":567,"play_id":"d531028d-d0e4-4567-b133-56031512623e","local_time":"20190506160201","is_ascension_mode":true,"campfire_choices":[{"floor":7,"key":"REST"},{"data":"Sweeping Beam","floor":15,"key":"SMITH"},{"floor":23,"key":"REST"},{"floor":25,"key":"REST"},{"floor":29,"key":"REST"},{"floor":32,"key":"REST"},{"floor":40,"key":"REST"}],"neow_cost":"NO_GOLD","seed_source_timestamp":271174742332797,"circlet_count":0,"master_deck":["Defend_B","Defend_B","Defend_B","Zap","Dualcast","Bandage Up","Madness+1","Conserve Battery","Chill","Tempest","Coolheaded","FTL","Sweeping Beam+1","Ball Lightning","Machine Learning","FTL","Coolheaded+1","Capacitor","Darkness","Jack Of All Trades","Trip","Go for the Eyes","Machine Learning","Conserve Battery","Panache","Steam","Go for the Eyes","Echo Form","Beam Cell+1","Beam Cell+1","Self Repair","Scrape","Coolheaded+1"],"relics":["Cracked Core","Cables","Lantern","Sundial","Nuclear Battery","Darkstone Periapt","Centennial Puzzle","Bottled Tornado","Shuriken","Inserter"],"potions_floor_usage":[22,24,24,33,39],"damage_taken":[{"damage":0,"enemies":"Small Slimes","floor":1,"turns":3},{"damage":3,"enemies":"2 Louse","floor":2,"turns":3},{"damage":37,"enemies":"3 Sentries","floor":6,"turns":15},{"damage":3,"enemies":"Jaw Worm","floor":8,"turns":3},{"damage":1,"enemies":"Exordium Wildlife","floor":10,"turns":3},{"damage":0,"enemies":"Exordium Thugs","floor":13,"turns":3},{"damage":32,"enemies":"The Guardian","floor":16,"turns":10},{"damage":0,"enemies":"Chosen","floor":18,"turns":4},{"damage":0,"enemies":"Spheric Guardian","floor":19,"turns":3},{"damage":31,"enemies":"Snake Plant","floor":22,"turns":3},{"damage":40,"enemies":"Gremlin Leader","floor":24,"turns":5},{"damage":20,"enemies":"Slavers","floor":27,"turns":5},{"damage":21,"enemies":"Cultist and Chosen","floor":30,"turns":6},{"damage":35,"enemies":"Collector","floor":33,"turns":8},{"damage":7,"enemies":"Orb Walker","floor":35,"turns":4},{"damage":25,"enemies":"3 Darklings","floor":37,"turns":5},{"damage":47,"enemies":"Spire Growth","floor":39,"turns":6},{"damage":43,"enemies":"4 Shapes","floor":41,"turns":7},{"damage":20,"enemies":"Transient","floor":42,"turns":1}],"seed_played":"474360615785810559","potions_obtained":[{"floor":1,"key":"Weak Potion"},{"floor":8,"key":"Ancient Potion"},{"floor":10,"key":"EssenceOfSteel"},{"floor":13,"key":"Poison Potion"},{"floor":16,"key":"Swift Potion"},{"floor":33,"key":"Fruit Juice"},{"floor":37,"key":"Regen Potion"}],"is_trial":false,"path_per_floor":["M","M","?","?","T","E","R","M","T","M","T","$","M","$","R","B",null,"M","M","?","?","M","R","E","R","T","E","$","R","M","?","R","B",null,"M","?","M","$","M","R","M","M"],"character_chosen":"DEFECT","items_purchased":["Ball Lightning","Panache","Steam","Self Repair"],"campfire_rested":6,"item_purchase_floors":[14,28,28,38],"current_hp_per_floor":[68,69,62,62,62,29,51,52,52,55,55,55,59,59,59,31,64,68,72,72,51,20,42,6,28,28,12,12,34,17,17,39,13,63,60,60,39,39,17,41,9,0],"gold":27,"neow_bonus":"RANDOM_COLORLESS_2","is_prod":false,"is_daily":false,"chose_seed":false,"campfire_upgraded":1,"win_rate":0,"timestamp":1557183721,"path_taken":["M","M","?","?","?","E","R","?","T","M","?","?","M","$","R","BOSS","M","M","?","?","?","R","E","R","T","E","$","R","?","?","R","BOSS","M","?","M","$","M","R","M","M"],"build_version":"2019-01-23","purchased_purges":2,"victory":false,"max_hp_per_floor":[75,75,75,75,75,75,75,75,75,75,75,75,75,75,75,75,75,75,75,75,75,75,75,75,75,75,75,75,75,75,75,75,80,80,80,80,80,80,80,80,80,80],"card_choices":[{"not_picked":["Stack","Sweeping Beam"],"picked":"Conserve Battery","floor":1},{"not_picked":["Barrage","Core Surge"],"picked":"Chill","floor":2},{"not_picked":["Hello World","Streamline"],"picked":"Tempest","floor":6},{"not_picked":["Skim","Go for the Eyes"],"picked":"Coolheaded","floor":8},{"not_picked":["Barrage","Ball Lightning"],"picked":"FTL","floor":10},{"not_picked":["Ball Lightning","Static Discharge"],"picked":"Sweeping Beam","floor":13},{"not_picked":["Reboot","Biased Cognition"],"picked":"Machine Learning","floor":16},{"not_picked":["Compile Driver","Reinforced Body"],"picked":"FTL","floor":18},{"not_picked":["Redo","Hologram+1"],"picked":"Coolheaded+1","floor":19},{"not_picked":["Barrage+1","Rebound+1"],"picked":"Go for the Eyes","floor":22},{"not_picked":["Consume","Loop"],"picked":"Machine Learning","floor":24},{"not_picked":["Beam Cell","Recycle"],"picked":"Conserve Battery","floor":27},{"not_picked":["Gash","Redo"],"picked":"Go for the Eyes","floor":30},{"not_picked":["Fission","Creative AI"],"picked":"Echo Form","floor":33},{"not_picked":["FTL","Compile Driver"],"picked":"Beam Cell+1","floor":35},{"not_picked":["Hologram+1","Rebound"],"picked":"Beam Cell+1","floor":37},{"not_picked":["Electrodynamics","Beam Cell+1"],"picked":"Scrape","floor":39},{"not_picked":["Steam+1","Turbo"],"picked":"Coolheaded+1","floor":41}],"player_experience":289056,"relics_obtained":[{"floor":5,"key":"Cables"},{"floor":6,"key":"Lantern"},{"floor":9,"key":"Sundial"},{"floor":24,"key":"Darkstone Periapt"},{"floor":26,"key":"Centennial Puzzle"},{"floor":27,"key":"Bottled Tornado"}],"event_choices":[{"cards_removed":["Strike_B"],"damage_healed":0,"gold_gain":0,"player_choice":"Card Removal","damage_taken":7,"max_hp_gain":0,"max_hp_loss":0,"event_name":"Golden Wing","floor":3,"gold_loss":0},{"damage_healed":0,"gold_gain":0,"player_choice":"Grow","damage_taken":0,"max_hp_gain":0,"max_hp_loss":0,"event_name":"Living Wall","floor":4,"gold_loss":0,"cards_upgraded":["Madness"]},{"damage_healed":0,"gold_gain":0,"cards_transformed":["Strike_B","Strike_B"],"player_choice":"Became Test Subject","damage_taken":0,"max_hp_gain":0,"max_hp_loss":0,"event_name":"Drug Dealer","floor":20,"gold_loss":0,"cards_obtained":["Capacitor","Darkness"]},{"damage_healed":0,"gold_gain":0,"player_choice":"CARD CARD ","damage_taken":21,"max_hp_gain":0,"max_hp_loss":0,"event_name":"Knowing Skull","floor":21,"potions_obtained":[],"gold_loss":0,"cards_obtained":["Jack Of All Trades","Trip"]},{"damage_healed":0,"gold_gain":0,"player_choice":"Opened","damage_taken":0,"relics_obtained":["Shuriken"],"max_hp_gain":0,"max_hp_loss":0,"event_name":"The Mausoleum","floor":31,"gold_loss":0},{"damage_healed":0,"gold_gain":0,"player_choice":"Ignored","damage_taken":0,"max_hp_gain":0,"max_hp_loss":0,"event_name":"Tomb of Lord Red Mask","floor":36,"gold_loss":0}],"is_beta":false,"boss_relics":[{"not_picked":["Lizard Tail","Ectoplasm"],"picked":"Nuclear Battery"},{"not_picked":["Fusion Hammer","Tiny House"],"picked":"Inserter"}],"items_purged_floors":[12,38],"is_endless":false,"potions_floor_spawned":[1,8,10,13,16,19,33,37],"killed_by":"Transient","ascension_level":6}