{"gold_per_floor":[109,109,109,109,109,149,149,165,220,220,238,263,296,267,267,397,397,382,22,45,66,66,66,100,132,144,179,191,203,233,258,270,282],"floor_reached":33,"playtime":1987,"items_purged":["Defend_B"],"score":291,"play_id":"1ab920a8-e0ec-4d5e-a4c6-740f54b07934","local_time":"20190424221416","is_ascension_mode":true,"campfire_choices":[{"floor":7,"key":"REST"},{"floor":10,"key":"REST"},{"floor":15,"key":"REST"},{"data":"The Bomb","floor":23,"key":"SMITH"},{"floor":32,"key":"REST"}],"neow_cost":"NONE","seed_source_timestamp":1012986079246152,"circlet_count":0,"master_deck":["Strike_B","Strike_B","Strike_B","Strike_B","Defend_B","Defend_B","Zap","Dualcast","Melter","Conserve Battery","Capacitor","Echo Form","Defragment","Buffer+1","Barrage+1","The Bomb+1","Conserve Battery","Leap","Undo","Creative AI","Aggregate+1"],"relics":["Cracked Core","Golden Idol","Torii","Vajra","Molten Egg 2","Snecko Eye","MawBank","Blue Candle"],"potions_floor_usage":[6,16,19,24,27,33],"damage_taken":[{"damage":0,"enemies":"Small Slimes","floor":1,"turns":2},{"damage":36,"enemies":"Lagavulin","floor":6,"turns":5},{"damage":1,"enemies":"2 Louse","floor":8,"turns":2},{"damage":6,"enemies":"Jaw Worm","floor":11,"turns":3},{"damage":1,"enemies":"2 Fungi Beasts","floor":12,"turns":3},{"damage":31,"enemies":"Gremlin Nob","floor":13,"turns":5},{"damage":23,"enemies":"The Guardian","floor":16,"turns":11},{"damage":33,"enemies":"2 Thieves","floor":18,"turns":4},{"damage":0,"enemies":"Spheric Guardian","floor":20,"turns":1},{"damage":8,"enemies":"Centurion and Healer","floor":21,"turns":4},{"damage":47,"enemies":"Slavers","floor":24,"turns":6},{"damage":31,"enemies":"3 Cultists","floor":25,"turns":4},{"damage":0,"enemies":"Snecko","floor":27,"turns":5},{"damage":7,"enemies":"Shelled Parasite and Fungi","floor":30,"turns":4},{"damage":26,"enemies":"3 Cultists","floor":31,"turns":6},{"damage":50,"enemies":"Automaton","floor":33,"turns":6}],"seed_played":"7760125929437045456","potions_obtained":[{"floor":1,"key":"FocusPotion"},{"floor":8,"key":"Fire Potion"},{"floor":18,"key":"Dexterity Potion"},{"floor":25,"key":"Swift Potion"},{"floor":31,"key":"Strength Potion"}],"is_trial":false,"path_per_floor":["M","?","?","?","?","E","R","M","T","R","M","M","E","?","R","B",null,"M","$","M","M","?","R","E","M","T","M","?","?","M","M","R","B"],"character_chosen":"DEFECT","items_purchased":["The Bomb","Fruit Juice"],"campfire_rested":4,"item_purchase_floors":[19,19],"current_hp_per_floor":[75,57,57,57,62,26,50,49,49,73,67,66,35,35,59,36,80,47,52,52,44,85,85,38,7,7,7,35,35,28,2,27,0],"gold":282,"neow_bonus":"REMOVE_CARD","is_prod":false,"is_daily":false,"chose_seed":false,"campfire_upgraded":1,"win_rate":0,"timestamp":1556169256,"path_taken":["M","?","?","?","?","E","R","M","T","R","?","M","E","?","R","BOSS","M","$","M","M","?","R","E","M","T","?","?","?","?","M","R","BOSS"],"build_version":"2019-01-23","purchased_purges":1,"victory":false,"max_hp_per_floor":[75,75,75,75,80,80,80,80,80,80,80,80,80,80,80,80,80,80,85,85,85,85,85,85,85,85,85,85,85,85,85,85,85],"card_choices":[{"not_picked":["Steam","Recycle"],"picked":"Blizzard","floor":1},{"not_picked":["Hello World","Tempest"],"picked":"Melter","floor":6},{"not_picked":["Sunder","Rebound"],"picked":"Conserve Battery","floor":8},{"not_picked":["Streamline","Sunder"],"picked":"Capacitor","floor":11},{"not_picked":["Chaos","Recycle"],"picked":"Echo Form","floor":12},{"not_picked":["Beam Cell","Steam"],"picked":"Defragment","floor":13},{"not_picked":["All For One+1","Creative AI"],"picked":"Buffer","floor":16},{"not_picked":["Capacitor","Gash+1"],"picked":"Barrage+1","floor":18},{"not_picked":["FTL+1","Barrage+1"],"picked":"Conserve Battery","floor":20},{"not_picked":["Ball Lightning+1","Streamline+1"],"picked":"Leap","floor":21},{"not_picked":["Sweeping Beam+1","Hello World"],"picked":"Undo","floor":24},{"not_picked":["Go for the Eyes+1","Doom and Gloom+1"],"picked":"Creative AI","floor":25},{"not_picked":["FTL+1","Go for the Eyes+1","Redo"],"picked":"SKIP","floor":27},{"not_picked":["Steam Power+1","Capacitor","Rebound+1"],"picked":"SKIP","floor":30},{"not_picked":["Melter+1","Lockon+1"],"picked":"Aggregate+1","floor":31}],"player_experience":96639,"relics_obtained":[{"floor":6,"key":"Torii"},{"floor":9,"key":"Vajra"},{"floor":13,"key":"Molten Egg 2"},{"floor":24,"key":"MawBank"},{"floor":26,"key":"Blue Candle"}],"event_choices":[{"damage_healed":0,"gold_gain":0,"player_choice":"Take Damage","damage_taken":18,"relics_obtained":["Golden Idol"],"max_hp_gain":0,"max_hp_loss":0,"event_name":"Golden Idol","floor":2,"gold_loss":0},{"damage_healed":0,"gold_gain":0,"player_choice":"Grow","damage_taken":0,"max_hp_gain":0,"max_hp_loss":0,"event_name":"Living Wall","floor":3,"gold_loss":0,"cards_upgraded":["Blizzard"]},{"damage_healed":0,"gold_gain":0,"player_choice":"Ignored","damage_taken":0,"max_hp_gain":0,"max_hp_loss":0,"event_name":"Liars Game","floor":4,"gold_loss":0},{"damage_healed":0,"gold_gain":0,"player_choice":"Donut","damage_taken":0,"max_hp_gain":5,"max_hp_loss":0,"event_name":"Big Fish","floor":5,"gold_loss":0},{"damage_healed":0,"gold_gain":0,"player_choice":"Left Gold","damage_taken":0,"max_hp_gain":0,"max_hp_loss":0,"event_name":"World of Goop","floor":14,"gold_loss":29},{"cards_removed":["Blizzard"],"damage_healed":41,"gold_gain":0,"player_choice":"Offered Uncommon","damage_taken":0,"max_hp_gain":0,"max_hp_loss":0,"event_name":"Bonfire Elementals","floor":22,"gold_loss":0},{"damage_healed":28,"gold_gain":0,"player_choice":"Heal","damage_taken":0,"max_hp_gain":0,"max_hp_loss":0,"event_name":"The Library","floor":28,"gold_loss":0},{"damage_healed":0,"gold_gain":0,"player_choice":"Forge","damage_taken":0,"max_hp_gain":0,"max_hp_loss":0,"event_name":"Accursed Blacksmith","floor":29,"gold_loss":0,"cards_upgraded":["Buffer"]}],"is_beta":false,"boss_relics":[{"not_picked":["Velvet Choker","Inserter"],"picked":"Snecko Eye"}],"items_purged_floors":[19],"is_endless":false,"potions_floor_spawned":[1,8,18,25,31],"killed_by":"Automaton","ascension_level":1}