{"gold_per_floor":[114,114,124,135,151,151,178,195,195,223,223,223,238,254,254,254],"floor_reached":16,"playtime":2661,"items_purged":[],"score":177,"play_id":"8162b307-0af3-411c-97f0-be72316c1bdf","local_time":"20190509005614","is_ascension_mode":true,"campfire_choices":[{"data":"Crippling Poison","floor":6,"key":"SMITH"},{"floor":11,"key":"REST"},{"data":"All Out Attack","floor":15,"key":"SMITH"}],"neow_cost":"NONE","seed_source_timestamp":819003192480217,"circlet_count":0,"master_deck":["AscendersBane","Defend_G","Defend_G","Defend_G","Defend_G","Defend_G","Strike_G","Strike_G","Strike_G","Strike_G","Survivor","Neutralize","Crippling Poison+1","Deadly Poison","All Out Attack+1","Heel Hook","Dash","Dodge and Roll","Outmaneuver","Riddle With Holes","Burst","Backflip"],"relics":["Black Star","Turnip","Pear","Mummified Hand","Pantograph","Potion Belt"],"potions_floor_usage":[10,10,16,16,16],"damage_taken":[{"damage":0,"enemies":"2 Louse","floor":1,"turns":3},{"damage":4,"enemies":"Cultist","floor":3,"turns":6},{"damage":4,"enemies":"Small Slimes","floor":4,"turns":3},{"damage":15,"enemies":"Gremlin Gang","floor":5,"turns":7},{"damage":24,"enemies":"3 Sentries","floor":7,"turns":9},{"damage":8,"enemies":"3 Louse","floor":8,"turns":2},{"damage":10,"enemies":"Gremlin Nob","floor":10,"turns":4},{"damage":2,"enemies":"Looter","floor":13,"turns":3},{"damage":6,"enemies":"2 Fungi Beasts","floor":14,"turns":3},{"damage":75,"enemies":"Slime Boss","floor":16,"turns":13}],"seed_played":"-8058992439939950508","potions_obtained":[{"floor":1,"key":"GamblersBrew"},{"floor":7,"key":"Fire Potion"},{"floor":10,"key":"GamblersBrew"},{"floor":13,"key":"SkillPotion"},{"floor":14,"key":"Regen Potion"}],"is_trial":false,"path_per_floor":["M","?","M","M","M","R","E","M","T","E","R","?","M","M","R","B"],"character_chosen":"THE_SILENT","items_purchased":[],"campfire_rested":1,"item_purchase_floors":[],"current_hp_per_floor":[63,70,66,62,47,47,33,25,25,15,39,39,37,31,31,0],"gold":254,"neow_bonus":"BOSS_RELIC","is_prod":false,"is_daily":false,"chose_seed":false,"campfire_upgraded":2,"win_rate":0,"timestamp":1557377774,"path_taken":["M","?","M","M","?","R","E","M","T","E","R","?","M","?","R","BOSS"],"build_version":"2019-01-23","purchased_purges":0,"victory":false,"max_hp_per_floor":[70,70,70,70,70,70,80,80,80,80,80,80,80,80,80,80],"card_choices":[{"not_picked":["Heel Hook","Quick Slash"],"picked":"Crippling Poison","floor":1},{"not_picked":["Flying Knee","Blur"],"picked":"Deadly Poison","floor":3},{"not_picked":["Underhanded Strike","Accuracy"],"picked":"All Out Attack","floor":4},{"not_picked":["Deflect","Slice"],"picked":"Heel Hook","floor":5},{"not_picked":["Acrobatics","Choke"],"picked":"Dash","floor":7},{"not_picked":["Prepared","Dagger Throw"],"picked":"Dodge and Roll","floor":8},{"not_picked":["Dagger Throw","Prepared"],"picked":"Outmaneuver","floor":10},{"not_picked":["Masterful Stab","Outmaneuver"],"picked":"Burst","floor":13},{"not_picked":["Terror","Cloak And Dagger"],"picked":"Backflip","floor":14}],"player_experience":354580,"relics_obtained":[{"floor":7,"key":"Turnip"},{"floor":7,"key":"Pear"},{"floor":9,"key":"Mummified Hand"},{"floor":10,"key":"Pantograph"},{"floor":10,"key":"Potion Belt"}],"event_choices":[{"damage_healed":7,"gold_gain":0,"player_choice":"Full Heal","damage_taken":0,"max_hp_gain":0,"max_hp_loss":0,"event_name":"Wheel of Change","floor":2,"gold_loss":0},{"damage_healed":0,"gold_gain":0,"cards_transformed":["Strike_G"],"player_choice":"Transformed","damage_taken":0,"max_hp_gain":0,"max_hp_loss":0,"event_name":"Transmorgrifier","floor":12,"gold_loss":0,"cards_obtained":["Riddle With Holes"]}],"is_beta":false,"boss_relics":[],"items_purged_floors":[],"is_endless":false,"potions_floor_spawned":[1,7,10,13,14],"killed_by":"Slime Boss","ascension_level":11}