{"gold_per_floor":[119,134,59,74,74,100,112,76,100,158,158],"floor_reached":11,"playtime":318,"items_purged":["Defend_G"],"score":73,"play_id":"6e491dba-f78a-40e9-821b-be1183ebc735","local_time":"20190602211252","is_ascension_mode":false,"campfire_choices":[],"neow_cost":"NONE","seed_source_timestamp":94425181622113,"circlet_count":0,"master_deck":["Defend_G","Defend_G","Defend_G","Defend_G","Strike_G","Strike_G","Strike_G","Strike_G","Strike_G","Survivor","Neutralize+1","Deflect","Sucker Punch","Die Die Die","Distraction","Noxious Fumes","Slice"],"special_seed":0,"relics":["Ring of the Snake","NeowsBlessing","Regal Pillow","Blood Vial","Juzu Bracelet","Golden Idol"],"potions_floor_usage":[10],"damage_taken":[{"damage":0.0,"enemies":"Jaw Worm","floor":1.0,"turns":1.0},{"damage":0,"enemies":"Cultist","floor":2,"turns":1},{"damage":0,"enemies":"Small Slimes","floor":4,"turns":1},{"damage":36,"enemies":"Lagavulin","floor":6,"turns":10},{"damage":1,"enemies":"2 Fungi Beasts","floor":7,"turns":3},{"damage":18,"enemies":"Gremlin Nob","floor":10,"turns":5}],"seed_played":"3820781643877063233","potions_obtained":[{"floor":2,"key":"Weak Potion"},{"floor":6,"key":"Strength Potion"},{"floor":10,"key":"Energy Potion"}],"is_trial":false,"path_per_floor":["M","M","$","M","?","E","M","$","T","?","?"],"character_chosen":"THE_SILENT","items_purchased":["Noxious Fumes"],"campfire_rested":0,"item_purchase_floors":[8],"current_hp_per_floor":[70,70,70,70,70,34,33,33,33,17,0],"gold":158,"neow_bonus":"THREE_ENEMY_KILL","is_prod":false,"is_daily":false,"chose_seed":false,"campfire_upgraded":0,"win_rate":0,"timestamp":1559502772,"path_taken":["M","M","$","M","?","E","M","?","T","?","?"],"build_version":"2019-01-23","purchased_purges":1,"victory":false,"max_hp_per_floor":[70,70,70,70,70,70,70,70,70,70,70],"card_choices":[{"not_picked":["Flying Knee","Prepared"],"picked":"Deflect","floor":1},{"not_picked":["Dodge and Roll","Deflect"],"picked":"Sucker Punch","floor":2},{"not_picked":["Eviscerate","Bane","Acrobatics"],"picked":"SKIP","floor":4},{"not_picked":["Dodge and Roll","Calculated Gamble"],"picked":"Die Die Die","floor":6},{"not_picked":["Deadly Poison","PiercingWail"],"picked":"Distraction","floor":7},{"not_picked":["PiercingWail","Sucker Punch"],"picked":"Slice","floor":10}],"player_experience":274048,"relics_obtained":[{"floor":6,"key":"Regal Pillow"},{"floor":9,"key":"Blood Vial"},{"floor":10,"key":"Juzu Bracelet"}],"event_choices":[{"damage_healed":0,"gold_gain":0,"player_choice":"Forge","damage_taken":0,"max_hp_gain":0,"max_hp_loss":0,"event_name":"Accursed Blacksmith","floor":5,"gold_loss":0,"cards_upgraded":["Neutralize"]},{"damage_healed":0,"gold_gain":0,"player_choice":"Searched \u00272\u0027 times","damage_taken":0,"max_hp_gain":0,"max_hp_loss":0,"event_name":"Dead Adventurer","floor":10,"gold_loss":0}],"is_beta":false,"boss_relics":[],"items_purged_floors":[3],"is_endless":false,"potions_floor_spawned":[2,6,10],"ascension_level":0}